2033 3395
93 170 216 221 1264]
441 171 513 212 TO
542 169 826 210 NIOHOLAS
858 169 929 209 OF
956 167 1331 209 WATTENWVL
1638 163 1690 202 29

94 289 156 320 312
173 292 182 318 ;
213 281 283 313 and
301 282 407 313 ADB.
429 281 487 313 xli.
507 290 581 320 249.
624 280 655 312 A
673 280 738 312 few
754 280 876 312 letters
893 280 1033 311 written
1050 282 1089 310 to
1106 278 1192 317 him,
1214 286 1376 318 1523—47‚
1395 276 1444 318 by
1461 275 1603 315 Zwingli
1621 274 1691 306 and

93 323 222 363 others,
245 335 304 357 are
326 324 463 366 printed
487 323 535 365 by
557 324 599 355 R.
625 323 792 356 Riietschi
816 324 852 355 in
876 322 986 355 Theol.
1012 322 1154 354 Studien
1178 333 1210 353 u.
1236 321 1406 359 Kritiken,
1431 319 1540 351 xxxvi
1564 319 1691 357 (1863),

95 369 254 408 535—64-]

268 463 484 493 ERASMVS
512 462 867 492 ROTERODAMVS
895 461 1104 492 NICOLAO
1132 458 1516 497 VVATTENVVILO,

526 531 821 562 PRAEPOSITO
855 529 1115 570 BERNENSI,
1150 529 1185 559 S.
1210 530 1255 559 D.

147 592 234 631 VIR
265 592 543 639 ornatissime,
577 605 629 632 ex
661 591 889 643 degustata
921 591 1039 630 breui
1072 589 1280 640 colloquio
1313 594 1390 628 tua
1422 586 1692 627 humanitate

93 647 246 685 mirum
272 646 489 697 quoddam
514 647 580 685 tui
605 646 858 686 desiderium
883 659 950 685 me
977 646 1090 696 cepit
1113 648 1213 696 post
1237 644 1403 682 abitum
1428 642 1526 681 hinc
1551 645 1690 685 tuum,

92 699 197 739 adeo
221 704 271 739 vt
292 701 336 739 in
360 700 501 740 animo
523 700 653 740 fuerit
674 700 859 740 Bernam
882 701 1029 747 Visere,
1054 712 1139 750 quo
1163 698 1323 737 diutius
1347 701 1391 736 et
1413 696 1586 747 propius
1609 694 1692 733 frui

90 754 234 794 liceret
269 759 346 794 tua
381 755 632 794 suauissima
667 754 985 794 consuetudine.
1043 753 1102 793 Et
1138 753 1374 803 contigerat
1408 749 1691 801 lepidissimus

90 809 185 848 viae
213 809 279 848 vel
308 809 395 848 dux
423 809 490 849 Vel
518 823 656 849 eomes
684 823 760 861 pro
788 809 981 849 vehiculo
1008 808 1179 847 futurus
1207 807 1415 846 Henricus
1444 804 1689 849 Glareanus,
1712 815 1729 850 5

90 863 265 902 tandem
296 863 431 911 nobis,
462 863 508 902 id
538 864 654 915 quod
685 863 861 915 gaudeo,
894 862 1086 903 redditus
1117 876 1139 902 e
1171 861 1328 901 Galliis.
1388 859 1470 899 Sed
1500 857 1691 897 nondum

88 917 244 956 licebat
273 918 418 958 abesse
447 918 502 957 ab
531 918 610 958 hoc
639 919 847 969 pistrino;
893 922 949 965 et,
980 918 1015 956 si
1043 916 1227 956 maxime
1255 915 1454 960 licuisset,
1484 926 1571 951 non
1600 916 1692 951 erat

90 976 235 1011 tutum
256 985 323 1011 me
344 973 609 1012 committere
629 973 782 1019 itineri,
806 972 940 1012 donec
959 975 1110 1023 tepent
1129 971 1409 1022 hypocausta,
1433 967 1488 1007 ad
1509 979 1690 1018 quorum

91 1026 156 1065 vel
179 1026 316 1066 leuem
340 1026 512 1066 odorem
535 1027 683 1066 statim
705 1027 871 1066 relabor
892 1028 937 1065 in
960 1026 1170 1066 morbum.

144 1080 367 1120 Aduentus
388 1080 585 1121 Glareani
605 1082 739 1121 nostri
758 1085 931 1121 tantum
953 1081 1186 1120 alacritatis
1205 1079 1327 1118 nobis
1348 1077 1497 1117 attulit
1517 1080 1567 1114 vt
1587 1075 1690 1114 mihi
1712 1087 1753 1111 10

91 1134 237 1174 videar
266 1136 479 1175 reuixisse.
537 1135 631 1175 Hoc
661 1136 831 1175 nomine
863 1136 967 1174 mihi
997 1134 1198 1174 videntur
1228 1133 1384 1172 habere
1415 1145 1486 1171 cor
1517 1130 1688 1175 Eluetii,

90 1189 205 1239 quod
239 1189 352 1229 hune
386 1190 525 1229 Virum
559 1190 896 1242 magnifaciunt:
947 1203 1047 1228 nam
1081 1202 1190 1228 Vnus
1225 1188 1384 1239 optime
1419 1189 1604 1225 meretur
1637 1184 1690 1223 de

88 1244 313 1283 iuuentute
335 1257 436 1284 suae
457 1245 607 1296 gentiS,
632 1245 793 1284 semina
815 1245 951 1284 bonae
973 1244 1128 1284 mentis
1150 1247 1194 1282 et
1215 1242 1418 1281 honestae
1441 1239 1690 1280 eruditionis

88 1297 244 1336 iaciens
265 1298 381 1349 apud
402 1312 511 1345 suos,
536 1299 635 1338 olim
656 1300 699 1338 in
720 1299 1007 1338 felicissimum
1029 1301 1285 1349 prouentum
1308 1299 1523 1346 eruptura.

145 1352 317 1390 Mittam
333 1352 388 1391 ad
404 1357 447 1391 te
463 1353 761 1404 Paraphrasim
777 1354 821 1391 in
842 1353 1126 1399 Matthaeum,
1144 1352 1177 1389 si
1200 1351 1327 1389 modo
1349 1350 1478 1388 fuerit
1500 1347 1687 1399 perfecta
1711 1360 1747 1392 15

89 1409 188 1445 ante
221 1407 387 1446 abitum
420 1407 629 1446 Glareani.
688 1407 769 1447 Vbi
802 1407 1042 1446 refrixerint
1072 1406 1352 1457 hypocausta,
1385 1403 1530 1442 licebit
1561 1403 1689 1440 istam

90 1460 236 1499 vrbem
277 1461 410 1500 visere
431 1475 438 1500 :
494 1462 664 1501 interim
705 1463 866 1500 mutuis
905 1461 1093 1512 epistolis
1133 1458 1515 1499 confabulabimur.
1573 1456 1690 1495 Bene

89 1514 196 1554 vale.
254 1515 445 1556 Basileae
465 1516 586 1555 nonis
607 1516 763 1556 Martii.
786 1516 910 1555 Anno
930 1527 978 1555 M.
994 1527 1037 1554 D.
1052 1526 1166 1554 XXII.

297 1636 567 1705 ¹²5¹³12651263
627 1645 769 1688 FROM
811 1645 1092 1688 VVILLIBALD
1127 1644 1488 1686 P1RCKHEIMER.

139 1729 368 1774 Nuremberg
384 1729 460 1765 MS.
480 1730 551 1766 PP.
573 1741 614 1775 32
620 1741 652 1775 3.
1294 1728 1584 1775 <Nuremberg>

1239 1787 1390 1834 <March
1409 1788 1490 1821 init.
1515 1786 1640 1831 1522.)

134 1857 204 1897 [An
229 1857 426 1899 autograph
451 1858 673 1899 rough-draft
699 1869 827 1901 among
851 1857 1116 1891 Pirckheimer’s
1142 1868 1267 1899 papers
1292 1860 1330 1888 at
1356 1856 1595 1897 Nuremberg:
1635 1865 1691 1886 sec

88 1900 153 1942 Ep.
173 1910 234 1940 322
251 1901 378 1934 introd.
416 1900 453 1933 It
474 1901 597 1933 breaks
619 1902 666 1934 off
681 1903 716 1934 in
731 1903 791 1934 the
813 1902 942 1934 middle
964 1903 1000 1933 of
1020 1912 1040 1933 a
1061 1912 1171 1943 page:
1200 1911 1238 1933 so
1259 1901 1339 1932 that
1363 1901 1408 1931 its
1423 1899 1646 1931 curtailment
1662 1899 1690 1929 is

91 1947 154 1976 not
170 1944 238 1977 due
253 1948 291 1976 to
306 1944 367 1976 the
382 1945 451 1976 loss
467 1946 504 1977 of
519 1956 539 1977 a
555 1945 663 1978 sheet.
714 1946 780 1977 For
796 1945 947 1987 possible
963 1945 1154 1977 indication
1174 1945 1209 1976 of
1225 1944 1308 1976 date
1324 1954 1379 1975 see
1395 1943 1460 1984 Ep.
1482 1946 1574 1985 1263.
1597 1943 1691 1982 181i.]

144 2020 185 2060 S.
242 2020 341 2060 Non
360 2033 494 2071 paruo
515 2021 670 2068 dolore,
702 2021 877 2061 Erasme
897 2021 1274 2072 praestantissime,
1296 2033 1363 2059 me
1392 2023 1493 2058 tuae
1513 2018 1688 2058 affecere

88 2074 270 2121 litterae,
305 2076 508 2126 quoniam
546 2079 589 2114 te
627 2075 828 2115 aduerssa
864 2075 1101 2115 valitudine
1137 2075 1330 2114 laborare
1368 2073 1688 2125 significarunt3

89 2129 297 2180 siquidem
325 2142 411 2167 non
438 2129 574 2168 solum
602 2130 724 2169 nobis
751 2130 966 2177 Erasmus,
996 2143 1093 2170 cum
1121 2133 1300 2181 egrotat,
1328 2129 1515 2180 languet,
1545 2127 1619 2167 sed
1646 2132 1692 2167 et

89 2184 250 2234 optime
282 2196 379 2222 curn
410 2183 480 2222 illo
512 2184 807 2235 periclitantur
836 2184 1018 2224 litterae.
1076 2185 1233 2224 Verum
1266 2187 1421 2223 cuncta
1452 2183 1544 2222 Deo
1576 2195 1688 2222 com-

90 2238 259 2277 mittere
298 2237 432 2284 decet,
473 2239 547 2289 qui
586 2252 635 2278 ea
674 2238 906 2279 secundum
946 2239 1275 2278 misericordiam
1315 2251 1436 2277 suam
1476 2236 1686 2288 disponet.
1707 2248 1724 2282 5

88 2292 262 2343 Affiigor
286 2296 330 2331 et
354 2305 429 2343 ego
454 2292 687 2333 identidem
712 2294 860 2333 morbo
886 2293 1114 2340 articulari,
1139 2294 1202 2332 ita
1227 2297 1277 2332 vt
1300 2292 1432 2332 ferme
1455 2304 1621 2342 semper
1645 2291 1689 2330 in

88 2346 257 2397 publico
282 2347 473 2397 equitare
499 2361 636 2399 cogar.
694 2348 951 2387 Benedictus
977 2348 1198 2395 Dominus,
1226 2348 1299 2398 qui
1325 2351 1368 2386 et
1393 2347 1493 2385 boni
1519 2351 1563 2385 et
1588 2345 1689 2384 mali

86 2401 169 2439 diei
190 2400 328 2440 factor
348 2405 426 2440 est.

143 2455 265 2502 Quod
301 2455 515 2505 sophistae
550 2456 629 2495 tibi
664 2457 774 2496 male
809 2457 955 2496 velint.
992 2457 1050 2495 nil
1085 2457 1187 2495 noui
1221 2456 1450 2495 nunccias:
1501 2454 1575 2493 sed
1611 2467 1687 2492 nec

87 2510 329 2561 ignoramus
357 2510 511 2560 probos
540 2524 610 2549 eos
640 2511 751 2549 viros
780 2512 910 2550 etiam
940 2511 1055 2562 apud
1084 2511 1304 2551 Caesarem
1333 2515 1378 2549 et
1405 2509 1615 2560 principes
1644 2512 1688 2547 te
1711 2520 1749 2542 10

87 2563 308 2603 traducere
344 2568 552 2615 tanquam
589 2564 823 2605 Lutherani
858 2566 1070 2604 tumultus
1108 2566 1344 2611 authorem,
1383 2576 1479 2603 cum
1516 2563 1685 2601 interim

89 2631 114 2656 a
153 2617 407 2657 Lutheranis
444 2618 569 2669 plane
608 2624 828 2670 suspectus
867 2620 1073 2659 habearis.
1131 2620 1246 2659 Noui
1283 2631 1413 2669 quam
1451 2617 1511 2655 illi
1549 2629 1685 2667 repre-

87 2671 279 2711 hendant
300 2672 415 2723 quod
436 2672 614 2712 liberum
638 2678 804 2713 astruas
826 2675 1062 2721 arbitrium,
1086 2678 1130 2713 et
1151 2674 1195 2712 ni
1217 2673 1341 2712 amici
1363 2672 1428 2711 tui
1449 2670 1686 2723 prohibuis-

87 2730 194 2773 sent,
217 2727 301 2765 iam
323 2726 485 2777 pridem
506 2727 673 2766 illorum
696 2733 844 2767 contra
864 2733 907 2767 te
929 2729 1086 2779 scripta
1106 2728 1273 2779 legisses
1293 2741 1302 2773 3
1340 2726 1565 2777 praecipue
1586 2738 1686 2764 vero

88 2780 385 2831 Paraphrasim
406 2785 526 2820 tuam
549 2783 687 2832 capite
709 2793 733 2833 9
755 2782 809 2820 ad
830 2783 1047 2821 Romanos
1068 2786 1263 2834 carpunt,
1285 2781 1358 2820 vbi
1379 2785 1422 2820 tc
1442 2793 1528 2819 non
1549 2779 1685 2819 solum
1708 2790 1744 2824 15

89 2834 210 2874 Pauli
251 2835 382 2874 verba
421 2839 466 2874 et
506 2841 692 2875 mentem
734 2836 806 2875 sed
847 2841 892 2876 et
931 2837 1125 2887 exempla
1165 2835 1423 2875 lucidissima
1463 2834 1684 2873 inuertisse

133 2922 230 2954 1264.
263 2930 290 2962 5.
317 2923 447 2962 comes]
464 2923 513 2955 Cf.
532 2921 660 2955 Publii.
678 2922 715 2955 O.
739 2933 786 2964 17.
917 2927 1036 2956 return
1065 2923 1135 2955 and
1164 2924 1217 2955 his
1246 2924 1420 2955 intention
1449 2922 1485 2954 of
1514 2923 1617 2963 going
1645 2926 1683 2953 to

130 2966 161 2998 6.
187 2965 343 2998 redditus
367 2977 386 2998 e
409 2966 546 3006 Galliis]
570 2966 713 3007 Shortly
732 2966 848 2998 before
917 2967 1029 2999 Bernc
1047 2968 1127 3006 (Zw.
1147 2967 1199 2999 Ess.
1224 2969 1309 3004 108).

88 3020 109 3049 4
144 3009 262 3042 March
302 3018 407 3050 1522:
456 3010 556 3042 when
591 3009 634 3041 he
670 3013 776 3041 wrote
811 3014 849 3041 to
963 3019 993 3047 Q.
1021 3011 1196 3050 morbum]
1213 3011 1262 3043 Cf.
1280 3011 1345 3051 Ep.
1368 3012 1460 3049 1248.
1483 3018 1556 3041 Ion.

91 3053 232 3094 Zwingli
264 3053 354 3086 from
391 3053 506 3093 Basle,
540 3055 762 3095 announcing
797 3053 850 3086 his
966 3062 1016 3094 15.
1043 3054 1305 3096 Paraphrasim]
1320 3055 1382 3087 See
1399 3053 1463 3095 Ep.
1486 3062 1520 3084 12
1528 3062 1542 3093 5
1550 3062 1577 3093 5.
