2012 3370
160 112 282 162 1526]
505 111 578 151 TO
608 110 773 150 DUKE
804 109 1037 149 GEORGE
1069 109 1141 148 OF
1169 108 1405 149 SAXONY
1677 108 1755 147 603

155 220 279 271 typis
295 219 526 266 excudisse,
549 219 702 258 litteris
723 218 784 257 illi
806 218 1107 264 denunciarim,
1132 216 1222 256 fieri
1243 230 1329 256 non
1350 230 1473 268 posse
1495 220 1546 255 vt
1567 217 1758 255 amicicia

157 287 251 313 mea
272 278 475 320 vteretur,
494 274 529 312 si
543 273 700 312 talibus
716 271 866 311 libellis
883 272 1172 311 contaminare
1187 275 1379 323 pergeret
1395 283 1515 310 sua-m
1531 270 1757 310 officinam.

158 327 245 367 Nec
271 328 336 367 his
362 331 588 367 contentus
614 327 748 365 adieci
775 326 1016 365 coronidem
1040 326 1182 365 libello
1208 325 1535 377 Colloquiorum‚
1563 325 1636 376 qui
1662 329 1756 364 tum

155 382 266 421 forte
303 382 482 422 Louanii
516 380 820 427 excudebatur,
857 381 902 419 in
937 393 1023 431 qua
1059 379 1169 419 clare
1205 379 1460 418 testificatus
1496 392 1590 418 sum
1627 391 1694 417 me
1731 391 1756 416 a

156 436 370 475 Luterano
396 435 536 475 federe
561 448 650 474 esse
675 433 991 473 alienissimum.
1046 433 1225 473 Interim
1250 438 1294 472 et
1320 434 1538 480 Luterum,
1566 432 1756 484 quando·
1774 448 1816 478 40

156 490 329 541 quidem
363 491 477 541 prior
513 489 569 528 ad
604 501 671 528 me
707 489 945 539 scripserat,
984 488 1094 526 clam
1129 488 1333 527 admonui
1369 492 1419 526 vt
1453 500 1543 526 rem
1579 499 1756 538 syncero

154 548 318 596 gereret
349 544 504 589 animo,
539 556 672 594 eaque
705 543 995 581 moderatione
1028 554 1111 592 que
1143 541 1311 581 deceret
1344 541 1566 593 Euangelii
1597 540 1754 592 profes·

155 611 304 638 sorem.
362 597 450 636 Nec
479 597 639 637 Cesan's
668 597 835 634 animus
864 596 1003 634 adhuc
1032 595 1290 635 abhorrebat
1318 608 1344 634 a
1373 595 1518 635 Luteri
1547 595 1754 634 doctrina.

155 651 343 691 Tantum
372 651 568 691 monachi
599 651 774 702 quidam
804 654 848 689 et
878 650 1154 689 commissarii
1183 649 1542 696 vociferabantur,
1574 661 1755 701 quorum

155 706 325 758 questui
360 705 587 744 videbatur
621 704 783 755 aliquid
817 704 1031 743 decedere.
1095 703 1261 743 Horum
1296 705 1463 742 vesanis
1498 703 1756 743 tumultibus
1774 719 1812 749 4:

154 761 423 811 potissimum
459 758 659 798 effectum
695 762 759 798 est
796 762 846 797 vt
880 771 933 797 ex
969 770 1104 809 parua
1139 757 1323 797 scintilla
1358 762 1531 797 tantum
1567 761 1755 808 surgeret

153 814 410 854 incendium.

209 867 302 916 Quo
340 868 474 919 magis
506 867 762 906 reuoca-bam
796 866 1002 906 Luterum
1036 866 1092 904 ad
1129 866 1416 905 moderatiora
1449 865 1636 912 consilia,
1672 865 1752 918 hoc

152 921 222 961 ille
250 922 442 961 seuiebat
470 922 621 960 acrius.
672 921 836 960 Rursus
858 921 962 959 dum
988 920 1201 959 diuersam
1223 924 1391 971 partem
1413 920 1565 959 studeo
1588 932 1753 971 compe-

154 989 280 1024 scere,
317 976 397 1015 hoc
432 975 559 1015 retuli
594 976 769 1027 gratiae,
808 979 858 1014 vt
892 975 1141 1014 iactitarent
1170 988 1237 1013 me
1267 975 1422 1014 sentire
1452 987 1549 1013 cum
1580 973 1753 1013 Lutero.
1774 989 1816 1022 50

153 1030 290 1078 Dices,
322 1043 432 1082 quur
459 1043 546 1069 non
574 1029 776 1082 prodibas
804 1030 849 1068 in
878 1030 1024 1076 aciem,
1056 1033 1338 1080 posteaquam
1366 1030 1453 1067 iam
1481 1028 1756 1067 incruduerat

154 1084 350 1124 malum?
417 1083 644 1123 Habebam
681 1084 790 1122 hanc
829 1083 881 1122 de
919 1084 1081 1135 meipso
1119 1084 1374 1135 opinionem,
1414 1083 1627 1122 neminem
1665 1095 1754 1122 esse

154 1140 293 1178 minus
317 1139 518 1178 idoneum
543 1138 599 1177 ad
624 1138 703 1177 hoc
728 1138 891 1189 negocii
917 1150 1047 1189 quam
1073 1151 1153 1177 me.
1208 1137 1296 1177 Nec
1322 1137 1505 1176 arbitror
1530 1137 1640 1176 hanc
1666 1149 1755 1176 esse

151 1192 305 1232 falsam
335 1194 465 1232 animi
495 1193 823 1244 persuasionem.
884 1192 1107 1232 Caeterum
1138 1193 1211 1243 qui
1242 1192 1321 1231 hoc
1350 1191 1610 1230 iactitabant
1640 1190 1754 1242 apud

153 1247 374 1287 Caesarem
410 1247 598 1299 aliosque
634 1247 856 1298 principes,
896 1258 969 1298 per
1005 1259 1072 1285 me
1108 1247 1378 1297 potissimum
1415 1246 1597 1297 opprimi
1632 1258 1756 1297 posse
1775 1261 1812 1293 55

153 1301 371 1349 Luterum,
406 1314 679 1353 nequaquam
713 1300 893 1352 simplici
927 1301 1069 1339 animo
1101 1301 1147 1339 id
1179 1300 1409 1340 faciebant.
1473 1300 1609 1339 Iidem
1643 1300 1755 1338 enim

151 1355 422 1406 predicarent
442 1368 508 1394 me
530 1355 635 1395 nihil
655 1356 759 1394 scire
778 1356 839 1394 rei
859 1354 1106 1406 theologice,
1129 1359 1173 1393 et
1194 1355 1333 1393 adhuc
1354 1354 1589 1405 predicant.

150 1418 191 1446 ἢ
207 1409 318 1458 Quid
348 1411 478 1461 igitur
509 1409 695 1460 agebant
725 1409 834 1447 isti?
882 1410 1083 1447 nimirum
1114 1413 1164 1447 vt
1196 1408 1422 1447 Erasmum
1452 1409 1656 1447 inermem
1687 1411 1754 1446 tot

149 1463 339 1503 dentatis
378 1463 511 1502 beluis
549 1463 791 1509 obiicerent,
832 1462 1052 1514 totiusque
1088 1463 1251 1514 negocii
1287 1463 1495 1501 inuidiam
1531 1463 1576 1501 in
1613 1475 1755 1500 meum

151 1521 281 1570 caput
307 1518 563 1557 deriuarent.
621 1517 759 1564 Quam
786 1530 886 1555 vero
913 1517 1084 1555 laudem
1111 1517 1208 1555 hinc
1236 1516 1473 1555 retulissem
1496 1519 1511 1555 ἶ)
1556 1515 1754 1555 videlicet
1774 1525 1817 1556 60

150 1576 200 1611 vt
225 1585 291 1611 me
317 1572 535 1623 preberem
560 1571 855 1622 theologorum
881 1571 1075 1617 scribam,
1104 1572 1177 1622 qui
1201 1571 1281 1610 sibi
1305 1571 1594 1610 vindicassent
1617 1570 1753 1609 erudi·

150 1627 278 1667 tionis
296 1627 485 1677 gloriam,
507 1625 756 1664 elocutionis
776 1630 946 1664 tantum
968 1626 1071 1664 mihi
1091 1626 1407 1664 concessissent.
1455 1625 1544 1664 Nec
1564 1637 1753 1676 vnquam

150 1680 317 1720 illorum
343 1681 495 1719 animis
521 1693 635 1719 eram
661 1680 853 1718 facturus
879 1680 995 1726 satis,
1024 1680 1105 1718 nisi
1131 1680 1331 1718 conuiciis
1357 1692 1405 1718 ac
1431 1679 1576 1730 iurgiis
1602 1679 1752 1718 debac-

152 1734 281 1773 chans
309 1735 452 1773 omnia
477 1734 668 1773 tumultu
696 1733 985 1784 complessem,
1015 1746 1063 1772 ac
1090 1738 1264 1772 tantum
1291 1734 1492 1772 seuissem
1520 1732 1683 1771 calamo
1709 1733 1754 1771 in

152 1788 370 1835 Luterum,
398 1792 609 1840 quantum
634 1787 695 1826 illi
719 1787 945 1826 {eruebant
971 1787 1091 1826 odiis.
1148 1787 1259 1834 Quin
1279 1792 1323 1826 et
1346 1787 1452 1826 illud
1478 1787 1676 1838 agebant,
1704 1791 1753 1826 vt
1773 1797 1810 1835 65

152 1844 225 1894 qui
256 1844 371 1894 prius
404 1856 500 1882 cum
533 1842 689 1881 Lutero
721 1843 955 1888 sensissem,
990 1842 1155 1880 viderer
1186 1842 1295 1880 hanc
1327 1841 1461 1880 veluti
1493 1841 1753 1892 palinodiam

151 1909 312 1936 canere.
365 1896 431 1937 Sic
454 1897 567 1935 enim
590 1896 885 1947 proponebant
907 1909 915 1934 ε
955 1896 1168 1947 Scripsisti
1191 1909 1266 1947 pro
1290 1896 1460 1942 Lutero,
1485 1895 1619 1934 scribe
1641 1908 1754 1934 1111110

152 1951 354 1990 aduersus
387 1951 606 1990 Luterum.
667 1951 816 2002 Aequa
848 1963 949 1989 vero
989 1950 1189 1996 conditio,
1225 1955 1275 1989 vt
1312 1951 1428 2001 prius
1468 1951 1669 1988 mentirer
1708 1950 1752 1988 in

152 2010 281 2057 caput
326 2018 479 2052 meum,
527 2005 679 2044 deinde
725 2005 936 2044 calamum
981 2018 1123 2043 meum
1168 2005 1365 2043 dederem
1409 2005 1453 2042 in
1498 2005 1750 2042 seruitutem

154 2061 326 2099 morosis
361 2073 410 2098 ac
445 2060 673 2099 cerebrosis
708 2059 978 2110 quibusdam,
1016 2059 1203 2110 mihique
1237 2059 1464 2110 plusquam
1497 2057 1752 2109 capitalibus
1771 2077 1813 2106 70

154 2114 374 2153 hostibus:
415 2114 531 2166 quod
554 2127 776 2165 nunquam
801 2127 889 2152 esse
914 2113 1121 2160 desinent,
1148 2114 1229 2152 nisi
1254 2118 1534 2164 posteaquam
1559 2113 1749 2151 desinent

152 2168 287 2207 odisse
314 2168 445 2207 bonas
467 2168 646 2207 litteras.
699 2168 751 2206 Id
773 2168 931 2207 facient
955 2168 1010 2206 ad
1033 2167 1200 2215 Grecas,
1226 2172 1276 2206 vt
1299 2168 1432 2214 aiunt,
1459 2166 1677 2207 Calendas.

206 2222 300 2261 Iam
325 2223 406 2262 nisi
432 2223 574 2261 omnia
599 2224 780 2261 istorum
808 2222 965 2273 placita
991 2222 1285 2268 defendissem,
1315 2222 1569 2261 dedidissem
1596 2225 1750 2259 memet

154 2276 320 2315 illorum
352 2277 471 2317 odiis.
539 2277 652 2315 Noui
685 2276 764 2315 1100
800 2276 1021 2315 11011111111111
1054 2290 1198 2328 genus.
1267 2275 1337 2315 Ita
1374 2275 1477 2326 quid
1509 2274 1625 2314 aliud
1661 2279 1753 2313 erat

155 2330 322 2370 futurus
348 2331 550 2370 Erasmus
575 2343 705 2382 quam
729 2332 909 2369 istorum
935 2332 1123 2370 carnifex
1145 2336 1160 2369 ’ί
1203 2331 1291 2370 Nec
1317 2330 1495 2368 dubium
1520 2330 1624 2380 quin
1648 2328 1753 2367 illud
1771 2346 1809 2378 75

153 2385 302 2424 statim
319 2386 528 2424 euenisset
545 2385 661 2436 quod
677 2398 790 2424 nunc
807 2385 1001 2424 videmus
1019 2386 1220 2431 euenisse,
1240 2388 1290 2423 vt
1307 2387 1521 2435 quotquot
1538 2382 1753 2434 impendio

153 2438 347 2478 fauerent
377 2439 739 2478 Lutero——fauent
769 2443 914 2478 autem
939 2439 1095 2490 vbique
1119 2439 1355 2490 plurimi—,
1384 2443 1457 2476 aut
1484 2438 1608 2476 amici
1631 2436 1754 2476 nobis

200 2523 252 2555 39.
277 2515 367 2547 forte
383 2526 445 2547 om.
462 2515 506 2546 N.
707 2525 761 2554 40.
788 2514 935 2547 Interim
948 2519 984 2546 et
998 2528 1016 2544 (ι
1033 2527 1040 2545 :
1067 2514 1194 2556 Itaque
1210 2514 1252 2546 H.
1427 2524 1480 2552 41.
1508 2514 1601 2554 prior
1614 2512 1688 2544 add.
1704 2512 1749 2544 H.

154 2567 207 2598 43.
233 2558 445 2591 abhorrebat
466 2571 485 2588 α
502 2570 509 2590 :
544 2558 728 2590 abhorrere
749 2558 936 2590 videbatur
957 2558 1002 2589 H.
1093 2567 1147 2599 45.
1174 2558 1311 2590 vesanis
1334 2570 1351 2587 α
1370 2570 1377 2589 :
1411 2557 1543 2588 insanis
1564 2556 1608 2587 H.
1658 2568 1677 2586 α
1694 2556 1749 2588 H:

154 2602 377 2634 tumultubus
395 2605 427 2635 β.
562 2605 615 2641 48.
641 2602 687 2634 ad
704 2602 937 2634 moderatiora
955 2601 1097 2633 consilia
1113 2612 1175 2633 om.
1196 2601 1240 2633 H.
1381 2610 1431 2641 51.
1458 2604 1688 2642 posteaquam
1707 2612 1725 2629 a
1741 2611 1749 2631 ε

154 2649 341 2687 postquam
363 2645 408 2677 H.
603 2646 673 2677 iam
696 2658 714 2674 α
731 2645 790 2677 H:
825 2656 887 2677 om.
911 2648 944 2678 Β.
1122 2655 1171 2686 52.
1200 2646 1330 2686 meipso
1353 2644 1453 2676 affl:
1489 2654 1543 2675 me
1560 2645 1631 2685 ipse
1653 2643 1750 2675 HM.

157 2697 208 2729 53.
233 2689 414 2731 negocium
437 2688 482 2720 Η.
663 2692 708 2723 βε
733 2689 821 2720 hanc
837 2699 908 2720 non
923 2699 995 2720 esse
1020 2702 1050 2720 cz.
1234 2698 1247 2729 5
1255 2697 1283 2727 7.
1310 2688 1531 2730 predicarent
1550 2700 1580 2724 u,
1599 2697 1658 2728 pro
1674 2697 1749 2728 pre—

155 2732 322 2764 dicabant
338 2732 436 2773 prius
452 2731 574 2772 scripto
589 2744 597 2764 ;
628 2732 879 2773 praedicabant
895 2731 939 2764 H.
1041 2734 1094 2764 oo.
1122 2745 1140 2762 α
1153 2733 1187 2764 N
1200 2743 1206 2763 :
1233 2733 1426 2764 diriuarent
1443 2732 1488 2763 H.
1581 2733 1634 2763 62.
1662 2743 1678 2759 a
1692 2731 1747 2762 N:

154 2776 366 2808 elocutiones
382 2776 426 2807 H.
553 2783 603 2813 72.
630 2779 671 2807 vt
687 2775 761 2807 add.
781 2775 826 2807 H.
942 2783 995 2816 73.
1021 2775 1229 2808 dedidissem
1246 2787 1265 2805 a
1283 2775 1385 2807 Lond.
1405 2786 1413 2806 :
1438 2774 1609 2806 dedissem
1625 2774 1660 2806 N
1676 2774 1745 2806 LB.

201 2870 254 2908 36.
277 2865 419 2905 litteris]
439 2866 490 2899 Cf.
511 2866 601 2908 Epp.
621 2875 699 2907 904.
724 2876 799 2905 19n,
824 2875 918 2907 1499·
992 2875 1086 2906 1141.
1106 2875 1181 2906 15n.

161 2920 236 2952 15n.
1034 2918 1086 2949 73.
1112 2908 1334 2948 dedidissem]
1355 2909 1391 2942 lt
1408 2911 1437 2941 is
1457 2909 1652 2942 notieeable
1673 2909 1753 2942 that.

202 2957 255 2995 38.
281 2952 494 2991 coronidem]
509 2954 573 2995 Ep.
596 2963 688 2993 1041.
989 2953 1080 2987 horo.
1099 2953 1169 2984 and
1187 2954 1290 2993 again
1308 2954 1344 2985 in
1362 2953 1426 2995 Ep.
1449 2954 1532 2994 1564
1549 2954 1619 2992 fin„
1637 2952 1747 2986 Lond.

199 3007 255 3038 41.
280 2995 461 3035 admonui]
486 2997 550 3038 Ep.
576 2998 662 3035 980;
692 2997 760 3028 and
786 2997 829 3029 cf.
856 2998 920 3039 Ep.
989 2997 1123 3028 follows
1138 2997 1246 3028 notN
1264 2997 1327 3028 but
1343 2997 1386 3028 H.
