2012 3370
111 128 232 178 1342]
578 128 649 165 To
681 126 909 167 MARCUS
940 127 1235 167 LAURINUS
1625 128 1694 166 22]

107 238 151 276 in
173 238 281 276 hanc
304 237 474 289 quidem
497 237 709 289 publicam
733 236 845 275 orbis
866 240 1166 287 tempestatem
1190 237 1292 275 satis
1314 236 1536 275 infeliciter
1556 236 1706 275 incidit
1722 249 1784 281 715

107 291 210 330 haec
232 296 350 331 aetas
371 305 477 338 mea,
500 292 567 330 cui
586 291 671 329 iam
693 290 812 329 velut
833 291 1031 329 emeritae
1053 291 1289 330 debebatur
1309 292 1461 337 ocium,
1483 290 1703 337 fruiturae,

107 346 218 384 sicut
242 359 319 397 par
344 350 447 392 erat,
474 345 662 397 pristinis
687 345 924 383 studiorum
950 344 1165 383 laboribus
1186 359 1193 383 1
1237 345 1386 384 saltem
1411 346 1556 384 liceret
1581 345 1705 383 huius

106 399 277 439 fabulae
306 404 587 451 spectatorem
617 412 717 444 esse,
748 400 995 449 praesertim
1025 412 1157 450 quum
1188 404 1231 438 et
1258 400 1347 450 ipse
1376 400 1454 438 sim
1483 399 1705 438 inidoneus

108 454 271 501 histrio,
298 459 341 493 et
366 459 455 493 tam
477 453 601 492 multi
626 453 814 504 vndique
839 453 951 492 vltro
977 458 1111 492 semet
1135 454 1330 504 ingerant
1354 455 1397 492 in
1423 454 1703 505 proscenium.

108 508 263 547 Verum
282 509 327 547 id
345 522 430 559 quo
450 509 587 546 minus
606 507 744 553 liceat,
765 508 965 558 vtrinque
984 507 1129 546 sedulo
1148 512 1421 558 procuratum
1442 512 1519 554 est,
1541 507 1643 546 dum
1662 508 1706 546 in
1723 519 1790 552 720

107 563 186 601 hac
217 567 339 613 parte
369 566 470 601 sunt
499 562 573 613 qui
603 575 670 600 me
700 562 884 612 primum
916 562 1080 600 technis
1110 562 1323 612 prolicere,
1357 575 1455 600 mox
1487 563 1531 600 vi
1561 575 1707 612 rapere

107 616 283 656 student
297 617 341 655 in
358 629 433 655 sua
449 620 588 655 castra
608 629 616 662 ;
648 628 791 654 rursus
807 616 851 654 in
867 615 1000 654 altera
1016 620 1138 666 parte
1154 620 1254 654 sunt
1269 617 1343 666 qui
1358 617 1494 655 modis
1510 616 1708 655 omnibus

108 675 317 710 conantur
337 672 381 709 in
402 671 589 709 hostium
611 670 754 721 copias
775 669 1018 721 propellere,
1041 682 1128 708 non
1149 670 1204 708 ob
1227 670 1341 708 aliud
1363 671 1442 708 nisi
1464 674 1515 709 vt
1536 671 1614 709 hac
1637 670 1707 708 via

107 725 344 776 perderent,
373 738 499 776 quem
532 724 698 775 linguis,
727 724 848 763 bonis
880 724 1012 762 literis
1040 737 1087 762 ac
1116 725 1250 762 veteri
1276 724 1513 775 theologiae
1540 724 1709 763 fortiter

107 780 447 830 patrocinantem
470 779 523 818 de
543 778 677 830 gradu
699 778 874 817 deiicere
896 791 981 817 non
1003 782 1216 829 poterant.
1267 778 1421 829 Itaque
1443 778 1605 818 factum
1629 782 1707 826 est,
1727 791 1766 823 72
1773 791 1787 823 5

108 847 194 872 non
214 847 308 872 mea
334 833 505 884 quidem
533 833 658 884 culpa
677 833 751 872 sed
770 846 967 884 peruerso
988 832 1256 883 quorundam
1278 833 1434 878 studio,
1456 836 1506 871 vt
1526 836 1709 883 vtraque

107 888 151 926 in
170 892 292 938 parte
312 887 492 927 habeam
512 887 720 939 quosdam
741 887 844 926 mihi
861 900 1011 938 parum
1029 887 1238 938 propicios
1259 900 1267 925 :
1301 887 1509 937 siquidem
1526 888 1570 925 in
1586 891 1708 938 parte

108 942 242 981 altera
255 946 355 981 sunt
365 943 439 993 qui
452 955 593 981 meum
607 941 820 981 silentium
829 941 1019 980 fauorem
1032 942 1195 980 inuisae
1207 942 1341 992 partis
1354 942 1688 992 interpretentur
1699 954 1707 987 ;

108 1009 288 1043 rursum,
312 997 423 1035 inter
442 1010 511 1035 eos
532 997 606 1047 qui
626 996 812 1035 Luthero
836 995 998 1042 fauent,
1019 1000 1119 1034 sunt
1136 996 1210 1046 qui
1226 995 1413 1035 fremant
1430 1000 1474 1034 et
1490 995 1707 1047 indignen-

108 1054 179 1089 tur
194 1050 309 1101 quod
329 1050 383 1089 ob
404 1051 534 1089 animi
549 1051 840 1096 timiditatem,
854 1055 905 1089 vt
919 1051 1053 1096 aiunt,
1071 1063 1242 1089 causam
1260 1050 1480 1102 Euangelii
1493 1050 1682 1089 deseram
1700 1063 1708 1096 3
1729 1061 1796 1094 730

108 1118 184 1143 nec
206 1104 396 1144 deseram
418 1105 567 1152 solum,
590 1118 737 1144 verum
760 1106 889 1143 etiam
912 1105 1060 1143 moliar
1077 1105 1237 1155 aliquid
1258 1105 1313 1143 ad
1330 1103 1709 1143 constabiliendam

108 1172 279 1197 causam
301 1159 566 1210 pontificum,
589 1160 678 1198 siue
699 1163 749 1198 vt
768 1160 840 1198 isti
860 1163 1019 1198 vocant
1039 1159 1306 1210 papisticam.

163 1213 319 1252 Verum
357 1213 449 1252 aliis
482 1214 654 1264 quidem
682 1214 767 1252 iam
797 1226 1099 1264 saepenumero
1127 1213 1338 1264 respondi.
1407 1213 1531 1252 Nunc
1560 1211 1710 1251 lubens

109 1268 262 1318 egerim
300 1281 396 1307 cum
432 1268 676 1307 Lutherano
711 1268 928 1319 quopiam,
965 1267 1038 1306 sed
1074 1268 1141 1306 cui
1177 1268 1233 1306 sit
1268 1267 1429 1318 aliquid
1465 1267 1708 1318 aequitatis

112 1321 271 1372 Opinor
292 1323 404 1361 enim
428 1335 494 1361 me
517 1335 688 1360 causam
711 1335 849 1360 meam
872 1326 917 1360 et
935 1321 994 1360 illi
1014 1321 1308 1372 probaturum,
1331 1334 1382 1360 ex
1402 1321 1468 1360 his
1489 1333 1599 1372 quae
1620 1321 1710 1371 ipse
1730 1331 1792 1365 735

112 1375 215 1414 mihi
244 1375 456 1427 largietur.
516 1376 704 1414 Primum
736 1377 847 1414 enim
878 1376 1160 1426 percontabor
1188 1375 1307 1414 illum
1338 1375 1441 1426 quid
1471 1376 1630 1413 sentiat
1659 1374 1711 1413 de

112 1430 312 1469 Luthero.
362 1430 520 1480 Vtique
541 1429 814 1481 respondebit
835 1430 973 1468 virum
997 1443 1085 1468 esse
1107 1433 1303 1468 sanctum
1326 1434 1370 1468 et
1392 1428 1710 1480 Euangelicum,

111 1483 373 1523 Christianae
390 1485 563 1535 pietatis
579 1485 921 1523 instauratorem.
968 1484 1131 1523 Deinde
1148 1484 1305 1535 rogabo
1322 1497 1425 1522 num
1443 1484 1540 1522 huic
1557 1483 1713 1522 similes

112 1539 198 1577 sint
224 1551 331 1590 quos
358 1538 489 1578 habet
516 1538 594 1577 sibi
622 1538 813 1578 deuotos.
870 1538 1148 1578 Confirmabit
1175 1538 1291 1577 haud
1319 1538 1496 1577 dubium
1525 1538 1583 1576 sic
1610 1550 1712 1576 esse.

112 1592 213 1631 Mox
242 1593 524 1643 percontabor
551 1593 715 1644 ecquod
735 1593 975 1644 exemplum
997 1593 1053 1631 sit
1072 1593 1377 1644 Euangelicum
1406 1592 1570 1631 technis
1599 1596 1644 1631 et
1672 1592 1716 1630 vi
1732 1603 1800 1636 740

114 1647 158 1686 in
190 1659 311 1686 suam
343 1646 573 1686 factionem
609 1661 853 1698 quenquam
889 1647 1145 1698 pertrahere,
1180 1647 1428 1698 praesertim
1462 1659 1595 1697 quum
1630 1659 1716 1685 non

112 1701 307 1752 ignorent
325 1701 434 1741 hanc
453 1702 753 1753 professionem
773 1715 859 1740 non
878 1715 966 1740 esse
984 1702 1123 1740 minus
1142 1701 1419 1752 periculosam
1439 1714 1569 1752 quam
1588 1700 1718 1739 fuerit

114 1755 214 1793 olim
247 1755 474 1795 Christiani
506 1757 724 1795 nominis?
788 1756 1042 1795 Iudaeorum
1075 1760 1168 1794 erat
1199 1755 1474 1794 obambulare
1507 1755 1641 1793 maria
1673 1759 1718 1793 et

113 1813 261 1856 terras,
294 1814 344 1849 vt
375 1824 507 1849 vnum
541 1811 803 1862 proselytum
834 1810 1039 1849 illicerent
1070 1811 1114 1848 in
1145 1822 1315 1848 nassam
1348 1810 1461 1860 legis
1523 1808 1719 1860 Apostoli

115 1864 325 1903 neminem
355 1864 552 1903 humanis
582 1865 745 1903 artibus
775 1864 1048 1910 allectabant,
1079 1868 1123 1903 et
1153 1864 1350 1903 celabant
1379 1864 1533 1903 Christi
1562 1876 1718 1902 nomen
1735 1874 1797 1907 745

116 1918 338 1969 professos,
362 1919 495 1958 donec
516 1924 683 1970 vrgeret
705 1919 907 1957 articulus
928 1918 1169 1970 profitendi.

171 1973 288 2011 Haec
312 1973 449 2012 dicere
472 1986 652 2024 possem,
678 1974 710 2011 si
734 1973 938 2024 professio
963 1973 1230 2011 Lutheranae
1254 1972 1452 2011 factionis
1475 1971 1579 2010 nihil
1604 1971 1718 2010 aliud

117 2031 227 2066 esset
252 2040 382 2077 quam
408 2028 611 2078 professio
637 2027 854 2066 doctrinae
881 2027 1162 2078 Euangelicae
1183 2041 1190 2073 ;
1234 2031 1277 2065 et
1303 2028 1337 2065 si
1363 2027 1457 2077 quis
1484 2039 1577 2065 eam
1605 2025 1719 2077 apud

114 2081 219 2119 istos
242 2081 470 2132 aliquando
491 2082 599 2120 clam
621 2082 834 2133 professus
855 2086 977 2121 esset.
1028 2082 1151 2120 Nunc
1174 2081 1311 2132 qualis
1332 2082 1388 2119 sit
1409 2081 1481 2119 illa
1502 2080 1719 2132 professio,

117 2135 209 2173 aliis
223 2136 497 2174 iudicandum
513 2136 717 2187 relinquo.
761 2136 882 2176 Certe
897 2136 1034 2187 qualis
1049 2136 1186 2187 qualis
1201 2140 1278 2182 est,
1295 2149 1362 2174 me
1376 2135 1507 2174 inscio
1522 2138 1627 2173 nata
1642 2138 1720 2182 est,
1738 2144 1805 2178 750

118 2193 162 2228 et
186 2203 253 2228 me
278 2189 531 2230 dehortante
554 2203 786 2242 progressa,
812 2191 942 2230 etiam
966 2203 1100 2241 Vsque
1125 2190 1179 2229 ad
1203 2204 1274 2229 eos
1299 2190 1453 2241 gradus
1476 2190 1591 2228 intra
1614 2201 1722 2240 quos

121 2243 259 2283 adhuc
293 2245 481 2283 maxima
513 2258 565 2284 ex
598 2249 720 2296 parte
754 2245 937 2284 mundus
973 2245 1263 2296 applaudebat
1295 2244 1479 2283 fabulae.
1543 2243 1719 2282 Interim

120 2302 302 2349 sequuta
310 2302 376 2338 est
385 2299 624 2350 Captiuitas
633 2300 908 2351 Babylonica,
918 2299 1150 2351 Abrogatio
1159 2299 1324 2345 Missae,
1334 2299 1468 2337 totius
1478 2297 1721 2336 Hussiticae

119 2351 338 2392 doctrinae
361 2352 547 2393 defensio
568 2367 576 2401 ;
617 2359 784 2405 praeter
808 2354 903 2401 alia,
929 2367 1038 2405 quae
1062 2354 1271 2393 Saxonica
1315 2353 1459 2404 lingua
1483 2353 1722 2402 conscripta

121 2419 187 2446 me
209 2420 285 2446 nec
306 2407 506 2447 lectorem
529 2408 779 2447 admittunt.
832 2408 890 2447 Et
911 2413 1056 2447 tamen
1079 2408 1285 2447 hactenus
1307 2420 1439 2458 quum
1462 2406 1609 2445 multis
1631 2405 1722 2444 aliis
1739 2415 1778 2448 75
1786 2416 1801 2448 5

121 2461 173 2500 de
193 2462 342 2508 causis,
363 2466 457 2500 tum
478 2463 557 2501 hac
577 2464 814 2514 praecipue,
828 2462 1230 2514 quodintelligerem
1244 2462 1464 2512 negocium
1484 2473 1572 2499 esse
1586 2460 1722 2498 maius

122 2528 216 2554 mea
236 2517 486 2567 cognitione,
509 2517 560 2555 de
581 2517 851 2568 dogmatibus
873 2517 1047 2556 Lutheri
1068 2517 1172 2555 nihil
1192 2515 1482 2567 pronunciaui.
1534 2514 1721 2552 Tantum

121 2569 273 2608 aeditis
286 2570 449 2621 aliquot
461 2571 649 2622 epistolis
662 2576 846 2610 testatus
860 2584 951 2609 sum
963 2584 1030 2609 mc
1043 2583 1213 2622 prorsus
1224 2570 1406 2609 alienum
1420 2581 1508 2607 esse
1523 2567 1724 2607 afoedere

124 2623 463 2663 Lutheranorum
485 2639 492 2671 ;
521 2629 565 2664 et
580 2626 623 2663 in
637 2626 803 2676 scriptis
818 2625 928 2663 illius
943 2638 1052 2676 quac
1068 2625 1171 2663 mihi
1192 2625 1326 2675 legere
1347 2623 1540 2674 contigit,
1564 2621 1723 2661 deside-

123 2691 214 2717 rare
230 2677 467 2728 plusculum
483 2679 746 2718 Christianae
760 2679 993 2718 modestiae
1015 2683 1059 2718 et
1073 2683 1222 2729 optare
1242 2679 1380 2716 minus
1405 2676 1723 2716 amarulentiae.
1740 2679 1809 2719 760

770 2752 839 2782 740.
869 2744 991 2785 ecquid
1016 2744 1057 2775 H.

173 2790 684 2850 7311111111111111111111](31.Ερρ.
704 2809 889 2849 1384.2()11,
961 2808 1049 2844 ther,
1078 2808 1157 2839 Jan.
1192 2816 1298 2848 15223
1341 2806 1424 2838 with
1453 2805 1589 2848 preface
1618 2806 1725 2838 dated

132 2862 225 2894 1459.
243 2855 319 2885 Son.
965 2861 975 2882 1
998 2851 1085 2883 Nov.
1110 2859 1202 2891 1521.

172 2905 247 2940 732.
272 2897 499 2938 papistieam]
524 2895 577 2927 Cf.
596 2896 661 2937 Ep.
682 2906 775 2938 1459.
793 2904 874 2935 ,04¹¹-
1003 2906 1076 2938 755.
1104 2905 1165 2925 ne(-
1183 2893 1361 2933 lectorem]
1379 2894 1450 2925 But
1467 2893 1509 2925 cf.
1536 2893 1602 2935 Ep.
1630 2903 1723 2934 1313.

173 2953 246 2984 744.
273 2940 503 2982 proselytum]
521 2940 570 2971 (⁷¹1f.
590 2940 692 2971 Matt.
712 2949 764 2979 23.
789 2949 836 2980 15.
960 2940 1036 2980 8511.

175 2995 247 3027 753.
274 2983 486 3025 Captiuitas]
511 2984 572 3015 See
590 2983 653 3024 Ep.
677 2991 769 3023 1153.
794 2984 889 3022 14611.
1004 2984 1075 3025 758.
1103 2980 1274 3021 epistolis]
1288 2981 1378 3013 Such
1389 2991 1426 3012 as
1438 2981 1615 3022 Epp.0(›7.
1633 2990 1726 3021 1033.

219 3027 424 3069 Abrogatio]
463 3027 691 3068 Wittcnberg,
731 3027 777 3058 M.
812 3027 890 3058 Lot·
961 3026 1102 3067 Ep.939
1114 3023 1726 3066 Erasmusdidnothimselfpublish.
