2012 3370
300 133 378 172 248
770 133 1025 173 LETTERS
1057 133 1129 173 OF
1160 134 1424 174 ERASMUS
1776 138 1900 187 [1523

355 243 420 281 Ex
451 243 671 282 Germanis
702 243 846 281 amicis
876 242 1038 281 nullum
1070 242 1260 282 desidero
1290 246 1458 294 praeter
1488 243 1691 282 Ioannem
1722 245 1899 296 (201111110-

298 311 408 344 110111,
431 298 504 349 qui
528 297 694 335 florenti
718 297 889 348 quidem
910 301 1141 344 senectute,
1163 297 1237 336 sed
1259 302 1405 337 tamen
1425 298 1552 343 iusta,
1575 297 1801 338 defunctus
1822 305 1900 339 est.

216 366 280 397 300
298 351 427 391 Porro
450 352 588 390 adhuc
610 351 682 389 (1111
704 364 943 390 succurrere
964 351 1117 390 studiis
1137 351 1315 402 publicis
1336 353 1558 403 potuisset,
1582 352 1662 391 nisi
1681 353 1740 392 sic
1761 354 1899 393 visum

298 410 408 445 esset
438 406 598 457 superis
630 405 808 444 condere
839 406 1051 457 quaedam
1082 407 1319 445 animantia
1349 420 1458 457 quae
1489 406 1594 445 nihil
1624 406 1740 445 aliud
1769 420 1900 458 quam

295 460 457 499 ledunt.
503 460 588 498 Bos
605 464 712 507 arat,
730 473 864 511 equus
880 465 1033 512 gestat,
1051 461 1142 499 ouis
1158 461 1307 512 pascit.
1355 461 1466 508 Quid
1481 460 1647 500 faciunt
1662 461 1900 509 crabrones,

297 528 545 565 cynomyae,
573 515 742 565 viperae
767 519 811 554 et
837 515 1105 553 cantharides
1126 518 1141 553 ‘3
1197 516 1385 554 Accessit
1410 516 1474 553 his
1499 515 1669 566 publica
1694 515 1899 555 bellorum

296 573 542 620 tempestas.
594 569 769 608 Vtinam
790 569 935 608 liceret
956 569 1200 608 Huttenum
1221 571 1266 608 in
1287 570 1365 608 hoc
1388 569 1582 620 catalogo
1604 571 1782 620 ponere!

215 637 273 670 303
349 624 473 662 Nunc
487 624 666 662 circuitu
679 623 794 663 facto
809 624 1046 663 Louanium
1059 624 1196 663 redeo.
1229 624 1790 663 Illictriduumfruitussum
1802 638 1897 664 con-

295 678 520 717 suetudine
540 678 831 730 Christophori
853 678 1044 729 Longolii
1064 679 1273 717 Brabanti
1294 692 1301 717 :
1339 692 1439 717 nam
1468 678 1718 717 Mechliniae
1747 683 1897 718 natum

294 733 428 771 aiunt.
476 732 518 771 Is
532 746 666 784 nuper
678 734 804 784 periit
817 733 1033 779 Venetiae,
1048 737 1176 772 natus
1190 746 1322 772 annos
1336 733 1430 783 plus
1446 734 1585 772 minus
1600 747 1700 772 xxx.
1727 733 1900 772 quenis

294 787 349 825 ad
362 787 527 826 litteras
540 792 681 834 natus,
697 792 740 826 et
752 788 796 826 in
810 788 873 826 his
887 792 1052 826 mature
1066 787 1327 838 feliciterque
1340 788 1564 826 institutus
1581 800 1589 833 ;
1614 788 1725 826 inter
1737 788 1898 827 nobiles

294 841 477 889 futurus,
502 842 536 880 si
556 842 743 881 licuisset
759 843 914 880 viuere.
946 842 1191 880 Postremus
1208 842 1398 880 omnium
1414 855 1490 880 nos
1507 842 1678 893 reliquit
1692 842 1894 881 Naeuius.

212 909 276 941 310
348 897 415 936 Sic
448 897 586 935 solent
619 897 773 935 milites
808 896 964 934 ducum
998 896 1205 934 nobilium
1239 909 1569 935 commemorare
1602 896 1732 943 facta,
1767 901 1811 935 et
1844 911 1895 935 ex

292 950 459 989 illorum
487 951 690 1001 exemplis
718 951 797 989 sibi
824 963 1058 1001 proponere
1085 950 1189 1001 quid
1215 951 1350 1000 possit
1377 950 1577 990 accidere.
1634 951 1723 990 Nos
1749 951 1896 1002 itaque

292 1009 514 1044 restamus.
574 1005 685 1052 Quid
714 1005 815 1050 dixi,
845 1007 1091 1043 restamus?
1151 1004 1255 1055 Ego,
1285 1017 1385 1043 nam
1414 1004 1467 1042 de
1495 1017 1562 1043 me
1589 1004 1752 1055 loquor,
1783 1005 1897 1044 vltra

292 1059 445 1106 colum,
473 1059 589 1110 quod
616 1060 751 1105 aiunt,
779 1059 908 1097 Viuo:
952 1058 1054 1097 felix
1081 1058 1115 1096 si
1142 1071 1238 1097 cum
1266 1071 1410 1097 eorum
1438 1071 1547 1109 quae
1574 1063 1775 1110 expertus
1801 1072 1895 1098 sum

292 1114 495 1152 memoria
513 1114 658 1152 liceret
677 1113 963 1163 repubescere.
1019 1113 1177 1151 Verum
1206 1113 1285 1151 hoe
1306 1117 1355 1151 vt
1380 1116 1531 1152 votum
1552 1117 1618 1152 est
1638 1116 1896 1164 ἀνεμώλιον-

209 1181 268 1213 315
292 1181 391 1206 nam
408 1168 634 1206 Homerico
651 1168 781 1206 verbo
798 1167 978 1206 libenter
991 1167 1289 1214 vtsimur—‚ita
1304 1166 1409 1205 nihil
1425 1180 1493 1206 me
1508 1171 1695 1219 torquet.
1741 1168 1895 1207 Volens

290 1235 443 1273 sequor
465 1235 550 1273 quo
575 1226 703 1261 vocat
726 1222 962 1261 communis
986 1226 1165 1260 naturae
1189 1234 1347 1260 cursus
1400 1221 1465 1260 De
1489 1222 1605 1261 vitae
1628 1222 1771 1273 spacio
1791 1223 1896 1262 nihil

289 1290 454 1328 queror,
481 1277 595 1315 vltra
619 1290 737 1328 spem
763 1277 970 1327 contigit;
1012 1289 1260 1327 quanquam
1285 1280 1479 1327 poteram
1505 1289 1639 1315 annos
1663 1277 1828 1328 aliquot
1852 1278 1896 1316 in

290 1332 522 1370 amicorum
552 1331 784 1377 fauoribus,
816 1344 923 1382 quos
952 1331 1164 1369 industria
1193 1343 1384 1369 mearum
1414 1330 1760 1370 lucubrationum
1790 1331 1893 1370 mihi

289 1398 363 1436 per
386 1386 631 1424 vniuersum
656 1385 801 1425 orbem
826 1398 912 1424 non
935 1398 1094 1435 paucos
1118 1385 1281 1435 paraui,
1307 1385 1615 1435 conquiescere,
1640 1386 1734 1432 nisi,
1760 1385 1895 1424 veluti

207 1452 396 1484 32011105,
430 1440 547 1491 quod
579 1439 739 1479 Graeco
772 1439 996 1490 prouerbio
1030 1439 1198 1485 dicitur,
1232 1440 1277 1477 in
1309 1439 1459 1490 picem,
1493 1440 1537 1477 in
1570 1439 1649 1478 hoc
1681 1440 1891 1491 tragicum

286 1494 475 1534 seculum
500 1494 752 1533 incidissem.
809 1493 901 1541 Quo
927 1494 1066 1532 minus
1091 1493 1158 1532 hie
1184 1493 1340 1543 obtigit
1364 1493 1592 1539 felicitatis,
1618 1493 1698 1532 1100
1725 1494 1892 1533 confido

288 1549 391 1587 mihi
419 1548 568 1587 melius
596 1548 790 1587 futurum
818 1549 862 1586 in
891 1548 1023 1587 altero
1053 1547 1206 1586 seculo.
1263 1547 1322 1586 Et
1349 1551 1496 1586 tamen
1523 1548 1628 1586 mihi
1655 1547 1717 1586 fui
1744 1547 1891 1587 infelix

287 1604 430 1653 potius
470 1616 600 1654 quam
645 1603 748 1641 aliis.
813 1602 923 1642 Sunt
963 1603 1035 1653 qui
1076 1602 1156 1640 sibi
1195 1602 1288 1639 nati
1331 1601 1411 1639 sibi
1454 1602 1621 1640 viuunt.
1683 1602 1890 1642 Omnibus

288 1657 558 1703 incommodi,
598 1657 677 1695 sibi
715 1657 812 1695 solis
846 1660 947 1695 sunt
984 1656 1138 1702 felices,
1172 1669 1309 1706 neque
1343 1656 1543 1707 cuiquam
1583 1656 1688 1695 bene
1724 1656 1889 1696 faciunt

204 1724 262 1756 325
287 1712 366 1750 nisi
395 1725 528 1762 quum
559 1712 811 1750 moriuntur.
870 1711 935 1749 Ne
964 1714 1058 1749 tum
1097 1710 1270 1760 quidem
1300 1710 1420 1749 deest
1457 1711 1625 1749 animus
1656 1711 1886 1750 incommo—

286 1765 429 1804 dandi.
489 1765 679 1805 Onerant
698 1769 890 1816 posteros
910 1764 1214 1816 parentalibus,
1236 1764 1444 1815 precibus,
1466 1765 1606 1811 sacris,
1629 1765 1887 1811 ceremoniiS,

286 1820 492 1867 vestibus,
511 1820 705 1872 nolarum
731 1820 925 1870 strepitu,
947 1822 998 1858 vt
1017 1819 1085 1857 vel
1104 1819 1263 1857 mortui
1286 1819 1508 1870 negocium
1528 1818 1742 1858 facessant
1762 1821 1884 1859 viuis.

287 1875 377 1926 Ego
398 1875 543 1913 malim
567 1874 817 1913 Herculanis
839 1874 1007 1912 immori
1028 1873 1259 1912 laboribus.

339 1929 403 1967 De
433 1930 582 1968 mortis
612 1942 774 1980 genere,
806 1941 891 1979 quo
921 1941 1008 1966 non
1038 1927 1153 1966 aliud
1184 1927 1463 1974 cruciabiliuS,
1494 1927 1553 1966 sic
1583 1941 1650 1966 me
1681 1928 1885 1975 consolor,

201 1994 266 2027 330
284 1983 400 2034 quod
417 1983 521 2021 nihil
538 1983 670 2022 habet
687 1983 858 2021 omnino
878 1983 1063 2033 contagii
1079 1995 1086 2020 :
1121 1995 1218 2020 cum
1235 1981 1394 2021 leuiora
1411 1982 1541 2020 etiam
1560 1983 1744 2033 corporis
1762 1983 1885 2030 vicia,

282 2037 398 2088 quod
425 2051 555 2088 genus
583 2042 682 2076 sunt
704 2036 914 2088 lippitudo
935 2040 1011 2075 aut
1030 2037 1197 2087 linguae
1218 2036 1442 2083 balbuties‚
1464 2036 1652 2075 afficiant
1671 2037 1885 2076 conuicto-

282 2104 383 2130 rem.
431 2092 552 2131 Solus
581 2091 710 2138 dolet,
740 2091 853 2130 solus
872 2092 917 2129 in
943 2091 1127 2142 periculo
1148 2094 1213 2129 est
1233 2091 1307 2142 qui
1325 2090 1494 2129 laborat
1513 2090 1687 2130 calculo.
1733 2091 1885 2130 Nullus

283 2149 430 2184 autem
469 2150 534 2184 est
567 2150 716 2184 tantus
751 2145 962 2184 cruciatus
997 2158 1124 2195 quem
1159 2145 1348 2184 humana
1381 2149 1537 2184 natura
1570 2158 1657 2184 non
1690 2144 1813 2192 ferat,
1850 2146 1884 2184 si

282 2201 528 2246 assueuerit,
569 2200 817 2250 praesertim
856 2200 890 2237 si
929 2199 1042 2237 adsit
1079 2199 1202 2238 fortis
1241 2200 1420 2238 animus.
1496 2198 1585 2239 Nec
1624 2199 1886 2239 muliebriter

200 2267 216 2297 3
223 2267 238 2297 3
245 2266 259 2299 5
283 2254 446 2294 dietum
466 2258 531 2293 est
552 2254 667 2305 apud
688 2253 935 2304 Euripidem
956 2253 1010 2292 ab
1032 2253 1202 2292 Electra
1222 2267 1229 2292 :

675 2312 753 2347 Οὐκ
783 2312 885 2347 ἔστιν
913 2309 1017 2347 οὐδὲν
1047 2309 1162 2347 δεινὸν
1193 2309 1251 2347 ὧδ’
1279 2311 1392 2347 εἰπεῖν
1421 2311 1518 2353 ἔπος,

676 2365 771 2402 Οὐδὲ
799 2364 929 2409 πάθος,
959 2363 1041 2401 οὐδὲ
1070 2363 1245 2413 ξυμφορὰ
1275 2363 1466 2411 θεήλατος,

665 2417 739 2458 ῬΗς
768 2420 833 2456 οὐκ
864 2417 907 2455 ἂν
931 2416 1047 2467 ἄραιτ’
1076 2418 1189 2468 ἄχθος
1218 2417 1410 2467 ἀνθρώπου
1441 2418 1565 2465 φύσις.

327 2494 399 2525 300.
426 2483 534 2514 Porro
568 2494 606 2514 a:
645 2482 790 2514 Poterat
820 2485 853 2517 β.
1024 2481 1173 2523 publicis
1200 2480 1330 2512 studiis
1343 2483 1377 2515 β.
1547 2479 1721 2520 potuisset
1748 2490 1810 2511 om.
1845 2483 1878 2515 β.

281 2537 354 2567 302.
379 2526 522 2558 laedant
540 2530 572 2561 β.
665 2539 684 2556 α
701 2527 756 2558 H:
781 2536 915 2567 aequus
932 2528 965 2560 β.
1081 2537 1154 2567 303.
1179 2527 1221 2559 Β;
1246 2524 1427 2566 cynomiae
1445 2536 1475 2555 a.
1599 2523 1664 2555 His
1680 2525 1824 2556 accessit
1842 2526 1876 2558 β.

281 2580 354 2611 305.
380 2571 480 2602 redeo
498 2570 692 2602 Louanium
710 2573 742 2604 β.
902 2581 975 2613 307.
1002 2571 1044 2604 βε
1070 2568 1239 2601 Veneciae
1254 2580 1293 2599 a:
1317 2566 1455 2599 Patauii
1466 2568 1512 2598 N.
1677 2569 1751 2608 308.
1780 2579 1798 2595 a
1817 2567 1875 2599 H:

280 2617 438 2646 maturae
455 2616 487 2647 β.
559 2625 632 2655 310.
657 2613 830 2645 nobilium
843 2613 973 2644 ducum
985 2615 1017 2647 β.
1079 2612 1175 2644 facta
1191 2624 1209 2642 α
1225 2624 1231 2643 :
1258 2611 1334 2642 fata
1346 2613 1380 2645 β.
1453 2622 1526 2652 314.
1552 2612 1574 2644 β
1590 2622 1597 2641 ;
1629 2609 1827 2642 anemoh'on
1844 2623 1876 2642 α.

280 2668 352 2698 315.
378 2668 462 2688 nam
477 2657 552 2690 add.
573 2660 606 2691 β.
723 2668 794 2699 321.
823 2656 952 2698 obtigit
966 2656 1022 2688 hic
1039 2658 1073 2691 β.
1203 2666 1275 2697 322.
1303 2654 1424 2686 melius
1442 2653 1528 2685 mihi
1543 2655 1577 2688 β.
1694 2664 1766 2696 324.
1793 2658 1876 2685 sunt

278 2711 341 2732 om„
360 2703 394 2734 β’.
493 2702 610 2743 326-7.
637 2701 806 2738 vestibus,
825 2700 1027 2732 ceremoniis
1043 2701 1076 2734 13.
1178 2710 1251 2741 332.
1278 2697 1377 2730 Solus
1392 2721 1399 2729 .
1418 2721 1426 2728 .
1445 2721 1452 2729 .
1472 2696 1604 2728 calculo
1621 2708 1639 2726 a
1655 2696 1707 2736 (in
1722 2696 1877 2738 periculo

278 2746 332 2774 est
355 2755 393 2775 a:
424 2744 643 2785 periclitatur
657 2745 692 2784 β)
709 2756 716 2775 :
748 2743 805 2775 cui
819 2754 900 2775 cum
921 2742 1053 2775 calculo
1068 2753 1120 2774 res
1144 2746 1208 2779 est,
1229 2741 1321 2773 solus
1345 2740 1450 2778 dolet,
1472 2739 1564 2772 solus
1585 2739 1804 2782 periclitatur
1819 2741 1873 2789 .H.

279 2797 351 2828 333.
378 2787 552 2819 cruciatus
574 2790 696 2818 tantus
717 2789 751 2822 β.
898 2791 971 2829 336,
999 2787 1065 2817 Οὐκ
1082 2813 1089 2819 .
1110 2812 1116 2819 .
1136 2812 1143 2819 .
1163 2788 1236 2828 338.
1262 2785 1354 2825 φύσις
1369 2787 1412 2819 βε
1438 2784 1504 2816 Η10
1518 2787 1588 2815 tres
1603 2793 1722 2815 versus
1736 2793 1827 2824 greci
1842 2795 1872 2814 α.

324 2874 395 2905 303.
425 2864 607 2904 bellorum]
634 2865 683 2897 Cf.
712 2865 778 2907 Ep.
810 2866 885 2904 986.
918 2873 1042 2906 45—51,
1109 2863 1265 2905 Bologna
1284 2863 1388 2904 (Epp.
1415 2870 1510 2904 1597,
1535 2862 1642 2901 1603).
1692 2859 1783 2891 Here
1803 2859 1874 2891 and

277 2908 376 2947 60-4.
1107 2907 1144 2938 in
1163 2908 1227 2948 Ep.
1250 2915 1332 2948 1597
1351 2905 1411 2937 the
1428 2905 1559 2936 editors
1576 2904 1611 2936 of
1632 2903 1665 2935 N
1687 2902 1787 2934 made
1813 2903 1873 2934 the

323 2954 395 2991 306.
422 2951 594 2992 Longolii]
628 2951 689 2984 See
723 2952 789 2992 Ep.
823 2961 889 2992 914
904 2963 913 2989 3
961 2951 1044 2990 and,
1107 2960 1291 2991 necessary
1307 2948 1509 2981 correction.

276 2992 332 3024 for
345 2993 398 3024 his
411 2994 496 3025 visit
508 2998 545 3026 to
559 2995 731 3034 Louvain,
745 2995 810 3036 Ep.
830 3004 924 3035 1023.
944 3004 996 3026 111.
1153 3001 1228 3035 312.
1254 2992 1349 3024 vltra
1365 2990 1496 3031 colum]
1514 2988 1564 3022 Of.
1584 2989 1690 3030 Adaq,
1709 2991 1782 3031 567.

324 3047 394 3079 307.
423 3037 605 3076 Venetiae]
637 3038 802 3069 Erasmus
830 3048 900 3068 was
924 3037 1042 3068 11115111-
1154 3047 1226 3077 320.
1254 3034 1344 3073 mus]
1361 3034 1410 3067 Of.
1429 3034 1494 3073 Ep.
1512 3034 1588 3074 256.
1607 3041 1693 3074 54,5.

276 3079 411 3111 formed
429 3091 472 3112 011
488 3080 558 3112 this
572 3081 684 3122 point,
700 3081 770 3112 and
783 3081 820 3113 in
838 3088 917 3120 1525
937 3084 1044 3111 wrote
1154 3089 1215 3120 335
1254 3076 1470 3120 Euripidem]
1486 3077 1540 3108 Or.
1560 3085 1632 3118 1—3.
