2012 3370
226 145 301 186 108
694 144 948 185 LETTERS
979 142 1051 185 oF
1081 142 1345 184 ERASMUS
1693 142 1815 191 [1522

222 255 469 306 praecipuos
493 255 605 293 orbis
629 254 879 293 monarchas
902 253 1075 292 infensis
1098 253 1250 292 animis
1272 253 1383 292 inter
1406 265 1449 291 se
1473 251 1718 298 conflictari,
1745 252 1817 290 vix

222 309 352 348 vllam
381 322 470 348 esse
489 310 728 360 portionem
748 308 860 347 orbis
879 309 1013 346 nostri
1042 308 1274 346 immunem
1295 320 1320 346 a
1340 307 1470 353 bellis,
1503 319 1529 344 a
1557 306 1771 352 caedibus,
1792 319 1818 344 a

221 363 580 414 praedationibus.
640 363 698 401 Et
718 375 965 413 quanquam
985 362 1128 412 religio
1148 361 1399 408 Christiana,
1422 374 1531 411 quae
1552 360 1652 399 olim
1671 372 1816 399 omnes

139 433 204 465 340
222 418 370 456 mundi
389 418 535 469 plagas
565 421 808 468 occuparat,
830 430 943 455 nunc
964 416 1160 467 Europae
1180 417 1386 467 angustiis
1407 417 1543 454 minor
1571 416 1640 461 sit,
1671 418 1817 453 tamen

221 471 325 510 haee
358 485 528 523 quoque
561 476 773 510 sectarum
806 484 855 510 ac
889 472 1136 509 scismatum
1170 471 1409 521 pernitiosis
1448 469 1630 508 dissidiis
1669 470 1817 507 misere

220 526 402 564 dissecta
421 530 498 565 est.
538 526 681 576 Atque
700 526 871 564 interim
890 526 948 564 sie
967 525 1333 564 tumultuantibus
1352 526 1546 563 imminet
1565 523 1715 562 Turca.

274 580 325 619 In
341 580 466 619 rebus
482 584 573 619 tam
590 580 756 619 afflictis
773 592 927 631 magna
943 579 1154 630 quaedam
1171 592 1266 630 spes
1282 579 1412 618 habet
1430 580 1592 617 animos
1611 578 1817 616 bonorum

219 635 422 681 omnium,
448 634 537 674 fore
567 639 616 673 vt
640 634 837 673 discussis
866 634 1196 685 tempestatibus
1220 646 1294 684 per
1323 638 1366 672 te
1390 633 1512 672 nobis
1541 633 1745 671 serenitas
1768 645 1818 670 ac

135 705 197 737 345
218 689 507 740 tranquillitas
540 689 699 728 redeat.
758 689 1015 727 Pollicentur
1049 688 1128 727 1100
1162 689 1284 727 nobis
1318 700 1451 739 quum
1486 687 1593 726 aliae
1627 700 1692 725 res
1727 699 1817 737 per-

219 743 391 790 multae,
412 748 506 783 tum
525 744 706 783 eruditio
724 748 802 782 tua
818 756 906 782 non
923 742 1120 794 vulgaris,
1141 742 1292 781 deinde
1310 743 1393 782 ista
1412 755 1578 781 morum
1595 742 1819 792 integritas

218 811 244 836 a
264 799 410 849 primis
431 799 553 837 annis
573 798 630 837 ad
650 798 758 837 hane
780 811 913 849 vsque
935 801 1121 836 aetatem
1143 800 1337 849 spectata
1358 797 1535 836 cunctis.
1593 795 1817 834 Praeterea

218 857 413 892 senectus
444 853 540 900 ista,
575 865 685 904 quae
716 865 803 891 non
835 853 945 891 sinet
976 856 1019 890 te
1052 852 1134 891 alio
1167 855 1359 903 spectare
1390 864 1521 902 quam
1553 850 1609 889 ad
1640 850 1816 901 gloriam

217 907 371 946 Christi
396 920 445 947 ac
468 907 708 959 profectum
731 907 994 947 Christianae
1018 907 1203 958 pietatis.
1262 905 1482 944 Postremo
1506 918 1696 944 summus
1720 917 1817 942 cum

135 977 200 1009 350
219 961 394 1000 Caesare
408 961 557 1001 Carolo
572 975 811 1008 consensus,
829 962 947 1000 cuius
968 962 1177 1000 autoritas
1192 973 1242 999 ac
1260 961 1455 1011 potentia
1470 960 1549 998 hoc
1564 958 1814 1010 praestabit,

218 1020 268 1054 vt
290 1017 424 1066 possis
445 1017 576 1055 etiam
598 1016 760 1055 efficere
782 1016 898 1067 quod
920 1016 1131 1066 optimum
1153 1027 1242 1053 esse
1263 1014 1484 1052 iudicabis.

272 1071 394 1109 Certe
430 1071 487 1109 ad
522 1075 692 1110 tantam
730 1071 1144 1121 corruptissimorum
1182 1082 1348 1108 morum
1384 1068 1498 1107 luem
1535 1066 1816 1106 emouendam

217 1124 369 1163 validis
400 1125 730 1164 incantamentis
762 1129 827 1163 est
860 1137 978 1175 opus,
1013 1137 1061 1162 ac
1094 1122 1282 1162 venefico
1314 1122 1502 1174 quodam
1534 1121 1708 1168 artifice,
1742 1122 1816 1172 qui

216 1179 408 1218 incantet
444 1181 668 1230 sapienter.
727 1179 836 1217 Eam
873 1178 929 1217 ad
964 1191 1053 1217 rem
1089 1191 1166 1217 nos
1203 1190 1409 1229 organum
1445 1176 1619 1228 aliquod
1655 1188 1815 1215 nouum

133 1249 172 1281 35
179 1249 195 1282 5
215 1234 508 1284 porreximus3
554 1247 640 1273 non
672 1232 789 1284 quod
816 1232 983 1271 deesset
1010 1232 1265 1272 Psalterium
1294 1231 1564 1278 Dauidicum,
1597 1230 1671 1270 sed
1700 1230 1816 1281 quod

215 1288 331 1338 apud
353 1288 574 1339 plerosque
594 1289 764 1327 iaceret.
826 1286 972 1326 Habet
992 1287 1086 1333 hoc,
1109 1291 1159 1325 vt
1177 1287 1335 1333 ferunt,
1358 1286 1547 1325 humana
1568 1286 1742 1331 musica,
1767 1289 1816 1323 vt

215 1341 393 1381 affectus
414 1343 635 1381 hominum
654 1346 732 1381 aut
748 1343 936 1381 concitet
957 1345 1034 1380 aut
1055 1341 1313 1386 moderetur,
1331 1341 1367 1379 si
1388 1341 1482 1392 quis
1502 1339 1657 1379 artifex
1678 1344 1815 1378 certas

215 1396 457 1436 harmonias
494 1401 594 1448 apte
631 1396 890 1436 moduletur.
949 1395 1201 1435 Timotheus
1231 1395 1382 1434 solitus
1419 1395 1554 1434 fertur
1583 1393 1814 1433 Alexandri

215 1451 457 1490 Macedonis
478 1453 669 1490 animum
690 1451 747 1490 ad
768 1451 924 1490 bellum
945 1452 1069 1490 certis
1091 1450 1228 1489 modis
1249 1450 1488 1489 accendere.
1547 1448 1814 1500 Pythagoras

131 1514 197 1552 360
215 1505 423 1556 spondeos
447 1506 503 1544 ad
526 1506 758 1557 Phrygium
782 1505 957 1544 modum
980 1506 1187 1551 occinens‚
1213 1517 1355 1543 amore
1377 1504 1651 1555 lymphatum
1674 1502 1812 1541 adole-

214 1564 401 1599 scentem
417 1560 472 1599 ad
486 1562 744 1612 grauitatem
757 1561 1019 1599 immutauit.
1077 1559 1220 1599 Simile
1235 1559 1441 1610 quiddam
1455 1558 1601 1597 fecisse
1616 1561 1814 1596 narratur

214 1613 505 1666 Empedocles,
537 1616 610 1666 qui
643 1616 768 1654 certis
798 1614 934 1653 modis
964 1615 1144 1652 musices
1173 1614 1485 1652 adolescentem
1514 1614 1600 1651 iam
1630 1613 1692 1650 ira
1722 1624 1812 1662 per-

213 1669 346 1707 citum
364 1674 408 1708 et
424 1670 468 1708 in
487 1669 658 1708 caedem
675 1673 870 1708 ruentem
887 1668 943 1707 ad
961 1670 1190 1707 sanitatem
1207 1669 1430 1707 reuocarit.
1490 1667 1548 1705 Et
1565 1678 1812 1718 quanquam

211 1722 406 1762 fabulosa
428 1723 628 1762 videntur
650 1736 760 1774 quae
782 1723 834 1762 de
856 1723 1051 1762 Mercurii
1073 1727 1203 1773 atque
1227 1722 1383 1773 Orphei
1406 1722 1570 1761 cithara
1591 1720 1813 1772 prodidere

130 1786 190 1824 365
212 1781 388 1824 veteres,
422 1783 569 1817 tamen
601 1778 704 1817 haec
736 1779 829 1829 ipsa
860 1777 1064 1829 figmenta
1095 1781 1199 1816 nata
1231 1781 1332 1816 sunt
1364 1789 1417 1815 ex
1449 1777 1553 1815 artis
1585 1774 1811 1813 miraculis.

212 1831 333 1871 Certe
351 1832 645 1884 Terpandrum
664 1837 794 1884 atque
812 1832 1013 1871 Arionem
1031 1831 1147 1883 apud
1166 1831 1339 1870 Lesbios
1356 1835 1487 1881 atque
1505 1830 1648 1869 Ionios
1666 1829 1812 1868 multis

211 1890 256 1925 et
273 1887 473 1937 grauibus
492 1887 662 1933 morbis,
684 1887 915 1925 harmoniis
933 1887 1102 1925 musicis
1122 1886 1279 1925 mederi
1297 1885 1456 1931 solitos,
1477 1889 1654 1924 narrant
1672 1896 1811 1922 rerum

211 1945 427 1991 gestarum
469 1943 706 1993 scriptores.
765 1941 971 1980 Ismenias
1012 1940 1240 1980 Thebanus
1282 1940 1398 1991 apud
1440 1940 1625 1978 Boeotos
1666 1938 1812 1977 multis

212 1995 440 2034 ischiaticis
480 1997 715 2035 cruciatum
755 2000 858 2047 apto
898 1995 1185 2034 modulamine
1225 1995 1428 2034 exemisse
1467 1994 1653 2046 legiturx
1700 1992 1811 2032 Nam

129 2063 195 2096 370
212 2049 328 2100 quod
349 2051 411 2089 ait
432 2050 650 2102 Vergilius,

458 2126 652 2178 Frigidus
679 2127 725 2165 in
753 2127 887 2177 pratis
916 2126 1131 2165 cantando
1160 2127 1373 2177 rumpitur
1402 2125 1564 2177 anguis,

212 2206 262 2240 vt
291 2215 317 2240 a
346 2206 474 2254 poeta
503 2203 667 2242 dictum
697 2203 911 2242 contemni
942 2206 1124 2254 poterat,
1156 2203 1236 2241 nisi
1265 2206 1436 2241 nostrae
1465 2213 1636 2252 quoque
1664 2200 1812 2239 literae

212 2257 503 2296 meminissent
550 2256 727 2297 venefici
774 2258 1036 2296 incantantis
1084 2257 1296 2308 sapienter
1345 2260 1389 2295 et
1437 2255 1595 2307 aspidis
1644 2254 1809 2294 surdae.

212 2310 355 2349 Dauid
375 2324 452 2350 sua
472 2311 636 2350 eithara
655 2311 928 2351 succurrebat
948 2310 1077 2357 Sauli,
1099 2311 1266 2362 quoties
1287 2324 1312 2349 a
1332 2311 1482 2361 spiritu
1504 2309 1677 2348 Domini
1698 2308 1810 2347 malo

130 2378 191 2411 375
212 2365 471 2416 agitabatur.

267 2419 391 2467 Quod
416 2421 451 2459 si
479 2424 649 2459 tantam
677 2421 766 2459 vim
792 2420 923 2459 habet
952 2419 1140 2458 humana
1172 2420 1333 2458 musica
1361 2418 1417 2458 ad
1450 2417 1680 2457 mutandas
1709 2416 1807 2455 affe-

211 2474 372 2513 ctiones
415 2487 639 2526 corporum
682 2479 726 2513 et
763 2475 1014 2521 animorum,
1055 2478 1218 2525 quanto
1257 2472 1466 2513 credenda
1503 2476 1568 2511 est
1605 2471 1810 2511 efficatior

211 2528 402 2568 coelestis
441 2529 545 2568 haec
585 2542 634 2568 ae
674 2529 820 2568 diuina
860 2529 1021 2567 musica
1061 2528 1117 2567 ad
1155 2527 1397 2579 purgandos
1437 2527 1601 2566 animos
1640 2530 1809 2565 nostros

211 2595 237 2620 a
273 2583 430 2622 morbis
467 2583 757 2635 spiritualibus
794 2596 843 2621 ac
880 2583 1098 2634 spiritibus
1135 2582 1259 2621 huius
1296 2581 1424 2621 seculi
1461 2581 1595 2620 malis.
1654 2580 1808 2632 Ingens

129 2642 194 2681 380
211 2637 385 2676 morbus
414 2642 479 2676 est
507 2638 699 2685 ambitio,
731 2638 937 2688 pessimus
966 2638 1139 2688 spiritus
1169 2641 1234 2676 est
1258 2636 1366 2675 liuor
1386 2640 1430 2675 et
1450 2636 1607 2674 odium.
1665 2634 1808 2686 Atque

210 2690 453 2730 huiusmodi
483 2692 674 2743 pestibus
705 2693 893 2730 maxima
923 2704 1021 2742 pars
1053 2691 1387 2731 Christianorum
1418 2694 1602 2737 tenetur,
1634 2702 1711 2728 nee
1742 2689 1808 2727 his

210 2757 335 2795 saepe
356 2745 497 2785 liberis
519 2759 625 2797 quos
648 2746 875 2797 oportebat
897 2746 989 2785 aliis
1011 2745 1181 2784 mederi.
1239 2744 1475 2797 Propha-nis
1498 2744 1598 2784 olim
1620 2747 1742 2783 erant
1763 2747 1807 2782 et

213 2799 341 2838 verba
362 2804 405 2838 et
425 2813 562 2848 voces,
585 2801 740 2851 quibus
761 2801 891 2839 animi
913 2800 1100 2839 dolorem
1120 2800 1248 2839 lenire

460 2876 651 2924 Possent,
682 2881 726 2916 et
754 2889 954 2928 magnam
983 2876 1119 2916 morbi
1149 2876 1357 2928 deponere
1386 2878 1576 2927 partem;

254 2998 330 3031 337.
356 2989 562 3028 conflictari]
579 2991 629 3022 Cf.
649 2991 714 3032 Ep.
738 2993 830 3023 1228.
852 3001 953 3032 52nn.
1093 3000 1165 3031 372.
1192 2994 1332 3023 nostrae
1350 3014 1358 3021 .
1379 3013 1387 3022 .
1409 3013 1417 3020 .
1435 2988 1572 3029 literae]
1586 2989 1640 3021 Ps.
1658 2997 1708 3030 57.
1725 2994 1789 3030 5‚6.

256 3041 329 3073 370.
355 3033 539 3074 Vergilius]
558 3034 628 3066 Ed.
648 3036 678 3065 8.
701 3044 752 3074 71.
1092 3034 1164 3074 383.
1191 3033 1314 3073 verba]
1326 3033 1376 3066 Cf.
1390 3033 1475 3064 Hor.
1490 3033 1555 3073 Ep.
1574 3042 1600 3064 1.
1619 3041 1645 3064 1.
1661 3041 1749 3074 34‚5.
