2012 3370
290 124 342 161 68
763 121 1017 160 LETTERS
1049 122 1120 161 OF
1151 121 1414 162 ERASMUS
1765 123 1885 173 [1522

288 231 561 284 gaudeamus,
587 231 806 270 doleamus
832 230 1033 269 aduersis.
1091 230 1390 282 Colloquimur,
1420 234 1469 270 vt
1488 230 1627 270 solent
1641 235 1887 283 φιλομοῧσοι,

287 288 391 327 satis
410 286 675 325 familiariter
695 298 703 332 ;
735 284 840 324 dicit
859 298 902 323 sc
922 284 1071 323 afferre
1091 297 1201 335 quae
1220 285 1275 324 ad
1294 298 1371 325 nos
1400 285 1582 325 necdum
1608 285 1886 334 aduenerant,

231 357 265 389 ¹5
286 354 439 393 nempe
460 340 662 392 opuscula
683 339 848 390 aliquot
871 352 958 379 non
982 339 1220 379 inerudita:
1246 340 1362 391 quod
1380 340 1503 379 facile
1528 341 1787 392 suspicabar,
1813 341 1887 381 vbi

286 410 309 435 e
338 400 415 435 tua
444 396 610 434 officina
640 407 896 445 musaeoquc
926 394 1093 445 prodire
1122 395 1369 446 acciperem.
1427 395 1543 434 Nihil
1571 408 1657 433 non
1686 395 1885 443 nitidum,

284 451 389 490 nihil
404 463 490 488 non
506 462 742 500 syncerum⁷
761 448 964 499 quicquid
981 448 1259 487 Erasmicum.
1304 449 1618 500 Colloquiorum
1635 450 1885 500 opusculum

283 506 408 543 solito
438 505 604 542 auctius
631 503 969 554 locupletiusque
997 516 1199 542 excusum
1227 508 1386 542 narrat.
1446 503 1688 542 ‘Gaudium
1722 517 1884 543 merum

284 559 460 597 nuncias
476 558 484 573 '
508 559 684 608 inquam
715 571 804 608 ego.
859 557 867 572 ‘
885 557 965 604 Qui
995 558 1053 596 sic
1072 559 1085 596 2
1105 558 1112 572 ⁷
1167 557 1176 572 ‘
1191 558 1289 597 Non
1311 558 1399 596 est’
1430 559 1619 609 inquam,
1647 558 1655 573 ‘
1671 558 1788 609 quod
1817 572 1883 598 1116

224 629 267 651 20
284 614 416 664 magis
440 612 638 657 oblectet,
663 613 821 663 quippe
844 613 917 662 qui
940 611 1210 662 exploratum
1232 612 1426 659 habeam,
1452 625 1700 664 speremque
1722 612 1811 652 fore
1834 618 1884 652 vt

282 667 385 706 haec
408 667 603 706 certatim
627 667 802 717 parique
825 666 1044 717 diligentia
1064 670 1155 705 tam
1178 679 1296 706 senes
1318 679 1447 718 quam
1470 668 1643 705 iuuenes
1665 667 1881 714 euoluant,

282 726 507 761 conterant
533 725 664 772 atquc
691 721 894 767 ediscant,
924 720 1040 759 haud
1066 721 1320 760 mediocrem
1347 722 1444 759 hinc
1481 721 1656 760 relaturi
1688 721 1882 773 frugem?

284 775 386 823 Quis
407 777 519 814 enim
539 780 630 815 tam
652 775 848 826 stupidus
870 776 943 826 qui
963 788 1049 813 non
1069 777 1298 827 perspiciat
1318 788 1449 826 quam
1470 777 1556 814 sint
1576 775 1729 826 lcpida,
1752 789 1882 827 quam

282 832 368 869 sint
388 831 606 877 concinna,
629 843 759 880 quam
780 830 962 880 denique
982 830 1103 868 vtilia
1123 831 1137 868 2
1179 830 1266 869 Nec
1288 835 1365 876 est,
1388 831 1549 881 opinor,
1572 831 1799 881 quisquam
1820 831 1879 869 ita

221 901 260 933 25
281 886 474 936 ignauus,
484 889 534 923 vt
545 885 659 935 quod
671 889 735 923 cst
744 884 1176 933 familiarissfimum),
1187 884 1437 935 quodquein
1448 885 1632 935 singulas
1641 898 1747 935 pene
1756 885 1880 924 horas

280 939 367 978 fere
400 952 668 991 vsurpamus,
709 939 816 977 nolit
845 938 1239 989 candidiss<imum>
1267 939 1391 977 simul
1430 943 1473 977 et
1502 939 1878 978 absolutissimum.

282 994 406 1042 Quod
438 994 493 1032 ad
526 1007 592 1032 me
625 994 797 1039 attinet,
831 993 1025 1032 futurum
1059 993 1226 1031 confido
1258 998 1308 1032 vt
1341 994 1541 1044 Brugana
1573 993 1707 1045 pubes
1739 995 1826 1033 tuis
1858 1007 1880 1032 6

279 1048 507 1099 Colloquiis
531 1048 653 1099 longe
679 1047 837 1086 euadat
861 1047 1119 1094 doctissima,
1145 1047 1189 1086 id
1214 1047 1418 1098 perdocta
1442 1060 1528 1098 quo
1553 1051 1596 1086 et
1620 1047 1800 1086 literatis
1825 1049 1878 1087 sit

279 1103 433 1153 volupe
451 1107 495 1141 et
513 1106 739 1153 parentum
757 1103 801 1140 in
818 1101 963 1140 literas
980 1100 1218 1140 inflammet
1236 1103 1412 1140 animos.
1461 1101 1661 1140 Gaudent
1678 1103 1876 1142 nimirum

219 1173 260 1204 30
277 1157 351 1207 qui
372 1170 469 1195 suos
488 1157 569 1195 rite
590 1157 812 1195 institutos
833 1169 881 1194 ac
902 1155 1094 1195 literatos
1114 1155 1310 1202 audiunt,
1333 1156 1521 1206 aliosque
1541 1157 1585 1194 in
1606 1156 1649 1195 id
1670 1157 1878 1196 animant.

278 1211 442 1250 Deinde
456 1212 499 1249 in
511 1211 760 1249 Mathaeum
776 1213 1029 1262 Παράφριισιν
1042 1210 1244 1257 aeditam,
1259 1210 1475 1261 Epistolas
1485 1223 1654 1261 quoque
1667 1211 1876 1250 scribendi

279 1279 385 1317 opus
413 1278 499 1304 non
528 1265 691 1312 inutile,
723 1268 938 1316 postremo
967 1264 1179 1315 quaedam
1214 1266 1258 1303 in
1287 1265 1523 1304 Lutherum
1552 1278 1577 1303 a
1611 1269 1654 1304 te
1689 1266 1875 1316 scripta3

277 1333 387 1371 quae
423 1320 567 1371 qualia
602 1321 701 1366 sint,
739 1319 921 1358 necdum
957 1319 1100 1358 videre
1135 1319 1269 1358 licuit.
1335 1319 1535 1358 Gratulor
1570 1320 1694 1370 plane
1731 1324 1877 1359 nostro

275 1374 442 1413 saeculo
464 1379 556 1413 tam
577 1373 717 1413 foelici
739 1387 824 1424 quo
846 1374 990 1412 literas
1013 1374 1175 1412 renasci
1197 1373 1366 1412 videam
1390 1378 1520 1424 atque
1542 1375 1723 1421 restitui,
1748 1374 1878 1425 idque

218 1445 254 1476 33
277 1442 405 1480 opera
430 1429 497 1467 vel
524 1428 802 1467 Roterodami
828 1429 966 1466 vnius.
1021 1428 1164 1479 Atque
1191 1429 1356 1466 vtinam
1382 1429 1426 1466 in
1451 1428 1552 1467 fatis
1579 1429 1634 1467 sit
1660 1433 1710 1467 vt
1735 1429 1876 1479 plures

276 1483 517 1522 huiusmodi
533 1484 783 1534 contingant
799 1482 806 1521 !
850 1482 1131 1534 Digredimur,
1147 1482 1215 1521 1116
1235 1483 1500 1534 negotiorum
1516 1484 1673 1534 satagit
1688 1496 1874 1530 suorum,

277 1538 366 1589 ipse
386 1537 482 1577 alio.

331 1592 550 1631 Hactenus
584 1591 720 1642 qualis
754 1594 900 1630 nostra
932 1590 1062 1630 fuerit
1094 1590 1304 1629 fabulatio
1337 1590 1480 1629 habes.
1546 1591 1626 1638 Qui
1660 1591 1875 1630 Pratensis

276 1647 431 1693 valeat,
463 1647 658 1697 accipito.
720 1645 845 1684 Valet
874 1645 1109 1684 bellissime.
1172 1645 1314 1684 Musas
1344 1645 1458 1692 colit,
1489 1649 1539 1684 vt
1568 1645 1687 1692 solet,
1721 1647 1765 1684 111
1798 1646 1874 1684 has

213 1717 257 1747 40
276 1701 485 1740 incumbit
509 1713 586 1752 pro
610 1700 784 1739 viribus.
838 1699 987 1750 Neque
1011 1703 1076 1738 est
1100 1701 1211 1738 inter
1235 1700 1393 1738 aulicos
1417 1699 1496 1738 hoc
1521 1699 1761 1747 studiosior,
1788 1713 1873 1739 non

275 1759 341 1794 est
365 1756 438 1806 qui
463 1759 507 1793 et
531 1754 675 1794 literas
700 1757 744 1793 et
768 1754 960 1793 literatos
984 1754 1215 1805 impensius
1241 1758 1357 1793 amet
1382 1767 1431 1793 ac
1455 1758 1712 1794 reuereatur.
1767 1754 1872 1794 Cum

275 1809 355 1849 hiis
372 1809 567 1848 lubenter
585 1810 686 1860 agit,
706 1808 783 1847 hos
800 1821 886 1847 non
903 1812 1080 1860 grauate
1100 1808 1285 1859 hospitio
1305 1809 1475 1859 excipit,
1495 1809 1572 1847 hos
1589 1821 1676 1847 non
1692 1808 1871 1848 illibera-

274 1864 370 1903 liter
394 1863 577 1903 fortunis
602 1867 743 1914 auget,
770 1876 879 1914 quae
905 1864 993 1901 eius
1018 1866 1083 1901 est
1107 1863 1365 1902 humanitas.
1419 1863 1581 1909 Ausim,
1608 1863 1711 1902 mihi
1737 1863 1872 1910 crede,

275 1918 461 1957 deierare
491 1919 577 1956 iam
608 1931 634 1956 a
666 1918 836 1956 biennio
867 1921 1074 1968 perpetuo
1105 1930 1190 1968 quo
1221 1918 1301 1968 ipsi
1333 1917 1674 1968 preceptorculus
1705 1917 1871 1965 fuerim,

212 1988 252 2020 45
274 1973 438 2011 nullum
460 1972 572 2011 diem
592 1976 684 2011 tam
704 1973 857 2023 ignaue
878 1971 1086 2010 effluxisse
1107 1972 1211 2022 quin
1231 1972 1341 2010 linea
1361 1972 1406 2010 in
1425 1972 1557 2010 literis
1578 1971 1708 2011 ducta
1729 1985 1869 2024 super-

273 2032 398 2075 esset,
421 2027 585 2066 nullum
606 2030 698 2065 tam
722 2030 978 2077 occupatum
1001 2027 1104 2077 quin
1126 2026 1194 2065 vel
1215 2026 1364 2065 horam
1386 2026 1454 2065 vel
1476 2026 1670 2065 horulam
1692 2027 1872 2078 negotiis

274 2083 453 2132 publicis
476 2080 765 2120 suffuraretur.
820 2080 930 2128 Quid
953 2080 1144 2131 pluribus
1166 2082 1180 2119 Ζ
1234 2081 1313 2120 Est
1335 2080 1679 2127 studiosissimus,
1704 2085 1748 2120 te
1771 2094 1872 2132 prae

274 2137 451 2175 caeteris
471 2139 591 2174 amat
610 2136 745 2181 vnice,
766 2138 811 2173 te
836 2134 948 2173 orbis
967 2134 1104 2173 lucem
1125 2135 1386 2186 praedicans,
1414 2135 1583 2174 oculum
1604 2134 1868 2182 Germaniae,

274 2190 481 2229 Italorum
520 2190 766 2240 principem,
807 2188 1130 2234 Hollandorum,
1172 2189 1453 2227 Flandrorum
1486 2202 1535 2228 66
1569 2189 1770 2240 quicquid
1805 2194 1869 2228 est

214 2259 255 2290 go
273 2245 584 2284 maritimorum
594 2244 828 2290 hominum,
840 2243 981 2289 decus,
989 2243 1283 2294 theologorum
1291 2243 1641 2293 doctiss<imum>,
1651 2247 1868 2283 oratorum

271 2299 636 2345 facundissimum,
674 2302 824 2349 poetas
859 2298 970 2336 inter
1007 2310 1103 2336 cum
1140 2298 1325 2336 maxime
1361 2297 1567 2343 diuinum,
1606 2302 1700 2336 tum
1737 2297 1866 2337 artifi-

272 2353 607 2405 ciosiss<imum>.
661 2352 732 2399 Et,
769 2351 778 2367 ‘
798 2355 848 2391 vt
874 2352 1089 2390 hominem
1118 2352 1203 2390 suis
1232 2352 1404 2403 pingam
1429 2352 1650 2398 coloribus,
1677 2352 1865 2391 omnium

271 2412 336 2447 est
356 2407 364 2423 ²
388 2408 542 2458 inquit,
570 2407 578 2421 ‘
597 2406 797 2445 horarum
820 2406 948 2445 homo
972 2406 1252 2457 omnibusque
1275 2407 1460 2445 numeris
1482 2405 1821 2445 absolutissimus
1842 2407 1865 2446 ⁷.

271 2462 387 2500 Tuus
407 2466 472 2501 est
491 2466 622 2500 totus.

212 2530 227 2561 5
235 2530 249 2561 5
325 2516 420 2555 Iam
442 2515 495 2554 de
516 2515 648 2554 literis
670 2514 784 2553 audi.
836 2515 1000 2554 Literas
1022 2519 1120 2554 tuas
1142 2527 1254 2553 611110
1277 2515 1479 2566 superiori
1502 2514 1557 2553 ad
1580 2528 1622 2553 se
1645 2514 1770 2554 datas
1792 2515 1865 2554 vbi

271 2583 337 2609 me
361 2570 474 2621 prior
498 2583 520 2608 e
544 2569 696 2608 Viuete
719 2569 803 2607 luci
827 2569 951 2608 datas
975 2570 1218 2620 accepisset,
1245 2570 1421 2608 accersit
1444 2569 1741 2615 Bacchusium,
1767 2568 1864 2607 huic

269 2624 472 2675 gaudium
492 2624 788 2663 communicet.
837 2623 1012 2662 Vtinam
1031 2623 1246 2662 hominem
1265 2623 1410 2662 videas
1429 2623 1576 2670 ridere,
1598 2623 1762 2674 gestire,
1784 2623 1864 2661 sibi

269 2678 496 2729 gratulari!
554 2677 686 2716 Plane
715 2677 845 2716 alium
874 2677 1032 2716 diceres
1058 2677 1320 2724 Pratensem.
1346 2677 1584 2716 hominem:
1620 2681 1744 2716 tanto
1771 2682 1864 2716 erat

269 2732 407 2782 persus
405 2746 462 2771 us
484 2732 660 2794 gaudio.
722 2732 847 2770 ‘Non
876 2741 1075 2793 possum
1109 2733 1262 2782 inquit,
1297 2732 1410 2771 ‘non
1439 2731 1573 2770 videri
1602 2731 1861 2778 fortunatus,

208 2793 253 2822 60
269 2786 409 2868 quod
400 2799 434 2824 1s
452 2800 479 2824 x
481 2787 566 2824 isus
584 2787 662 2824 sim
680 2786 857 2824 Erasmo
874 2787 947 2836 qui
965 2786 1072 2824 611116
1077 2799 1195 2825 0111111
1214 2799 1384 2824 suorum
1403 2786 1625 2836 (athalogo
1642 2784 1860 2823 asscribar.

316 2903 367 2937 17.
385 2865 665 2947 Colloquiorum]
685 2896 747 2928 See
767 2896 822 2938 Ep
799 2907 832 2938 p.
858 2897 949 2927 1262.
1149 2897 1200 2935 38.
1228 2895 1418 2934 Pratensis]
1435 2895 1496 2928 See
1513 2895 1577 2936 Ep.
1600 2903 1706 2932 1191,
1731 2894 1799 2925 and
1818 2894 1860 2926 ci.

314 2947 367 2979 31.
395 2943 482 2978 napa
475 2939 618 2978 ιιμφχασι]
635 2939 697 2972 See
714 2940 779 2981 Ep.
802 2948 894 2981 1255.
1102 2939 1166 2981 Ep.
1191 2941 1284 2971 1281.
1305 2943 1357 2981 64.

355 2981 547 3024 Epistolas]
568 2982 629 3014 See
649 2983 714 3023 Ep.
740 2985 833 3024 1284.
1147 2990 1197 3023 55.
1224 2981 1374 3021 Literas]
1400 2982 1466 3023 Ep.
1501 2990 1606 3019 1191:
1650 2981 1759 3013 which
1791 2980 1859 3014 had

315 3034 368 3066 32.
392 3026 430 3058 in
449 3024 658 3065 Lutherum]
675 3025 724 3058 Of.
743 3026 808 3068 Ep.
835 3035 928 3067 1275.
951 3036 1027 3059 zon.
1098 3027 1170 3066 just
1187 3026 1271 3058 been
1288 3024 1427 3067 printed
1445 3025 1480 3057 in
1497 3023 1533 3056 F.
