2012 3370
176 135 299 186 1416]

655 137 728 176 TO
758 137 940 176 ENNIO
972 137 1291 177 FILONARDI

1695 139 1772 177 395

175 244 481 296 Lothoringum
503 244 715 297 quendam
737 245 951 285 hominem
974 246 1082 285 male
1102 246 1324 298 loquacem
1346 260 1353 285 :
1392 247 1460 286 cui
1481 247 1773 287 commiseram
1795 263 1809 294 5

175 302 226 337 vt
260 299 296 338 si
329 299 411 339 tibi
445 299 687 339 veredarius
722 304 833 340 esset
866 313 941 352 per
976 313 1104 352 quem
1139 301 1313 341 celerius
1348 314 1398 341 ac
1432 301 1571 341 tutius
1604 301 1775 342 litterae

175 352 358 392 Romam
393 353 567 405 perferri
600 357 786 405 possent,
822 354 883 393 illi
917 355 1215 402 traderentur;
1267 355 1334 395 sin
1368 355 1521 403 minus,
1557 355 1647 407 ipse
1682 369 1774 407 per-

172 406 314 447 ferret.
367 407 479 447 Eum
502 421 555 448 ex
578 407 810 447 amicorum
832 408 987 448 litteris
1009 409 1198 460 intelligo
1221 409 1307 448 iam
1332 410 1607 450 Constantiae
1630 409 1774 450 fuisse.

228 461 422 501 Calculus
446 462 505 502 sic
530 475 596 502 me
621 466 783 501 tractat
808 467 858 502 vt
883 462 986 502 1111111
1012 463 1287 514 cogitandum
1312 464 1368 503 sit
1393 464 1446 503 de
1471 464 1774 515 proficiscendo

174 528 260 554 non
294 516 478 555 Romam
511 516 585 555 sed
619 516 958 563 Hierosolimam,
994 517 1111 556 illam
1144 518 1322 568 inquam
1357 518 1554 558 celestem
1588 519 1774 570 patriam
1796 534 1835 556 10

454 571 569 622 quod
611 570 693 610 iter
736 571 902 609 vtinam
947 571 1138 610 Christus
1182 572 1370 622 optimus
1414 573 1627 612 maximus
1671 572 1775 612 mihi

174 573 365 609 nostram
385 584 393 609 :

174 636 421 674 prosperum
441 638 528 664 esse
548 624 651 664 velit
671 625 678 664 !
729 625 787 665 Et
805 629 952 664 tamen
971 626 1006 664 si
1024 629 1193 676 praeter
1212 638 1330 677 spem
1350 626 1552 678 obtigerit
1571 626 1774 666 valetudo

174 677 344 726 firmior,
361 692 571 730 nusquam
587 679 693 719 mori
708 679 852 719 malim
868 692 998 731 quam
1014 679 1190 726 Romae,
1207 680 1428 731 presertim
1444 681 1523 720 1100
1538 680 1744 720 Pontifice
1765 694 1773 720 :

174 744 421 784 quanquam
454 734 660 772 nunciant
692 733 776 773 illic
809 733 980 773 tolerari
1011 734 1245 781 Stunicam‚
1281 734 1497 774 hominem
1527 735 1775 787 simpliciter

172 786 370 826 insanum
413 791 458 827 et
499 787 701 827 aduersus
745 788 999 839 dignitatem
1043 788 1313 827 Pontificiam
1356 802 1405 828 ac
1449 789 1774 829 Cardinaliciam
1796 804 1832 837 15

174 841 443 882 emittentem
468 842 740 882 stultissimos
759 842 935 890 libellos,
957 842 1113 894 quibus
1139 855 1206 881 me
1232 843 1379 882 studet
1403 842 1542 883 facere
1568 843 1772 883 Luthera-

173 907 289 942 num,
321 909 454 947 quum
482 896 550 936 hic
578 896 701 948 longe
727 897 844 936 aliud
872 897 1095 936 clamitent
1123 897 1248 936 amici
1277 897 1455 937 Lutheri
1484 911 1532 936 ac
1562 897 1775 937 Lutherus

172 949 274 999 ipse.

340 950 482 990 Homo
517 955 659 1002 gestat
693 951 739 990 in
775 951 923 1003 clypeo
960 965 1036 991 suo
1074 951 1314 999 cathenam,
1353 956 1397 991 et
1432 952 1558 1004 plane
1595 952 1776 991 vinculis

173 1003 325 1055 dignus
351 1009 428 1045 est.
483 1004 593 1045 Sunt
619 1005 763 1045 stolidi
788 1006 986 1045 monachi
1011 1006 1085 1057 qui
1110 1006 1348 1045 subornant
1372 1006 1485 1046 hunc
1511 1006 1774 1053 histrionem,

172 1071 297 1097 suum
324 1060 545 1111 negocium
571 1064 758 1111 agentes,
787 1073 873 1099 non
898 1060 1130 1100 Pontificis.

173 1112 261 1152 siue
282 1126 368 1152 non
389 1126 556 1161 venero,
578 1114 688 1154 hanc
709 1114 1011 1166 synceritatem
1032 1127 1163 1166 quam
1185 1114 1350 1155 Christo
1372 1118 1416 1154 et
1435 1114 1535 1155 Sedi
1555 1114 1776 1155 Romanae

173 1166 379 1207 hactenus
400 1168 580 1220 prestiti,
604 1182 769 1220 semper
788 1169 1002 1220 prestabo.
1054 1169 1106 1208 In
1127 1169 1262 1208 tantis
1282 1169 1409 1209 rebus
1429 1169 1563 1209 tantis
1584 1169 1775 1221 primati-

174 1220 252 1260 bus
288 1221 475 1274 ingerere
512 1223 746 1271 consilium,
786 1227 835 1263 vt
872 1228 937 1263 est
972 1237 1187 1275 arrogans,
1225 1224 1288 1263 ita
1324 1236 1476 1275 parum
1514 1228 1579 1263 est
1614 1227 1774 1263 tutum.

172 1274 385 1315 Adrianus
402 1278 488 1316 suis
506 1276 715 1316 Breuibus
732 1282 988 1329 prouocarat
1006 1282 1055 1317 vt
1071 1278 1117 1317 id
1132 1277 1328 1317 facerem.
1376 1278 1532 1329 Scripsi
1549 1278 1775 1330 quaedam,

172 1329 247 1368 sed
262 1329 325 1369 ita
343 1334 393 1370 vt
408 1344 486 1382 pro
503 1344 590 1371 non
607 1332 774 1383 scriptis
791 1331 1062 1379 haberentur,
1082 1332 1118 1371 si
1134 1332 1274 1371 minus
1291 1333 1586 1384 probarentur.
1634 1332 1777 1384 Atque
1795 1349 1813 1372 2
1820 1349 1835 1381 5

173 1384 283 1423 sensi
315 1384 426 1424 illico
460 1389 558 1436 post
592 1390 783 1425 mutatos
817 1386 917 1425 deos
938 1400 946 1426 :
997 1400 1074 1426 nec
1108 1399 1299 1438 vnquam
1332 1386 1401 1426 ille
1434 1386 1667 1438 respondit,
1703 1385 1778 1426 sed

172 1437 349 1477 Stunica
376 1440 516 1491 coepit
543 1441 599 1479 ad
626 1453 746 1479 suam
773 1440 909 1480 redire
934 1440 1139 1480 fabulam.
1197 1441 1240 1481 Si
1266 1440 1477 1492 principes
1505 1440 1778 1480 consentiunt

173 1505 270 1531 cum
292 1492 511 1541 Pontifice,
535 1494 658 1534 facile
681 1495 973 1535 cohercebitur
994 1495 1263 1546 quorundam
1286 1495 1488 1535 seditiosa
1508 1495 1775 1547 improbitas.

172 1546 256 1586 Sed
274 1547 457 1588 eximere
474 1563 528 1589 ex
548 1549 700 1589 animis
718 1549 940 1589 hominum
959 1549 1076 1601 quod
1095 1549 1211 1601 apud
1231 1549 1388 1589 multos
1408 1550 1578 1601 penitus
1596 1550 1775 1589 infixum

173 1605 249 1648 est,
286 1605 331 1641 et
365 1603 423 1642 sic
458 1603 617 1643 mederi
649 1603 748 1643 huic
783 1604 895 1643 malo
931 1608 981 1644 vt
1014 1617 1100 1643 non
1134 1604 1449 1655 repullulascat,
1485 1604 1530 1643 id
1565 1604 1776 1644 medicum
1796 1622 1838 1653 30

953 1658 1088 1706 Quem
1125 1658 1238 1698 hunc
1274 1658 1467 1698 Medicen
1502 1658 1697 1699 futurum
1734 1662 1779 1697 et

173 1656 419 1708 quempiam
453 1658 661 1710 insignem
696 1659 886 1710 requirit.

174 1714 277 1761 opto
301 1715 345 1750 et
366 1724 488 1763 spero
508 1726 516 1752 :
557 1713 625 1752 cui
645 1726 732 1753 non
756 1713 894 1761 deero,
918 1712 992 1752 vbi
1014 1726 1058 1752 se
1080 1717 1251 1764 tempus
1274 1712 1408 1752 dabit.

228 1764 272 1804 Si
303 1778 410 1816 opus
441 1766 690 1807 absoluatur
722 1771 954 1819 antequam
986 1767 1186 1818 obtingat
1216 1767 1408 1814 nuncius,
1443 1768 1615 1806 mittam
1648 1767 1703 1806 ad
1734 1771 1778 1805 te

175 1818 460 1870 Paraphrasin
491 1821 697 1861 Clementi
728 1821 944 1861 dicatam:
993 1822 1058 1861 sin
1089 1822 1242 1868 minus,
1276 1822 1449 1861 mittam
1480 1820 1776 1872 prefationem,

176 1877 224 1912 vt
252 1887 338 1913 vna
367 1888 463 1914 cum
492 1876 595 1914 meis
622 1876 776 1915 litteris
804 1876 988 1915 Romam
1016 1875 1254 1927 perferatur
1274 1889 1367 1915 11100
1389 1880 1577 1927 sumptu.

174 1940 305 1978 quam
339 1929 374 1967 si
408 1930 627 1981 continget
660 1930 853 1977 nuncius,
888 1930 1069 1970 libenter
1103 1930 1284 1982 accipiet
1316 1930 1426 1969 hanc
1461 1930 1670 1969 sarcinam
1704 1942 1778 1980 spe

174 1983 336 2032 premii.
410 1984 523 2024 Nam
568 1984 780 2024 Adrianus
826 1985 946 2024 dedit
990 1983 1212 2024 tabellario
1258 1984 1481 2024 Basiliensi
1525 1997 1602 2036 pro
1648 1983 1779 2023 allato

174 2036 362 2076 Arnobio
387 2051 460 2077 sex
485 2039 676 2087 ducatos,
703 2039 833 2091 idque
855 2039 1027 2091 propria
1051 2052 1178 2078 manu
1201 2053 1209 2085 ;
1252 2039 1411 2090 alioqui
1435 2052 1521 2078 non
1546 2038 1779 2078 admodum

174 2090 370 2131 liberalis.

176 2198 263 2239 fere
288 2202 477 2241 sexcenti
500 2202 632 2242 floren
657 2203 786 2242 aurei.

430 2093 581 2132 Caesar
612 2097 656 2133 et
684 2094 924 2145 Margareta
952 2094 1103 2133 iubent
1133 2107 1200 2133 me
1228 2094 1364 2133 redire
1393 2094 1438 2132 in
1468 2093 1778 2132 Brabantiam:

176 2146 292 2195 quod
310 2146 355 2185 ni
372 2146 496 2194 facio,
517 2148 780 2199 periclitatur
800 2149 958 2200 pensio.
1007 2148 1135 2187 Cuius
1154 2149 1323 2188 nomine
1344 2148 1447 2187 mihi
1465 2148 1551 2186 iam
1571 2147 1781 2187 debentur
1798 2167 1840 2197 40

231 2254 337 2294 Vide
361 2260 410 2295 vt
430 2257 474 2295 in
497 2257 636 2296 sinum
658 2257 901 2298 amicissimi
924 2257 1027 2297 mihi
1050 2257 1232 2297 Presulis
1255 2271 1304 2297 ac
1327 2257 1498 2308 patroni
1521 2257 1663 2296 omnia
1687 2268 1779 2296 mea

799 2365 848 2396 14.
874 2365 1058 2398 qunquam
1077 2355 1156 2388 MS.

225 2473 252 2505 5.
279 2464 548 2507 Lothoringum]
579 2466 628 2500 Cf.
659 2467 723 2509 Ep.
754 2477 848 2508 1423.
873 2470 942 2507 48—
1009 2465 1046 2498 of
1067 2464 1242 2498 Stunica's
1265 2463 1510 2496 Annotationes
1531 2463 1670 2504 against
1692 2462 1779 2495 both

180 2516 240 2548 50;
265 2509 414 2551 perhaps
432 2510 550 2542 Verier
569 2511 649 2552 (Ep.
671 2513 765 2552 1508.
788 2513 856 2551 311).

223 2561 253 2590 9.
280 2552 454 2594 Calculus]
471 2553 538 2586 For
554 2565 575 2585 a
591 2554 696 2587 letter
712 2554 748 2586 of
765 2554 942 2586 Filonardi

178 2594 289 2627 about
307 2596 378 2628 this
396 2597 481 2629 time
500 2598 623 2640 urging
642 2598 809 2630 Erasmus
828 2601 866 2630 to
886 2601 943 2638 try

179 2648 200 2669 a
222 2637 415 2672 Constance
437 2640 619 2690 physician
640 2651 696 2673 sec
717 2650 742 2679 1,
766 2652 798 2683 p.
822 2649 875 2682 45.
899 2650 942 2680 42

179 2683 643 2768 {veii‘lxhoaffssssdplss11353i'a
660 2684 944 2764 fffiffffigggssj

181 2768 224 2800 he
261 2769 331 2802 had
369 2770 498 2803 offered
535 2772 703 2803 remedies
739 2774 819 2803 sent
854 2771 945 2802 from

180 2812 298 2853 Italy:
328 2824 384 2845 see
399 2813 463 2855 Ep.
485 2823 578 2854 1342.
596 2824 738 2855 431—42.

230 2858 279 2888 18.
305 2857 507 2897 cathenam]
547 2858 597 2890 Cf.
642 2858 705 2899 Ep.
753 2866 845 2898 1415.
891 2860 943 2889 26.

180 2900 214 2932 J.
266 2901 305 2933 B.
353 2901 529 2942 Rietstap‚
576 2901 750 2934 Armorial
794 2900 946 2937 Οέηέναὶ,

179 2944 841 3028 {2¹2}ss⁶33³tff¹3⁰0¹5312r353⁸031ssgss³¹¹5133
850 2944 948 3021 ξ’ἒὲέἶ

182 3041 240 3063 are
265 3032 385 3064 shown
410 3033 446 3064 in
472 3033 565 3075 large
592 3044 635 3065 011
662 3033 722 3066 the
749 3032 947 3074 title-pagos

1012 2509 1124 2541 Faber
1137 2508 1355 2549 Stapulcnsis
1369 2507 1438 2539 and
1453 2507 1630 2544 Erasmus,
1646 2505 1777 2543 Alema,

1012 2552 1052 2585 A.
1070 2552 1110 2584 G.
1127 2552 1304 2589 Bmcario,
1323 2560 1406 2592 1519
1421 2550 1492 2582 and
1510 2558 1604 2591 1520.

1058 2605 1110 2634 24.
1135 2595 1326 2635 Adrianus]
1342 2595 1404 2627 See
1422 2594 1511 2635 Epp.
1535 2602 1629 2635 1324,
1652 2594 1745 2634 1338.

1101 2639 1229 2680 Scripsi
1245 2638 1435 2680 quaedam]
1451 2638 1516 2679 Ep.
1539 2646 1632 2678 1352.

1058 2683 1110 2714 26.
1137 2685 1294 2714 mutatos
1306 2681 1405 2721 deos]
1417 2680 1467 2713 Of.
1484 2680 1568 2713 Hor.
1585 2679 1621 2712 C'.
1642 2689 1667 2712 1.
1686 2689 1714 2721 5.
1733 2682 1755 2712 6
1769 2691 1777 2717 ;

1013 2726 1083 2758 and
1099 2725 1153 2758 for
1169 2726 1230 2758 the
1247 2725 1380 2767 change
1395 2725 1431 2756 in
1444 2722 1606 2756 Adrian’s
1622 2724 1780 2756 attitude

1013 2779 1069 2801 sce
1079 2769 1143 2810 Ep.
1163 2771 1257 2810 1384.
1270 2777 1348 2810 25n.
1377 2768 1428 2801 Cf.
1442 2769 1515 2800 also
1532 2768 1596 2809 Ep.
1616 2768 1709 2806 1408.
1728 2778 1777 2809 17.

1060 2822 1112 2853 34.
1138 2812 1385 2854 prefationem]
1402 2812 1466 2853 Ep.
1490 2820 1584 2851 1414.

1061 2865 1111 2897 37.
1137 2856 1327 2896 Adrianus]
1341 2856 1404 2888 See
1421 2855 1485 2896 Ep.
1508 2864 1593 2895 1304
1606 2855 1734 2887 introd.

1102 2899 1285 2932 tabellario
1341 2898 1540 2939 Basiliensi]
1594 2898 1657 2932 See
1712 2899 1776 2940 Ep.

1020 2953 1029 2975 1
1060 2952 1112 2982 29.
1131 2953 1187 2983 311.

1038 2953 1112 3026 341.
1136 2987 1208 3020 fere
1224 2987 1395 3027 sexcenti]
1411 2986 1508 3020 With
1524 2986 1594 3019 this
1612 2986 1718 3028 figure
1736 2986 1777 3018 cf.

1016 3031 1104 3071 Epp.
1127 3032 1220 3071 1408.
1244 3039 1544 3072 11—1:‚1417.23.

1187 1061 1278 1112 Ego
1299 1060 1388 1100 siue
1414 1061 1600 1100 Romam
1620 1074 1775 1100 venero
1793 1077 1836 1100 20

1636 1875 1776 1923 Quan-
1798 1893 1836 1926 35
