2012 3370
167 370 201 402 ιε

165 641 209 664 20

224 139 275 175 84
696 134 950 174 LETTERS
981 134 1054 173 or
1085 133 1349 173 ERASMUS
1698 134 1820 182 [1522

224 246 379 298 pollere
408 248 590 291 constat,
625 243 805 282 eundem
836 256 888 281 ex
917 243 1048 294 ipsius
1077 241 1243 281 officina
1275 242 1490 294 prodiisse,
1523 241 1647 280 multi
1676 245 1822 281 tamen

226 305 468 347 autumant,
488 312 589 351 ymo
604 299 832 344 affirmant,
848 297 908 336 illi
927 296 1088 348 aliquid
1105 309 1158 335 ex
1175 297 1239 335 tui
1257 297 1412 348 ingenii
1430 296 1567 335 Marte
1585 296 1820 335 accessisse.

226 355 349 403 Quod
362 356 492 394 etiam
507 355 541 392 si
555 352 719 391 libcllus
733 352 801 390 ille
814 353 952 403 regius
966 352 1052 390 tuis
1066 352 1233 402 scriptis
1247 355 1531 403 comparatur,
1547 364 1600 390 ex
1614 350 1824 390 scribendi

225 410 295 449 filo
324 409 446 448 facile
476 406 818 459 deprehenditur.
877 406 936 444 At
965 405 1169 457 quicquid
1198 406 1266 452 sit,
1298 418 1516 457 speramus
1545 404 1824 456 proculdubio

224 463 411 503 libellum
433 463 545 501 hunc
567 461 646 500 sub
667 461 781 500 tanti
802 464 978 511 tamque
999 459 1155 499 eruditi
1177 459 1304 511 Regis
1324 459 1453 499 titulo
1474 459 1651 506 editum,
1675 462 1825 498 contra

224 518 398 557 Martini
417 515 591 555 friuolas
611 515 861 561 Positiones,
892 527 999 565 quas
1027 515 1113 553 iam
1142 527 1216 565 per
1244 514 1409 565 aliquot
1437 527 1570 552 annos
1599 515 1644 552 in
1672 513 1825 565 vulgus

225 572 393 623 sparsit,
416 583 502 609 non
522 570 743 608 minimam
765 570 1067 608 auctoritatem
1089 568 1350 607 habiturum.

279 625 403 665 Certo
432 626 562 663 etiam
591 624 800 663 credimus
835 623 1019 661 maxime
1054 623 1150 661 huic
1184 623 1244 661 rei
1278 622 1550 674 profuturum
1585 623 1619 661 si
1653 626 1715 669 tu,
1753 623 1826 672 qui

226 681 384 731 pariter
417 683 461 718 et
495 679 689 717 doctrina
722 682 766 717 et
800 677 967 716 dicendi
1001 677 1294 728 scribendique
1328 678 1449 728 copia
1484 678 1632 716 ceteris
1666 677 1827 727 egregie

227 738 403 785 prestas,
432 734 477 772 in
503 733 612 772 hanc
640 745 813 771 arenam
841 731 1125 771 descenderes,
1182 731 1436 770 Prodierunt
1463 732 1575 770 enim
1601 732 1757 770 iterum
1783 731 1827 768 in

227 789 391 840 vulgari
421 792 568 827 nostro
596 786 848 826 Germanico
874 787 1021 838 paucis
1050 786 1199 825 diebus
1229 786 1380 837 elapsis
1408 786 1581 825 Martini
1608 785 1829 834 Lut<heri>

225 843 355 882 libelli
375 842 473 889 duo,
495 843 539 881 in
558 855 740 893 quorum
760 842 885 880 vnius
904 840 1168 892 frontispicio
1188 853 1276 879 sese
1297 840 1566 879 ecclesiasten
1585 840 1799 891 inscripsit
1820 852 1827 877 :

166 913 182 935 2
190 913 204 944 5
227 910 333 949 quos
356 897 505 936 ambos
528 897 584 935 ad
605 900 649 935 te
672 896 898 942 mittimus,
922 896 967 934 in
989 895 1144 946 quibus
1166 895 1377 933 Martinus
1399 899 1443 934 et
1472 895 1523 933 de
1554 894 1830 933 sacramentis

169 1185 211 1216 30

170 1456 207 1487 35

169 1728 213 1758 40

226 952 518 991 ecclesiasticis
547 955 592 990 et
621 951 674 989 de
702 950 1009 1001 prim[i]oribus
1039 949 1223 988 Ecclesie
1255 949 1467 1000 capitibus
1497 953 1643 988 nostro
1673 948 1829 987 iudicio

227 1007 333 1045 adeo
370 1018 532 1057 spurce,
572 1005 763 1051 obscene,
802 1004 1072 1055 impudenter
1105 1017 1154 1042 ac
1191 1004 1412 1042 temerarie
1450 1003 1630 1054 scripsit,
1669 1006 1718 1041 vt
1756 1003 1827 1041 vix

226 1062 456 1112 quicquam
488 1060 621 1111 magis
653 1072 814 1110 spurce,
848 1058 1039 1104 obscene,
1072 1058 1342 1108 impudenter
1373 1070 1422 1096 ac
1453 1057 1675 1095 temerarie
1706 1056 1831 1095 scribi

227 1116 362 1166 possit
382 1118 425 1153 et
446 1113 602 1152 valeat.

281 1169 370 1219 Age
393 1169 536 1219 igitur,
561 1167 737 1206 Erasmc
760 1166 1017 1212 doctissime,
1042 1170 1086 1205 et
1109 1179 1186 1217 pro
1210 1166 1365 1205 Christi
1389 1165 1486 1204 Iesu
1510 1178 1653 1204 amore
1676 1166 1832 1216 ingenii

228 1224 292 1262 tui
320 1222 531 1274 preclaras
557 1222 667 1260 vires
688 1222 825 1260 omnis
852 1221 950 1259 huic
968 1222 1028 1259 rei
1048 1220 1325 1259 accommoda
1345 1234 1353 1267 ;
1398 1220 1480 1259 huc
1500 1233 1646 1260 omnes
1665 1219 1830 1258 dicendi

228 1277 522 1327 scribendique
537 1289 690 1315 neruos
704 1275 846 1322 tende,
863 1288 949 1326 quo
963 1274 1139 1314 tandem
1154 1274 1397 1313 huiusmodi
1412 1274 1471 1313 illi
1486 1278 1578 1313 tam
1592 1273 1831 1325 impudenti

228 1336 272 1371 et
298 1331 523 1370 temerario
550 1331 613 1370 ita
640 1343 715 1381 per
741 1334 785 1369 te
813 1330 1093 1368 obstruantur
1120 1342 1208 1376 ora,
1235 1342 1288 1367 ne
1316 1328 1514 1380 deinceps
1539 1333 1632 1367 tam
1659 1330 1833 1379 impune

226 1391 404 1437 tamque
423 1385 598 1424 licenter
617 1385 662 1423 in
681 1384 807 1423 rebus
827 1384 955 1423 sacris
974 1384 1199 1422 temeraria
1219 1396 1269 1422 ac
1288 1383 1510 1434 prophana
1530 1396 1607 1422 sua
1627 1383 1835 1421 abutatur

227 1441 412 1479 licentia.
467 1439 614 1478 Facies
640 1438 918 1489 proculdubio
943 1439 988 1477 in
1013 1438 1092 1477 hoc
1119 1438 1210 1477 Deo
1230 1442 1318 1489 opt.
1341 1451 1454 1476 max.
1481 1451 1570 1476 rem
1597 1442 1833 1488 acceptam,

229 1494 465 1534 Christiane
486 1494 589 1545 reip.
611 1506 698 1532 non
717 1493 926 1539 inutilem,
949 1505 1049 1543 ymo
1070 1491 1318 1543 proficuam,
1339 1492 1421 1530 tibi
1442 1491 1614 1542 quidem
1635 1491 1832 1530 honorifi-

228 1561 323 1588 cam
348 1561 397 1587 ac
422 1548 544 1587 nobis
570 1548 761 1586 omnium
785 1548 1071 1598 gratissimam
1092 1560 1100 1593 ;
1143 1559 1229 1597 qua
1254 1548 1385 1585 etiam
1409 1547 1617 1597 imprimis
1643 1547 1833 1585 omnium

229 1603 381 1642 saltem
410 1602 462 1641 de
491 1602 727 1642 Christiane
755 1603 858 1652 reip.
889 1601 1026 1640 salute
1055 1601 1161 1640 bene
1190 1601 1453 1652 sperantium
1482 1600 1562 1639 tibi
1591 1600 1834 1639 conciliabis

230 1658 407 1703 animos,
440 1669 679 1707 nomenque
709 1660 834 1695 tuum
865 1656 1109 1707 posteritati
1138 1655 1379 1694 immortale
1410 1654 1574 1693 efficies.
1635 1654 1751 1695 Vale.
1785 1668 1833 1692 ac

229 1712 339 1751 hanc
360 1712 637 1750 monitionem
658 1714 850 1749 nostram
872 1710 972 1749 boni
994 1709 1201 1756 consulas,
1223 1722 1398 1760 nosque,
1420 1710 1486 1748 vti
1506 1709 1624 1756 facis,
1647 1721 1756 1747 ama.

284 1766 351 1805 Ex
375 1778 470 1804 arce
494 1769 641 1804 nostra
666 1764 965 1814 Dresd[r]ensi,
990 1765 1083 1816 ipsa
1108 1764 1176 1803 die
1200 1764 1395 1803 mercurii
1418 1776 1532 1802 nona
1556 1764 1711 1802 mensis
1736 1763 1833 1802 Iulii

230 1821 330 1860 anni
353 1821 560 1859 currentis
582 1832 710 1870 supra
732 1819 1001 1858 millesimum
1024 1819 1410 1870 quingentesimum
1433 1817 1812 1869 vigesimisecundi.

547 1874 603 1912 'err
623 1873 821 1923 oriqinali
841 1873 901 1912 sie
921 1873 1150 1924 subscripto

1011 1927 1214 1978 Georgius
1244 1927 1331 1965 dux
1361 1927 1556 1973 Saxonie,
1588 1930 1668 1966 etc.
1736 1933 1742 1937 ⁴

1271 1994 1402 2020 manu
1431 1982 1615 2033 propria.

679 2090 801 2128 1299.
865 2087 933 2128 ΤΟ
966 2087 1113 2129 JOSSE
1146 2088 1389 2130 LAURENS.

281 2160 383 2205 Opus
401 2160 654 2205 Epistolarum
668 2172 703 2204 p.
720 2171 800 2204 722.
1605 2161 1723 2195 Basle.

281 2218 326 2254 N.
344 2230 378 2263 p.
395 2220 489 2260 689:
517 2217 633 2253 Lond.
652 2219 726 2253 xix.
746 2229 809 2253 112
829 2232 836 2253 :
865 2218 937 2253 LB.
954 2220 1035 2260 629.
1519 2230 1560 2264 14
1576 2219 1667 2264 July
1685 2228 1784 2263 1522.

277 2289 374 2331 [This
399 2289 469 2321 and
495 2290 558 2331 Ep.
590 2299 674 2330 1300
698 2289 798 2321 mark
822 2300 843 2321 a
868 2290 1083 2332 resumption
1108 2290 1143 2322 of
1168 2290 1344 2322 Erasmus'
1370 2290 1570 2322 endeavour
1594 2293 1632 2321 to
1657 2289 1757 2321 make
1783 2289 1836 2321 his

234 2334 386 2376 position
403 2344 447 2365 on
464 2333 523 2365 the
539 2333 717 2365 Lutheran
733 2334 895 2375 question
911 2333 1038 2374 clearly
1053 2333 1266 2365 understood
1282 2337 1320 2365 at
1336 2333 1443 2365 Court
1457 2346 1465 2366 ε
1495 2333 1537 2364 cf.
1557 2333 1623 2374 Ep.
1643 2335 1736 2374 1278.
1759 2344 1833 2375 1311.

234 2377 307 2409 The
321 2377 504 2452 year-dglte
519 2377 623 2409 needs
638 2387 685 2408 no
699 2376 955 2410 confirmation.
993 2377 1082 2419 Epp.
1104 2387 1219 2418 1301‚2
1237 2377 1310 2408 also
1324 2377 1450 2409 should
1464 2377 1507 2409 be
1522 2376 1605 2408 read
1618 2377 1655 2408 in
1670 2377 1832 2418 conjunc-

235 2422 310 2453 tion
326 2421 411 2453 with
429 2424 444 2452 t
472 2421 508 2452 's.

278 2465 302 2497 J
305 2474 378 2496 osse
395 2464 549 2495 Laurens
566 2474 604 2495 or
619 2464 824 2505 Lauwcreys
841 2464 876 2505 (†
890 2466 912 2496 6
929 2464 1018 2496 Nov.
1041 2465 1150 2506 1527),
1167 2464 1324 2506 seigneur
1341 2464 1375 2496 of
1391 2463 1603 2505 Terdeghem
1620 2463 1690 2495 and
1707 2463 1833 2501 LL.D.‚

235 2507 306 2539 had
319 2508 411 2539 since
428 2515 508 2548 1515
526 2507 613 2539 been
627 2517 648 2538 a
662 2507 817 2539 member
831 2508 865 2539 of
879 2507 1028 2540 Charles'
1044 2507 1185 2539 Council
1199 2520 1208 2545 ;
1234 2508 1270 2539 in
1284 2507 1396 2539 which
1410 2507 1572 2549 capacity
1585 2507 1751 2539 Erasmus
1765 2506 1835 2539 had

235 2551 385 2592 perhaps
403 2553 476 2582 met
493 2551 565 2582 him
582 2552 619 2582 in
640 2553 720 2592 1518
742 2551 822 2592 (Ep.
842 2560 916 2591 794.
936 2553 1028 2592 85n).
1071 2551 1113 2583 In
1132 2551 1191 2583 the
1209 2551 1349 2583 Council
1368 2550 1410 2582 he
1428 2550 1610 2593 gradually
1627 2560 1702 2582 rose
1720 2553 1758 2582 to
1775 2549 1835 2582 the

233 2594 373 2636 leading
389 2594 498 2635 plaee.
517 2594 565 2636 by
582 2594 635 2625 his
652 2594 729 2625 skill
746 2595 782 2626 in
799 2594 925 2626 debate
943 2595 1112 2636 asserting
1128 2594 1266 2626 himself
1283 2605 1365 2626 over
1381 2594 1476 2626 John
1494 2593 1712 2631 Carondelet,
1728 2593 1831 2625 Arch-

236 2637 360 2679 bishop
380 2638 415 2669 of
434 2637 593 2669 Palermo
612 2638 692 2679 (Ep.
713 2640 787 2678 803.
813 2639 901 2678 12n).
946 2638 987 2669 In
1007 2638 1091 2679 July
1114 2647 1192 2679 1521
1217 2638 1259 2670 he
1287 2648 1356 2670 was
1375 2641 1453 2669 sent
1471 2641 1509 2669 to
1529 2637 1640 2670 Calais
1658 2647 1696 2668 as
1716 2647 1780 2669 one
1801 2637 1835 2669 of

236 2680 386 2713 Charles’
418 2680 591 2722 delegates
620 2684 658 2713 to
686 2691 708 2712 a
736 2681 936 2713 conference
952 2693 968 2719 ;,
1003 2681 1115 2713 which
1144 2681 1264 2723 finally
1292 2682 1328 2713 in
1357 2681 1556 2714 November
1584 2680 1761 2723 produced
1789 2691 1833 2712 an

684 2748 736 2782 17.
761 2743 904 2781 tamque
929 2738 1105 2773 Voclztz'us:
1130 2740 1292 2782 tantique
1310 2739 1390 2772 MS.

285 2812 334 2843 14.
359 2802 413 2833 tui
428 2802 574 2842 ingenii]
590 2801 641 2833 Cf.
659 2802 725 2844 Ep.
746 2811 841 2845 1275.
859 2803 956 2845 81—7.
1072 2803 1175 2834 Babst
1190 2804 1233 2833 τῆ
1249 2802 1305 2835 der
1321 2801 1513 2845 Bischoffen
1528 2801 1571 2833 D.
1590 2801 1695 2834 Mart.
1712 2801 1836 2833 Lutlzer

282 2853 337 2883 24.
361 2844 469 2876 libelli
499 2844 584 2884 duo]
621 2845 693 2878 Von
723 2845 838 2887 heyder
869 2845 1006 2878 Gestallt
1072 2845 1297 2878 Ecclesiasten
1349 2850 1405 2878 tzu
1463 2844 1681 2885 Wsttemberq,
1735 2844 1833 2882 ibid„

237 2887 295 2920 des
323 2887 536 2919 Sacramenta
565 2898 608 2920 zu
636 2889 777 2921 ‘nehmen
805 2889 872 2921 vnd
901 2889 1005 2921 ander
1071 2889 1114 2921 N.
1141 2888 1356 2931 Schyrlentz,
1383 2897 1478 2930 1522,
1501 2887 1615 2920 which
1637 2897 1682 2919 on
1704 2898 1726 2928 4
1750 2887 1835 2930 July

242 2931 421 2971 Natorum,
446 2931 678 2973 Wittenberg‚
704 2931 737 2964 J.
766 2932 1004 2974 Grunenberg,
1072 2932 1142 2964 had
1159 2932 1301 2974 already
1317 2931 1491 2973 appeared
1507 2931 1603 2971 (LE2.
1620 2939 1692 2972 553.
1714 2933 1834 2971 10—13)

244 2977 293 3015 (c.
324 2983 368 3006 20
397 2973 515 3016 April>
549 2983 656 3015 1522;
698 2975 769 3007 and
802 2975 914 3008 Wider
940 2976 1005 3008 den
1070 2985 1137 3007 —a
1156 2985 1300 3017 passage
1320 2974 1433 3007 which
1454 2974 1514 3006 the
1533 2974 1687 3007 Weimar
1706 2974 1835 3006 editors

236 3017 345 3060 fal-sch
377 3020 552 3058 qenantten
582 3017 779 3059 qeystlicken
809 3018 918 3050 Staml
947 3018 1005 3051 des
1076 3018 1135 3059 (X.
1159 3019 1193 3051 ii.
1218 3020 1275 3060 95)
1299 3017 1388 3050 have
1411 3017 1701 3050 misunderstood.
