2012 3370
132 128 254 177 1522]
624 124 696 164 To
727 123 934 162 HENRY
964 122 1234 163 STROMER
1651 119 1726 158 591

132 248 208 287 ego
229 249 393 286 semper
412 237 456 274 in
475 235 635 285 campis
652 233 869 272 Musarum
891 235 1097 277 versatus,
1117 230 1162 269 in
1179 229 1288 268 hanc
1307 232 1526 267 cruentam
1543 239 1731 279 pugnam

132 290 372 340 protrudor.
433 289 530 328 Non
562 288 684 326 aliter
714 287 847 326 licuit.
908 284 1200 326 Clamitabant
1231 283 1458 334 sophistae,
1495 282 1504 297 ‘
1523 282 1733 322 Conuenit

132 345 243 383 inter
261 344 486 383 Erasmum
503 346 547 381 et
564 342 799 381 Lutherum
819 354 828 388 ;
861 344 1011 380 neuter
1028 339 1210 377 alterum
1226 338 1399 388 impetit
1417 337 1440 376 ’.
1488 336 1733 386 Principum

133 399 474 450 expectationem
494 397 654 435 diutius
674 395 818 434 fallere
837 408 924 434 non
944 398 1035 433 erat
1055 397 1214 432 tutum.
1266 392 1419 431 Odiose
1439 390 1733 442 prouocabant
1749 402 1768 426 2
1775 401 1790 434 5

134 452 310 504 quidam
339 451 514 490 Lutheri
543 450 680 496 amici,
712 449 786 488 sed
813 449 895 499 ipsi
924 449 1055 487 etiam
1086 446 1272 485 Luthero
1302 445 1588 491 infelicissimi,
1620 448 1670 482 vt
1700 444 1735 482 si

134 519 202 545 me
240 506 553 550 continuissem,
594 505 710 543 visus
747 502 921 542 fuissem
959 503 1138 540 istorum
1178 501 1302 538 minis
1344 500 1518 538 territus
1557 498 1733 538 siluisse.

137 560 248 608 Quin
268 564 312 599 et
332 559 511 611 epistola
531 558 720 604 Lutheri,
743 570 873 608 quam
893 569 968 607 per
989 555 1254 594 Ioachimum
1276 554 1330 592 ad
1351 567 1419 592 me
1440 554 1625 598 miserat,
1648 553 1734 591 iam

135 614 374 653 habebatur
398 613 671 665 Argentorati
691 625 699 659 ;
740 624 817 650 1100
842 610 1020 649 dubium
1047 609 1150 660 quin
1175 609 1293 646 breui
1319 607 1553 658 proditura.
1608 606 1661 645 In
1686 619 1736 645 ea

135 668 356 720 pollicetur
378 681 421 707 se
442 680 528 706 non
550 667 798 705 stricturum
819 665 864 703 in
886 677 953 702 me
976 663 1200 708 calamum,
1225 662 1298 700 sed
1320 662 1399 700 hac
1420 661 1523 712 lege,
1548 662 1581 699 si
1604 661 1733 699 absti-
1754 673 1795 704 30

135 735 260 761 neam
286 735 312 760 a
337 721 548 773 dogmatis
572 721 704 772 ipsius
730 733 782 758 ex
807 718 996 770 professo
1021 716 1344 762 labefactandiS,
1372 714 1735 766 quemadmodum

136 776 341 815 hactenus
367 775 563 814 feceram.
619 774 701 813 Hic
727 773 919 812 nondum
945 772 1050 811 satis
1075 771 1211 822 liquet
1238 774 1382 808 Vtrum
1411 770 1513 808 mihi
1540 769 1735 807 futurum

136 829 265 870 fuerit
289 831 469 881 turpius,
496 832 614 867 metu
640 841 695 867 an
720 840 772 867 ex
797 830 925 878 pacto
951 826 1139 877 quietem
1164 837 1298 875 agere.
1354 823 1508 874 Itaque
1532 824 1646 861 iacta
1671 826 1737 861 est

138 884 242 931 alea,
281 883 356 923 sed
392 884 450 922 sic
488 887 539 922 vt
574 895 628 922 ne
665 881 844 921 verbum
882 880 1055 932 quidem
1092 883 1261 930 praeter
1305 878 1436 916 animi
1478 877 1736 916 sententiam

137 938 387 989 scripserim.
1756 942 1796 975 35

195 991 318 1040 Quod
349 993 411 1031 ais
442 1004 508 1030 me
540 990 649 1030 male
681 990 826 1030 audire
858 988 973 1041 apud
1005 987 1230 1039 sophistas,
1263 985 1369 1025 nihil
1399 986 1500 1024 noui
1531 985 1737 1030 nuncias3

138 1059 215 1085 nec
235 1045 365 1085 vllam
385 1058 576 1097 vnquam
596 1058 693 1084 cum
711 1046 805 1084 istis
824 1056 973 1095 pacem
994 1042 1061 1081 vel
1081 1054 1202 1092 spero
1222 1041 1289 1079 vel
1310 1040 1465 1079 ambio.
1514 1039 1738 1079 Caeterum

139 1113 224 1151 quo
246 1100 457 1139 Lutherus
478 1101 523 1139 in
546 1113 612 1139 me
634 1100 691 1138 sit
712 1100 867 1145 animo,
892 1110 1025 1149 quum
1046 1109 1112 1135 res
1134 1100 1287 1147 agatur
1308 1094 1420 1141 fidei,
1443 1094 1568 1145 plane
1590 1093 1740 1132 leuiter

141 1156 333 1193 aestimo.
367 1154 504 1202 Quam
521 1158 665 1193 autem
680 1166 767 1192 non
787 1151 1008 1204 magnifice
1028 1150 1081 1189 de
1102 1163 1168 1189 me
1190 1150 1360 1195 sentiat,
1384 1148 1530 1187 multis
1551 1146 1740 1198 epistolis

139 1208 194 1247 ad
213 1209 370 1248 amicos
388 1209 555 1260 scriptis
573 1207 774 1254 declarat,
794 1208 838 1246 in
856 1206 1011 1258 quibus
1028 1204 1133 1244 facit
1151 1217 1218 1243 me
1237 1214 1422 1249 caecum,
1444 1201 1739 1248 miserabilem,
1756 1214 1801 1246 40

139 1264 334 1314 ignarum
375 1262 543 1310 Christi,
587 1262 772 1301 alienum
813 1261 868 1300 ab
909 1259 1129 1300 intellectu
1170 1259 1230 1297 rei
1270 1257 1548 1302 Christianae,
1590 1255 1739 1294 rudem

139 1318 326 1368 spiritus,
354 1317 493 1356 adhuc
520 1316 695 1355 affixum
720 1316 902 1355 litterae.
958 1314 1040 1354 Sed.
1066 1314 1221 1352 mirum
1246 1325 1332 1351 non
1358 1316 1423 1350 est
1449 1312 1484 1349 si
1510 1312 1568 1349 sic
1594 1310 1646 1349 de
1673 1322 1740 1348 me

139 1371 313 1419 iudicat,
345 1373 417 1423 qui
447 1371 659 1410 neminem
689 1374 884 1409 veterum
913 1382 999 1408 non
1032 1366 1253 1419 magnifice
1283 1366 1520 1405 contemnit
1552 1377 1653 1416 prae
1683 1377 1742 1405 se.

140 1425 315 1464 Vtinam
344 1425 460 1476 quod
488 1425 643 1464 habere
672 1438 715 1463 se
745 1423 982 1475 profitetur,
1011 1426 1153 1461 vertat
1183 1420 1238 1459 ad
1265 1419 1476 1459 Ecclesiae
1503 1417 1742 1469 tranquilli-

140 1479 301 1518 tatem!
358 1479 448 1530 Ego
474 1479 590 1530 quod
609 1491 773 1529 semper
798 1478 876 1528 egi,
903 1489 990 1516 non
1015 1475 1162 1515 desino
1187 1475 1394 1526 persequi,
1422 1478 1472 1512 vt
1498 1486 1594 1512 cum
1619 1472 1742 1511 bonis
1757 1485 1799 1517 45

138 1532 292 1573 litteris
323 1532 472 1572 floreat
503 1545 680 1584 syncera
710 1533 876 1583 pietas;
924 1544 1002 1570 1100
1032 1530 1100 1569 hic
1132 1529 1219 1568 vlla
1250 1529 1353 1567 mihi
1385 1527 1743 1580 praetermittitur

140 1588 317 1635 occasio,
350 1587 385 1626 si
413 1587 541 1626 liceat
570 1586 784 1638 proficere.
844 1585 927 1626 Sed
958 1584 1204 1624 Lutherana
1234 1595 1333 1634 pars
1362 1582 1498 1621 indies
1529 1581 1663 1633 magis
1694 1593 1742 1620 ac

141 1642 275 1692 magis
310 1641 538 1681 exacerbat
573 1641 737 1680 animos
774 1640 1026 1691 principum.
1092 1638 1272 1677 Diuersa
1308 1649 1405 1687 pars
1441 1640 1615 1675 tantum
1651 1634 1741 1673 vu]-

139 1695 310 1746 garibus
340 1696 477 1734 vtitur
505 1695 714 1742 remediis,
746 1693 995 1740 carceribus,
1027 1691 1265 1744 palinodiis,
1298 1689 1670 1729 confiscationibus
1699 1692 1744 1728 et

140 1749 379 1788 fasciculis:
425 1749 580 1801 quibus
609 1762 695 1788 non
724 1748 849 1787 video
879 1747 983 1799 quid
1012 1745 1243 1798 profecturi
1272 1746 1403 1783 simus
1432 1745 1476 1783 in
1506 1744 1585 1783 hoc
1615 1742 1742 1790 malo,
1761 1754 1802 1789 50

141 1803 257 1855 quod
285 1807 377 1843 tam
404 1803 490 1843 late
518 1807 799 1855 peruagatum
828 1806 893 1841 est
920 1806 966 1841 et
992 1800 1127 1840 indies
1155 1813 1198 1839 se
1227 1798 1389 1851 profert
1416 1798 1594 1850 longius.
1651 1797 1744 1836 Nisi

142 1859 291 1897 scirem
311 1857 451 1897 Deum
471 1857 680 1897 moderari
700 1870 765 1896 res
786 1856 1008 1902 humanas,
1031 1868 1080 1894 ac
1100 1854 1343 1905 frequenter
1363 1852 1555 1892 fabulam
1576 1865 1602 1891 a
1620 1851 1743 1891 nobis

142 1913 321 1964 pessime
348 1916 544 1964 coeptam
569 1913 613 1951 in
640 1913 848 1963 optimam
874 1910 1026 1949 ducere
1052 1908 1368 1959 catastrophen,
1396 1920 1482 1946 non
1507 1907 1741 1946 diuinarem

142 1966 272 2005 alium
291 1967 455 2006 exitum
474 1966 599 2005 huius
618 1967 679 2005 rei
697 1978 828 2018 quam
848 1964 1203 2004 cruentissimum.
1253 1961 1540 2002 Carolstadius
1559 1961 1627 2000 hic
1646 1959 1742 2006 fuit,

142 2020 215 2059 sed
253 2021 327 2060 vix
367 2020 694 2072 Oecolampadio
733 2020 934 2059 salutato.
1003 2017 1153 2057 Edidit
1190 2030 1264 2055 sex
1301 2015 1492 2062 libellos3
1548 2014 1633 2054 duo
1671 2015 1744 2065 qui
1763 2026 1800 2060 55

142 2075 418 2122 excuderunt,
437 2074 593 2114 nudius
610 2075 762 2114 tertius
781 2072 961 2113 coniecti
978 2076 1079 2112 sunt
1101 2072 1146 2111 in
1164 2083 1372 2110 carcerem
1389 2071 1506 2109 iussu
1524 2070 1744 2121 magistra-

143 2133 227 2175 tus,
256 2128 311 2168 ob
338 2129 381 2168 id
409 2130 679 2180 potissimum
707 2128 835 2180 quod,
865 2132 915 2167 vt
942 2127 1082 2173 audio,
1112 2126 1264 2165 doceat
1291 2126 1335 2164 in
1363 2124 1633 2164 Eucharistia
1660 2135 1746 2162 non

143 2196 231 2222 esse
266 2196 414 2223 verum
449 2196 600 2235 corpus
635 2183 820 2222 Domini.
885 2182 979 2220 Hoc
1012 2193 1138 2220 nemo
1172 2179 1268 2219 fert.
1332 2178 1617 2230 Indignantur
1651 2177 1746 2215 laici

144 2237 223 2276 sibi
247 2238 351 2288 eripi
376 2237 515 2276 Deum
540 2251 677 2284 suum,
704 2238 826 2288 quasi
850 2248 1063 2287 nusquam
1087 2236 1144 2274 sit
1168 2234 1283 2273 Deus
1308 2234 1389 2272 nisi
1413 2233 1492 2271 sub
1516 2232 1588 2271 illo
1613 2232 1746 2282 signo.

144 2291 272 2331 Docti
297 2296 620 2331 commonentur
645 2292 785 2331 verbis
811 2290 1052 2342 Scripturae
1078 2301 1220 2328 sacrae
1246 2291 1290 2327 et
1316 2287 1527 2326 Ecclesiae
1553 2285 1746 2325 decretis.
1761 2289 1806 2321 60

146 2344 262 2384 Haec
285 2358 350 2384 res
373 2346 580 2385 excitabit
602 2346 724 2384 nobis
749 2357 947 2396 magnam
971 2343 1248 2395 tragoediam,
1274 2355 1407 2393 quum
1431 2340 1746 2391 tragoediarum

145 2398 371 2450 plusquam
392 2401 496 2439 satis
516 2401 584 2439 sit.

201 2453 452 2506 Perlongum
470 2454 598 2494 fuerit
615 2456 647 2493 si
665 2455 732 2494 hic
749 2466 989 2493 recenseam
1006 2452 1109 2503 quid
1126 2451 1193 2491 hic
1211 2454 1376 2503 agatur.
1422 2450 1510 2489 Scis
1526 2448 1746 2500 Tigurinos

691 2560 738 2591 55.
769 2551 802 2582 N
819 2564 824 2582 :
859 2551 1109 2592 Ocolampadio
1128 2550 1171 2581 H.

191 2681 244 2711 24.
271 2672 471 2714 Principum
512 2670 811 2713 expectationem]
851 2671 914 2704 See
1021 2680 1075 2709 40.
1104 2666 1350 2705 miserabilem]
1367 2666 1417 2699 Cf.
1436 2667 1519 2698 LE’.
1540 2674 1614 2707 710.
1634 2674 1649 2706 5
1656 2674 1686 2705 3.

149 2715 237 2786 Epp3
258 2715 710 2797 1419tinltrqfil.,tl}4fi}?.1§27n.
1023 2722 1075 2751 41.
1092 2708 1424 2793 liignarupiljlzlalristi]
1442 2710 1524 2742 LE'.
1546 2717 1621 2750 710.
1637 2710 1737 2749 47-8.

192 2779 227 2791 “k
237 2769 488 2842 ioqgfiiggmfl
532 2767 794 2834 ζωαὶ-1111111133
859 2812 915 2833 see
1023 2766 1090 2838 ma
1102 2766 1262 2840 sssfflffis]
1277 2762 1624 2839 01.Ἰῖ]1)(.)ἰ331141’53ῃ,
1641 2805 1657 2837 5
1664 2805 1718 2837 511.

150 2856 182 2888 p.
203 2854 276 2887 555.
1023 2844 1078 2883 48.
1104 2842 1323 2883 vulgaribus]
1339 2840 1391 2872 Cf.
1411 2841 1476 2881 Ep.
1496 2849 1591 2881 1515.
1609 2848 1731 2880 39—40.

194 2897 248 2928 29.
274 2887 516 2931 Argentorati]
543 2888 594 2920 Cf.
628 2888 693 2930 Ep.
732 2889 826 2928 1496.
856 2897 890 2929 25
908 2899 915 2924 3
1026 2894 1077 2926 54.
1102 2883 1355 2923 Carolstadius]
1367 2883 1418 2916 Cf.
1432 2883 1497 2925 Ep.
1515 2891 1610 2924 1523.
1625 2892 1725 2924 97-9.

148 2933 223 2966 also
239 2933 304 2975 Ep.
326 2934 420 2973 1489.
442 2942 518 2974 5511.
1028 2938 1062 2965 55
1103 2930 1163 2961 vix
1188 2953 1194 2960 .
1221 2953 1228 2960 .
1255 2953 1261 2960 .
1287 2927 1459 2966 salutato]
1481 2927 1533 2960 Cf.
1558 2926 1623 2969 Ep.
1652 2935 1746 2968 1523.

195 2986 246 3016 30.
273 2976 394 3008 multis
424 2974 596 3018 epistolis]
627 2986 690 3017 eg.
724 2975 806 3006 LE2.
839 2984 915 3015 455,
981 2956 1075 3015 97h2·

154 3029 227 3062 525,
246 3029 318 3061 535,
335 3022 412 3061 674,
431 3029 503 3060 710.
1025 3019 1078 3056 63.
1104 3015 1302 3059 Tigurinos]
1318 3016 1380 3049 See
1398 3015 1461 3057 Ep.
1484 3016 1577 3055 1496.
1596 3015 1674 3046 80n.
