2012 3370
135 121 256 171 1463]
573 119 731 159 FROM
761 117 1010 157 LEVINUS
1041 116 1344 157 AMMONIUs
1651 114 1729 152 489

132 237 253 281 potes
286 232 359 282 qui
390 231 435 269 111
467 229 810 279 Hieronymianis
843 226 1211 266 lucubrationibus
1249 230 1340 264 tam
1377 223 1597 274 insigniter
1635 234 1730 260 011111

130 284 362 323 immortali
382 285 516 323 totius
537 283 648 322 orbis
667 282 793 320 laude
814 283 869 320 sis
890 285 1097 320 versatus.

187 338 305 377 Haec
322 339 452 390 igitur
469 350 554 377 non
572 336 745 388 perinde
763 349 830 374 me
849 338 1089 375 mouerunt.
1136 334 1195 372 At
1212 334 1350 384 prima
1366 331 1439 370 illa
1456 343 1587 382 quam
1606 328 1733 368 modo

132 393 327 431 dicebam
344 393 455 431 rat-io
473 392 680 430 hactenus
697 391 812 429 intra
830 402 945 429 meos
965 402 1031 427 me
1051 387 1257 427 cancellos
1276 391 1367 426 tam
1387 390 1502 425 arcte
1522 384 1733 424 continuit
1751 389 1793 419 40

134 451 182 485 vt
213 447 370 498 alioqui
401 446 543 485 subito
572 457 881 495 nomiunquam
911 445 1022 482 inter
1051 442 1275 493 legendum
1307 440 1444 479 calore
1473 443 1624 490 raptus
1654 437 1733 476 tibi

133 502 291 552 gratias
333 501 497 552 agendi,
541 499 596 538 ad
638 500 820 550 primam
862 499 1011 537 statim
1053 497 1191 535 eiusce
1233 495 1480 534 memoriam
1522 492 1734 532 refrixerit

133 556 312 594 animus.
374 555 579 594 Attamen
610 553 773 592 interea
806 552 921 590 haud
955 563 1171 602 quaquam
1206 562 1273 588 me
1306 549 1443 600 piguit
1477 546 1731 598 comprecari

133 608 360 655 Christum,
397 612 447 648 vt
481 609 640 660 gratias
674 607 754 646 tibi
790 607 873 645 mei
907 606 1011 652 vice,
1049 606 1123 655 qui
1158 608 1331 643 tantum
1367 615 1489 654 agere
1523 606 1732 653 poteram,

133 664 263 702 etiam
290 663 465 702 referret
493 661 837 702 cumulatissime.
896 660 987 711 Ego
1015 660 1144 710 igitur
1173 671 1270 696 cum
1298 657 1377 696 hoc
1406 669 1538 695 essem
1566 668 1665 706 erga
1690 658 1734 692 te
1751 661 1791 692 45

134 718 288 764 animo,
306 722 452 756 tamen
469 717 631 756 veritus
648 717 890 767 opinionem
907 714 1152 759 iactantiae,
1170 712 1377 750 hactenus
1396 711 1498 749 mihi
1510 709 1731 761 imperaui,

134 784 186 810 ne
225 776 382 811 temere
419 776 576 810 memet
611 772 654 809 in
692 769 922 821 perieulum
962 768 1121 814 darem,
1160 766 1319 817 alioqui
1356 765 1523 816 saepius
1559 764 1641 802 huc
1678 763 1733 801 ab

134 826 324 865 amiculis
358 829 642 877 prouocatus3
690 837 787 863 cum
820 823 1042 875 plerosque
1076 826 1222 860 tamen
1256 820 1490 865 videamus,
1526 831 1613 857 non
1646 818 1734 855 sine

133 881 306 930 gemitu,
345 881 467 932 longe
504 879 771 919 sceleratiora
808 878 957 924 moliri,
997 881 1047 916 vt
1082 876 1169 915 tuis
1206 874 1482 913 sanctissimis
1518 871 1735 911 laboribus

134 935 354 986 carpendis
392 935 682 973 inanissimam
721 933 813 980 sibi,
853 945 906 971 ne
945 931 1284 970 scelestissimam
1323 928 1476 974 dicam,
1517 924 1735 978 gloriolam
1756 930 1796 965 50

133 993 354 1028 venentur.
413 988 566 1036 Quales
592 989 636 1027 in
663 992 707 1026 te
726 987 912 1034 fuerunt,
943 999 1040 1025 cum
1068 985 1152 1032 alii,
1176 988 1271 1023 tum
1298 983 1482 1034 insignes
1507 981 1581 1027 illi,
1612 979 1733 1025 Leus,

134 1042 261 1094 Lapis
288 1047 332 1082 et
360 1042 566 1082 Camelus.
623 1042 770 1082 Talem
798 1054 898 1080 vero
927 1041 1131 1086 animum,
1162 1043 1211 1077 vt
1240 1038 1425 1077 maxime
1445 1049 1471 1074 a
1495 1035 1737 1075 Christiana

133 1096 391 1147 professione
416 1097 727 1143 abhorrentem,
754 1096 933 1147 pessime
958 1106 1122 1145 semper
1147 1092 1218 1132 odi
1242 1096 1286 1131 et
1310 1089 1594 1130 execrandum
1618 1088 1736 1126 duxi.

134 1151 250 1190 Nihil
282 1152 429 1202 itaque
463 1151 549 1190 tale
583 1150 638 1189 ab
674 1150 901 1189 Ammonio
934 1148 1062 1187 debes
1096 1151 1335 1198 expectare,
1370 1157 1508 1195 neque
1543 1142 1659 1182 aliud
1692 1143 1735 1181 in

133 1206 324 1244 animum
346 1205 524 1244 inducas
548 1205 689 1251 velim,
716 1217 846 1255 quam
871 1203 947 1242 has
970 1203 1127 1242 idcirco
1152 1214 1218 1240 me
1241 1200 1387 1240 literas
1411 1199 1467 1237 ad
1490 1202 1534 1237 te
1558 1196 1736 1241 dedisse,
1758 1206 1794 1238 55

133 1263 182 1298 vt
195 1272 383 1298 amorem
396 1272 495 1311 erga
507 1264 551 1298 te
565 1272 719 1305 meum,
736 1271 863 1309 quem
877 1271 899 1296 e
912 1258 999 1296 tuis
1012 1257 1180 1307 scriptis
1194 1255 1329 1300 hausi,
1345 1258 1390 1293 et
1402 1265 1542 1292 meam
1555 1251 1736 1303 gratitu-

133 1312 276 1352 dinem
294 1317 502 1353 testatam
521 1313 637 1364 apud
660 1317 704 1351 te
726 1312 922 1351 facerem.
977 1310 1149 1350 Lubens
1172 1309 1362 1360 alioquin
1384 1312 1429 1347 et
1457 1306 1512 1345 ab
1536 1306 1616 1345 hac
1643 1304 1735 1343 abs-

132 1368 354 1406 tinuissem
381 1367 588 1413 molestia,
615 1368 647 1405 si
676 1367 828 1417 quouis
854 1365 936 1404 alio
962 1367 1091 1416 pacto
1115 1363 1196 1402 tibi
1221 1362 1433 1414 potuisset
1470 1361 1538 1399 hic
1571 1359 1738 1398 animus

134 1421 409 1460 innotescere.

188 1474 247 1514 At
272 1476 389 1521 satia
417 1476 578 1525 opinor,
606 1474 813 1514 hactenus
839 1473 991 1511 datum
1017 1476 1082 1511 est
1107 1470 1386 1510 verecundiae
1408 1482 1415 1507 :
1457 1480 1571 1506 nunc
1597 1466 1740 1517 accipe
1756 1470 1799 1502 60

134 1530 292 1579 paucis,
323 1528 671 1580 quandoquidem
699 1527 944 1567 audendum
973 1531 1050 1572 est,
1081 1525 1185 1577 quid
1212 1525 1277 1564 his
1306 1524 1408 1562 mihi
1435 1522 1569 1561 literis
1597 1520 1738 1560 velim.

135 1582 240 1621 Cum
276 1588 320 1623 te
361 1583 542 1629 videam,
581 1583 849 1634 integerrime
888 1582 1077 1627 Erasme,
1117 1584 1209 1618 tam
1246 1576 1559 1628 indefatigabili
1596 1575 1739 1614 studio

133 1636 325 1676 laborare
362 1642 413 1676 vt
449 1639 536 1676 tuis
574 1637 861 1676 monumentis
896 1635 1090 1674 consulas
1129 1633 1220 1673 orbi
1259 1632 1513 1677 Christiano,
1549 1634 1680 1680 atque
1715 1641 1740 1666 a

135 1691 343 1742 plerisque
375 1693 500 1730 nimis
537 1692 727 1742 iniquam
765 1690 910 1729 referri
941 1690 1125 1741 gratiam
1154 1689 1206 1726 iis
1238 1687 1393 1738 quibus
1425 1685 1543 1724 nulla
1574 1696 1651 1735 par
1683 1682 1738 1721 ab

136 1745 305 1784 homine
339 1747 477 1796 gratia
504 1745 679 1796 rependi
708 1749 851 1796 queat,
882 1757 969 1782 non
997 1755 1184 1794 possum,
1213 1742 1365 1786 fateor,
1397 1752 1539 1777 meum
1568 1750 1667 1788 erga
1695 1742 1739 1775 te
1757 1746 1796 1780 05

136 1800 326 1838 animum
350 1799 628 1838 dissimulare.
681 1799 794 1838 Nam
818 1803 861 1837 et
884 1797 990 1836 illud
1014 1797 1248 1835 arbitratus
1272 1807 1366 1833 sum
1390 1793 1612 1844 indignum
1635 1791 1737 1837 fore,

135 1854 170 1892 si
192 1858 339 1904 gratus
362 1855 541 1905 quisque
564 1853 680 1904 apud
702 1857 746 1892 te
769 1857 993 1903 acceptum
1018 1849 1269 1890 beneficium
1291 1861 1377 1887 non
1401 1850 1616 1899 agnoscat,
1643 1858 1740 1884 cum

136 1908 282 1947 videat
310 1909 499 1959 ingratos
527 1908 632 1947 istos
661 1912 753 1947 tam
781 1911 951 1945 strenue
981 1905 1238 1944 calumniam
1267 1916 1344 1954 pro
1364 1902 1502 1954 gratia
1521 1912 1737 1952 reponere.

138 1961 249 2009 Quid
270 1965 285 2000 ·?
340 1962 408 2001 An
434 1975 519 2001 non
545 1961 803 2001 tantundem
829 1960 897 1999 vel
923 1959 1038 2011 apud
1064 1964 1108 1998 te
1134 1958 1203 1997 vel
1228 1957 1374 1997 orbem
1400 1968 1570 2007 quoque
1595 1954 1739 1993 licebit

135 2016 270 2063 nobis,
293 2020 504 2067 quantum
521 2016 602 2054 illis
620 2016 720 2055 licet·
741 2019 756 2054 ?
805 2015 894 2053 Illis
912 2014 976 2052 fas
996 2018 1059 2052 est
1081 2014 1244 2064 optima
1263 2024 1457 2062 quaeque
1477 2008 1738 2054 calumniari,
1758 2024 1800 2054 70

136 2075 181 2110 et
203 2071 319 2122 apud
340 2072 559 2122 imperitos
583 2074 659 2109 aut
683 2069 837 2109 stultas
860 2070 991 2108 etiam
1014 2066 1281 2107 mulierculas
1305 2066 1532 2104 Erasmum
1554 2062 1741 2103 infandis

137 2124 391 2164 clamoribus
418 2124 639 2164 traducere
661 2138 668 2171 ;
714 2128 757 2162 et
785 2123 907 2162 nobis
935 2127 1126 2161 nostram
1155 2120 1461 2172 gratitudinem
1490 2117 1558 2157 vel
1584 2117 1742 2168 ineptis

135 2178 268 2218 literis
302 2180 451 2218 testari
486 2178 605 2218 nefas
640 2179 756 2217 erit?
810 2177 985 2217 Illorum
1021 2177 1210 2215 conuitia
1244 2174 1427 2226 patienti
1462 2172 1741 2222 modestoque

136 2234 277 2274 animo
313 2233 516 2272 deuorare
550 2233 785 2280 eonsuesti3
827 2236 871 2270 et
903 2231 1147 2283 grauaberis
1176 2229 1303 2268 amici
1332 2228 1516 2267 hominis
1542 2226 1740 2278 quamuis

135 2287 355 2327 indoctam
397 2287 621 2339 epistolam
663 2287 798 2338 legere
820 2290 835 2325 ἱ)
908 2285 1008 2325 Illos
1050 2285 1193 2324 ferunt
1235 2283 1422 2335 episcopi
1463 2285 1507 2320 et
1549 2291 1741 2332 proceres
1759 2295 1777 2326 7
1784 2294 1798 2325 5

137 2342 392 2392 reipublicae
415 2342 693 2387 Christianae,
719 2341 902 2392 denique
928 2340 1162 2379 doctissimi
1182 2350 1365 2389 quoque,
1387 2347 1636 2387 quanquam
1655 2345 1742 2372 non

138 2397 245 2434 citra
268 2396 468 2442 dolorem,
493 2395 637 2434 ferunt
659 2399 805 2434 tamen
826 2408 833 2441 ;
873 2394 995 2433 nobis
1019 2394 1155 2432 officio
1179 2392 1388 2431 bonorum
1412 2390 1599 2428 virorum
1622 2387 1742 2438 fungi

138 2450 462 2501 prohibebunt?
546 2450 780 2498 Postremo,
839 2449 1000 2487 audent
1057 2448 1135 2487 sibi
1187 2444 1464 2485 maledicendi
1522 2443 1739 2481 licentiam

138 2517 302 2543 sumere
334 2505 559 2551 monachi;
606 2509 651 2543 et
682 2505 784 2543 mihi
817 2503 1096 2555 quantumuis
1128 2500 1350 2546 monacho,
1385 2500 1503 2537 cuius
1535 2497 1742 2535 hactenus

139 2571 215 2597 nec
250 2558 406 2609 puduit
441 2571 630 2610 vnquam
666 2571 742 2597 1100
778 2559 927 2609 piguit,
959 2556 1235 2595 benedicendi
1263 2558 1454 2605 potestas
1482 2551 1738 2602 negabitur?
1761 2557 1802 2587 80

140 2611 235 2651 Imo
255 2613 289 2651 si
310 2625 376 2651 me
398 2613 586 2659 audient,
609 2625 754 2651 omnes
770 2613 943 2650 omnino
964 2611 1078 2657 boni,
1101 2610 1299 2660 supremi,
1316 2607 1463 2653 infimi,
1482 2605 1741 2650 medioximi,

140 2679 226 2717 qua
266 2667 444 2717 quisque
484 2667 655 2718 poterit,
697 2666 849 2704 faustis
888 2664 1217 2716 precationibus,
1258 2662 1451 2708 literatis,
1494 2659 1742 2711 argentatis,

141 2722 302 2760 auratis
333 2720 515 2771 denique
547 2721 792 2759 muneribus
824 2732 945 2758 suam
977 2719 1092 2770 apud
1124 2722 1167 2757 te
1199 2716 1504 2768 gratitudinem
1535 2717 1743 2753 testatam

140 2774 394 2826 relinquent.
444 2774 555 2822 Quid
574 2775 686 2813 enim
705 2775 858 2813 iustius
879 2778 894 2812 ⁸?

198 2828 452 2880 Quanquam
483 2830 612 2880 igitur
642 2841 727 2867 non
758 2841 824 2867 me
854 2827 964 2879 fugit
995 2827 1098 2865 recti
1129 2830 1172 2865 te
1204 2825 1461 2864 conscientia
1492 2825 1743 2862 contentum
1762 2829 1800 2869 85

189 2986 238 3017 51.
265 2977 369 3017 Lens]
384 2978 446 3010 See
464 2976 528 3017 Ep.
550 2984 630 3016 1037
647 2974 775 3007 introd⁴
1063 2971 1236 3011 eumelus]
1267 2971 1516 3013 Egmondanus
1534 2982 1541 3008 ;
1582 2980 1637 3002 see
1672 2970 1736 3010 Ep.

190 3030 238 3062 52.
267 3021 384 3062 Lapis]
401 3021 590 3056 Latomus;
614 3030 669 3051 soe
682 3019 745 3059 Ep.
758 3028 832 3059 934.
851 3026 903 3058 3¹¹-
973 3020 1048 3056 875.
1066 3026 1138 3056 1311.
