2012 3370
208 1075 222 1107 5

186 1347 224 1368 ῙΟ

186 1617 221 1649 15

184 2430 225 2461 30

247 145 325 182 488
714 144 968 183 LETTERS
1000 143 1071 182 OF
1102 144 1365 184 ERASMUS
1726 149 1848 199 [1524

248 254 393 285 General
410 253 444 284 ol
471 254 527 284 the
545 252 770 284 (ai-tliusians
786 253 821 283 in
842 261 984 292 1521—-,
1009 253 1078 284 and
1102 264 1120 284 a
1147 259 1386 296 commentary
1411 265 1455 286 on
1481 254 1540 286 the
1564 255 1705 296 parable
1729 256 1765 288 of
1789 257 1848 289 the

248 297 409 338 Prodigal
431 296 513 333 Son,
538 295 705 332 Brussels,
731 295 767 327 P.
794 295 933 333 Paulus,
963 304 1055 337 1542.
1104 296 1146 328 In
1173 306 1258 339 1544
1281 297 1322 330 he
1345 308 1416 330 was
1438 297 1583 330 allowed
1606 302 1645 330 to
1667 303 1787 332 return
1810 304 1849 332 to

248 339 443 380 val-Royal
458 351 467 374 ς
497 338 620 376 where,
638 339 731 370 after
747 338 960 380 celebrating
978 339 1032 371 his
1048 339 1187 380 jubilee,
1206 340 1248 373 he
1265 341 1356 374 died.

291 384 432 415 Besides
456 382 516 414 the
540 382 721 423 Besancon
744 382 827 420 MS„
852 382 939 414 with
960 382 1082 415 letters
1105 383 1142 415 of
1164 384 1225 416 the
1248 394 1347 426 years
1375 393 1536 426 1520-33,
1566 387 1726 427 1541-56‚
1752 386 1849 419 there

246 438 304 459 are
327 438 348 458 a
371 425 520 458 number
543 425 579 457 of
603 425 656 457 his
679 425 801 458 letters
825 430 863 458 to
887 425 962 457 Nic.
990 426 1107 464 Olaus,
1137 435 1276 469 1533-4,
1300 429 1336 460 in
1362 428 1432 461 OE.
1482 429 1524 460 In
1548 428 1630 461 Adr.
1658 429 1849 471 Hecquet's

245 471 376 501 Scaena
396 479 506 501 ‘rerum
527 467 711 501 multarum
732 470 882 506 inuersa,
904 469 1081 512 Antwerp,
1104 470 1137 502 J.
1162 471 1305 509 Bellero,
1332 481 1426 513 1551,
1449 472 1483 503 ff.
1508 473 1607 511 88-9‚
1630 483 1687 505 are
1710 473 1849 514 printed

245 514 365 546 letters
382 513 537 544 between
554 512 717 554 Hecquet
731 513 801 544 and
817 512 969 545 Levinus
985 525 993 551 3
1022 514 1083 546 the
1098 514 1226 546 former
1241 516 1363 558 asking
1378 516 1433 548 for
1448 516 1508 547 the
1522 516 1591 557 gift
1605 516 1642 547 of
1657 527 1721 548 one
1737 517 1774 549 of
1788 517 1848 549 the

244 556 442 598 autograph
457 556 579 588 letters
595 555 707 588 which
724 556 875 588 Levinus
891 556 961 589 had
978 557 1134 590 received
1149 558 1239 590 from
1257 559 1433 591 Erasmus.
1474 561 1536 591 »See
1554 560 1627 591 BN.
1647 561 1716 592 xiV.
1734 562 1824 601 84-6
1840 573 1848 598 ;

247 600 351 632 based
367 610 412 631 on
428 599 464 631 F.
483 599 522 630 V.
542 599 718 632 Goethals'
736 600 829 632 Hist.
845 600 901 632 des
915 599 1023 633 lettres
1037 625 1045 633 .
1063 626 1070 634 .
1088 625 1096 634 .
1115 612 1156 633 en
1171 601 1326 643 Belqique
1341 604 1364 640 i,
1385 605 1480 643 1840,
1498 613 1554 644 pp.
1572 613 1592 641 9
1597 611 1668 644 5-7.

289 644 455 675 Erasmus
472 643 533 674 did
551 647 615 675 not
631 654 764 676 answer
780 643 851 676 this
868 643 973 676 letter
988 656 996 682 ;
1029 645 1094 677 but
1110 656 1129 676 a
1148 646 1274 678 second
1293 646 1397 678 letter
1413 646 1501 678 from
1523 647 1684 681 bovinus.
1707 655 1740 685 31
1763 646 1850 688 Jnly

248 689 342 728 1528.
362 686 502 718 elicited
521 697 540 718 a
561 687 690 719 cordial
709 697 872 729 response
892 687 1015 727 (Lond.
1038 699 1094 720 xx.
1115 698 1170 730 94,
1190 688 1258 721 LB.
1280 690 1389 731 991).]

410 785 478 812 LE.
511 785 654 814 AMMO.
688 786 730 814 D.
764 786 941 814 ERASMO
973 787 1197 815 ROTEROD.
1230 786 1480 815 THEOLOGO.
1513 787 1546 816 S.
1570 787 1613 815 D.
1645 787 1682 815 P.

300 839 596 880 FACTVRVSNE
635 854 768 879 essem
807 854 895 879 rem
934 842 1060 880 venia
1098 841 1284 892 dignam,
1333 841 1509 880 Erasme
1555 841 1849 893 theologorum

244 895 548 944 synoerissime,
574 895 609 933 si
632 908 708 946 ego
732 895 965 935 monachus
987 897 1032 934 in
1055 895 1282 934 solitudine
1306 895 1556 934 delitescens
1578 900 1635 943 te,
1660 897 1850 934 omnium

244 960 351 998 quos
373 947 452 987 1100
476 949 570 987 acui
594 950 735 988 viuere
759 950 939 1001 contigit
961 949 1206 988 mortalium
1230 950 1284 988 ob
1307 951 1493 1000 egregias
1516 951 1647 988 animi
1669 951 1852 989 virtutes

245 1002 575 1050 celeberrimum,
616 1003 749 1042 literis
787 1003 1114 1055 interpellarem,
1156 1008 1201 1042 et
1240 1016 1316 1054 pro
1357 1005 1572 1042 communi
1611 1004 1853 1044 Christiana

242 1056 460 1107 republica
474 1057 741 1096 laborantem
755 1059 845 1108 ipse
860 1058 970 1096 felici
985 1057 1128 1096 fruens
1143 1058 1235 1096 ocio
1249 1057 1387 1096 isthac
1404 1057 1627 1097 adficerem
1643 1058 1850 1105 molestia,

244 1110 317 1148 diu
339 1123 504 1149 mecum
526 1111 851 1150 addubitabam.
902 1111 961 1151 Et
980 1111 1154 1163 quidem
1175 1125 1271 1151 cum
1293 1112 1375 1150 alia
1396 1112 1610 1163 pleraque,
1632 1116 1727 1151 tum
1747 1112 1852 1151 illud

244 1165 513 1215 potissimum
538 1165 861 1213 dehortabatur,
887 1166 1003 1217 quod
1027 1166 1161 1205 videri
1187 1171 1380 1217 poteram
1403 1167 1455 1205 iis
1479 1167 1552 1217 qui
1576 1167 1850 1206 Ammonium

244 1231 517 1271 nequaquam
548 1224 774 1267 nouerunt,
807 1233 882 1271 per
911 1225 955 1259 te
986 1225 1037 1260 vt
1066 1220 1220 1259 nobilis
1250 1220 1393 1259 fierem
1425 1221 1614 1268 ambire;
1661 1221 1706 1259 id
1736 1221 1851 1272 quod

243 1272 390 1312 fecisse
405 1273 631 1313 nonnullos
647 1279 738 1313 tam
755 1274 915 1314 clarum
932 1279 997 1314 est
1012 1288 1143 1326 quam
1157 1275 1203 1314 id
1218 1275 1334 1326 quod
1350 1274 1642 1315 clarissimum.
1688 1275 1852 1315 Stultos

244 1328 317 1378 qui
353 1340 442 1366 sese
478 1327 722 1379 splendidos
758 1329 895 1368 aliena
932 1328 1196 1376 claritudine,
1236 1342 1332 1368 cum
1369 1342 1489 1368 suam
1526 1343 1612 1368 non
1648 1329 1850 1376 habeant,

243 1381 363 1420 reddi
384 1395 507 1432 posse
529 1382 709 1422 credunt
728 1383 735 1421 !

299 1435 395 1474 Huc
419 1436 651 1475 accedebat
673 1437 745 1475 illa
768 1437 875 1476 Mori
899 1438 964 1476 tui
986 1437 1206 1476 familiaris
1230 1437 1442 1489 quaedam
1466 1437 1849 1489 obiurgatiuncula,

245 1503 331 1541 qua
352 1491 493 1530 nescio
517 1504 645 1542 quem
669 1492 764 1538 mei,
790 1493 952 1543 opinor,
979 1492 1137 1531 ordinis
1161 1493 1325 1542 optimo
1349 1505 1450 1531 sane
1472 1493 1562 1531 iure
1586 1492 1772 1531 deterret
1796 1492 1850 1530 ab

244 1544 479 1591 scribendo,
505 1545 621 1595 quod
644 1545 857 1584 nonnullis
881 1547 1021 1585 visum
1045 1550 1167 1592 esset,
1193 1546 1309 1584 haud
1333 1546 1655 1585 contemnendis
1678 1546 1850 1597 quidem

242 1598 324 1637 illis
349 1598 604 1646 hominibus,
630 1612 904 1651 nequaquam
928 1600 1263 1650 permittendum
1289 1613 1378 1638 esse
1403 1600 1601 1639 solitariis
1625 1604 1675 1639 vt
1699 1601 1851 1639 darent«

242 1652 388 1691 literas
417 1657 461 1691 et
491 1654 743 1704 acciperent.
803 1655 860 1693 Et
890 1654 1015 1705 plane
1045 1655 1103 1693 sic
1132 1654 1301 1700 habere,
1332 1654 1460 1706 idque
1490 1667 1576 1693 non
1604 1654 1770 1693 leuibus
1799 1655 1851 1692 de

245 1707 395 1753 causis,
425 1720 511 1745 non
538 1708 801 1758 ignorabam.
860 1708 1084 1747 Caeterum
1112 1721 1190 1759 ego
1219 1710 1285 1746 cui
1314 1709 1581 1759 propositum
1610 1713 1702 1747 erat
1729 1708 1851 1760 longe

244 1760 361 1799 aliud
396 1761 607 1800 scribendi
641 1762 698 1800 ad
732 1766 776 1800 te
812 1767 1112 1813 argumentum
1148 1763 1381 1809 desumere,
1419 1766 1551 1813 atque
1585 1763 1621 1801 is
1657 1764 1730 1814 qui
1764 1775 1850 1801 non

243 1815 396 1853 iniuria
419 1814 561 1854 fuerat
585 1815 834 1867 obiurgatus
858 1817 974 1868 quod
999 1829 1023 1855 a
1047 1817 1260 1855 calumnia
1289 1817 1508 1868 coepisset,
1536 1816 1643 1856 Mori
1664 1821 1850 1856 mentem

244 1868 375 1919 probe
414 1869 517 1908 mihi
555 1869 732 1909 videbar
774 1872 945 1910 intueri.
1020 1871 1079 1910 Et
1117 1875 1209 1910 erat
1253 1870 1445 1922 profecto
1489 1873 1726 1924 arrogantis
1770 1872 1850 1910 viri

244 1923 360 1974 quod
404 1936 550 1962 earum
594 1937 734 1963 rerum
778 1925 907 1964 vellet
950 1925 1097 1964 haberi
1134 1926 1261 1966 iudex
1300 1938 1482 1976 quarum
1525 1925 1851 1977 intelligentiam

245 1977 435 2016 nondum
477 1978 686 2029 capiebat.
741 1979 872 2030 Spero
919 1979 1117 2030 equidem
1156 1979 1295 2018 isthac
1338 1980 1390 2018 de
1431 1992 1476 2018 re
1516 1979 1683 2018 Morum
1725 1984 1849 2018 tuum

244 2031 349 2070 nihil
374 2044 541 2071 mec-um
567 2033 954 2084 expostulaturum.
1009 2033 1067 2073 Et
1093 2047 1190 2073 cum
1216 2033 1447 2073 maioribus
1473 2046 1655 2084 quoque,
1684 2035 1757 2085 qui
1783 2047 1851 2072 me

244 2086 330 2124 suis
365 2087 744 2126 constitutionibus
778 2088 913 2126 videri
947 2092 1150 2139 pot-erant
1184 2089 1369 2127 vetuisse
1403 2101 1456 2126 ne
1491 2088 1728 2136 scriberem,
1764 2101 1848 2127 11011

182 2159 221 2173 «π-
244 2139 477 2178 admodum
500 2145 677 2180 cruenta
698 2142 801 2180 mihi
822 2141 970 2181 futura
990 2146 1056 2182 est
1077 2142 1338 2193 digladiatio.
1389 2142 1534 2193 Atque
1555 2143 1722 2182 vtinam
1744 2141 1850 2181 bene

245 2194 458 2233 cauissent
481 2198 530 2234 vt
553 2196 796 2246 quingentis
818 2200 932 2235 retro
956 2197 1091 2243 annis,
1115 2197 1230 2236 intra
1253 2209 1360 2247 quos
1382 2197 1467 2235 ista
1489 2196 1558 2235 lex
1580 2196 1851 2248 promulgata

244 2252 322 2294 est,
345 2249 608 2299 prouinciam
629 2249 686 2287 ad
705 2250 898 2300 publicas
918 2250 1128 2289 scribendi
1149 2252 1286 2290 aureis
1308 2251 1541 2290 monachus
1561 2264 1686 2290 nemo
1707 2263 1848 2302 capes-

244 2302 413 2341 siuisset
432 2302 439 2341 1
491 2302 688 2342 Profecto
710 2317 796 2343 non
818 2317 969 2356 parum
992 2304 1141 2343 melius
1163 2318 1252 2344 sese
1272 2318 1338 2343 res
1360 2304 1606 2344 mortalium
1627 2304 1848 2344 haberent.

246 2355 369 2403 Quod
407 2369 504 2395 cum
541 2370 815 2409 nequaquam
852 2358 1042 2405 fecerint,
1082 2358 1156 2397 sed
1194 2363 1343 2398 contra
1380 2360 1538 2410 passim
1575 2372 1710 2410 nugas
1747 2360 1850 2411 ipsis

245 2423 414 2462 quoque
442 2410 592 2450 Siculis
619 2413 748 2464 gerris
775 2414 970 2452 vaniores
999 2413 1172 2452 obtrudi
1200 2413 1434 2460 videamus,
1456 2413 1561 2463 quid
1589 2413 1669 2452 sibi
1689 2426 1848 2465 quaeso

244 2477 410 2503 mecum
427 2465 737 2516 delitigandum
753 2467 903 2517 reliqui
919 2466 1111 2506 fecerunt
1133 2470 1150 2505 ⁸?
1195 2466 1404 2506 Videbam
1421 2468 1544 2519 plane
1563 2467 1848 2518 superioribus

244 2518 393 2557 seculis
415 2523 515 2558 ante
536 2532 666 2570 quam
687 2521 767 2559 hoc
787 2534 948 2560 nouum
970 2520 1275 2560 monachorum
1296 2533 1439 2572 genUS,
1463 2535 1568 2573 pene
1590 2520 1847 2560 Iudaeorum

244 2572 457 2620 dixissem,
492 2573 749 2613 innotuisset
783 2575 887 2623 orbi,
923 2576 1033 2614 veris
1065 2575 1146 2614 illis
1180 2575 1398 2614 monachis
1432 2588 1518 2614 non
1550 2576 1687 2615 solum
1721 2575 1848 2614 nullis

243 2625 405 2677 legibus
432 2632 631 2679 negatam
658 2628 787 2668 fuisse
812 2630 1032 2668 literarum
1059 2630 1408 2676 vicissitudinem,
1438 2642 1586 2668 verum
1613 2630 1743 2668 etiam
1770 2642 1847 2681 pro

211 2699 222 2707 -
244 2693 398 2731 magno
433 2694 557 2732 saepe
592 2695 765 2722 munere
799 2685 1012 2734 expetitas
1045 2683 1187 2731 fuisse,
1224 2688 1268 2722 et
1300 2696 1390 2722 rem
1424 2683 1710 2722 Christianam
1742 2696 1845 2722 non·

243 2734 380 2775 nullas
402 2736 604 2775 maiorem
624 2738 669 2776 in
690 2737 865 2776 modum
885 2737 1053 2777 fulcisse
1075 2751 1082 2777 :
1119 2737 1164 2777 id
1184 2737 1300 2790 quod
1319 2742 1370 2777 tu
1391 2751 1561 2789 quoque
1581 2739 1740 2777 nescire
1760 2750 1847 2776 non

291 2874 339 2896 12.
365 2865 468 2905 Mori]
496 2866 539 2898 In
566 2866 627 2899 the
654 2866 760 2899 letter
786 2870 825 2898 to
852 2877 874 2898 a
901 2868 1008 2900 monk
1075 2866 1201 2899 More's
1226 2867 1432 2910 concluding
1456 2867 1580 2906 words,
1609 2866 1727 2905 ‘Vale,
1753 2870 1790 2899 et
1813 2867 1843 2898 si

245 2909 285 2946 <c
304 2912 475 2949 1519-20>
493 2922 501 2942 ι
532 2910 607 2942 first
621 2910 761 2951 printed
777 2910 813 2941 in
830 2910 919 2943 EAE.
939 2911 1009 2949 (see
1077 2910 1229 2943 claustro
1267 2911 1357 2944 nolis
1391 2911 1523 2944 frustra
1562 2910 1689 2947 claudi,
1728 2910 1842 2951 quieti

244 2950 310 2992 Ep.
333 2953 413 2993 1083
432 2953 576 2993 introd.)
593 2953 635 2985 f0.
654 2953 714 2991 ΜΞ,
734 2953 822 2985 ΕΕν.
843 2964 901 2996 pp.
924 2963 1010 2993 119-
1076 2955 1195 2995 potius
1215 2954 1391 2996 spirituali
1410 2964 1518 2997 quam
1537 2953 1736 2987 istiusmodi
1756 2953 1840 2985 rixis

243 3001 298 3026 20.
337 2994 408 3027 The
423 2997 622 3038 suggestion
637 2996 717 3029 here
731 2997 813 3030 that
826 2998 887 3030 the
902 2997 1009 3030 monk
1074 2997 1218 3041 indulge
1232 2998 1252 3030 ’.

246 3049 315 3070 was
337 3048 357 3070 a
381 3037 589 3071 Carthusian
611 3040 640 3072 is
662 3040 811 3081 perhaps
835 3041 941 3073 based
965 3051 1009 3072 on
1124 3049 1175 3080 27.
1202 3040 1329 3081 aureis]
1346 3051 1389 3073 sc.
1406 3051 1516 3074 aures.
