2012 3370
149 109 270 157 1523]
557 106 630 145 TO
660 104 858 144 PHILIP
886 103 1325 143 MELANCHTHON
1658 99 1738 139 599

145 217 326 269 colloqui
359 217 557 264 licuisset,
591 216 713 267 plura
745 215 987 255 effudissem
1020 217 1064 255 in
1093 214 1234 253 sinum
1263 218 1402 253 tuum.
1469 211 1584 251 Illud
1613 212 1736 250 vnice

145 273 282 323 cupio,
314 275 365 311 vt
384 270 514 322 >apud
547 284 623 310 vos
650 270 840 321 religiose
871 275 915 309 et
949 270 1114 309 colatur
1146 273 1190 308 et
1223 272 1389 308 ametur
1423 265 1704 318 Euangelium
1725 279 1734 312 ;
1755 283 1820 306 200

145 325 197 365 de
224 339 291 365 me
316 339 403 365 non
430 324 662 364 admodum
681 324 897 363 laborabo.

151 410 154 412 -
198 380 353 420 Neseni
398 383 579 419 mortem
624 378 890 417 acerbissime
935 378 1028 417 tuli.
1099 377 1205 416 Erat
1246 377 1406 416 amicus
1448 374 1653 414 candidus
1693 378 1738 413 et

144 438 356 481 constans,
391 433 558 473 etiamsi
591 432 693 472 mihi
727 433 899 470 minime
931 431 1072 471 foelix.
1135 431 1410 470 Praedicatur
1443 428 1559 481 apud
1592 440 1737 468 omnes

143 487 450 528 Germanorum
467 486 584 533 fides
604 499 688 538 quo
705 487 876 525 nomine
895 486 1091 524 Britanni
1107 498 1194 525 non
1211 484 1384 536 perinde
1402 483 1508 522 bene
1525 482 1708 521 audiunt
1727 495 1736 528 ;

143 546 190 581 at
216 542 296 581 hoc
321 542 405 581 fuit
431 541 619 580 fatorum
646 552 849 586 meorum,
879 544 928 578 vt
955 539 1071 590 apud
1098 539 1327 577 Britannos
1354 537 1457 577 mihi
1485 536 1739 588 contigerint
1756 553 1817 586 205

143 596 267 635 amici
290 595 426 634 multo
448 594 742 646 syncerissimi‚
766 593 882 644 apud
905 593 1136 632 Germanos
1158 592 1280 644 longe
1302 591 1524 631 dissimiles
1546 590 1710 642 aliquot
1729 602 1738 628 :

143 662 219 689 nec
240 650 353 688 enim
374 662 427 688 ex
448 649 593 700 paucis
615 648 766 687 estimo
788 648 1019 686 Vniuersos.
1070 647 1134 685 De
1156 646 1419 685 orationibus
1441 644 1740 683 Demosthenis

142 706 187 742 et
206 703 424 743 Aeschinis
444 702 595 742 Latine
616 701 831 741 vertendis
851 701 1034 739 demiror
1053 705 1097 739 te
1118 713 1284 739 mecum
1304 712 1439 751 agere,
1461 711 1595 751 quum
1614 710 1739 737 nemo

143 757 276 804 viuat,
300 758 461 808 opinor,
484 756 608 796 hodie
630 757 703 807 qui
724 756 804 794 hoc
826 755 959 806 magis
980 759 1196 806 praestare
1216 754 1351 805 possit
1372 766 1502 804 quam
1523 757 1586 791 tu.
1636 751 1741 791 Mihi

143 823 254 851 nunc
278 811 362 850 alia
385 815 486 850 sunt
508 811 554 850 in
577 810 786 857 manibus,
812 814 857 848 et
880 809 984 848 haec
1008 809 1224 860 prouintia
1247 813 1369 846 tuam
1394 811 1581 846 aetatem
1606 807 1740 857 magis
1756 825 1822 848 210

143 864 291 906 decet..
327 866 443 905 Bene
464 865 571 904 vale.

197 919 399 966 Basileae.
420 930 458 970 4.
480 919 545 958 Id.
566 918 755 958 decemb.
776 918 856 957 An.
879 926 997 968 1524.

197 984 350 1025 Vereor
371 988 421 1024 vt
441 984 555 1036 legas
576 983 652 1022 has
673 983 1006 1035 extemporarias
1027 981 1210 1022 notulas.

467 1141 668 1182 15011524.
732 1141 801 1183 To
832 1142 1052 1184 JOAOHIM
1084 1139 1413 1182 CAMERARms.

188 1221 348 1277 Libanus
365 1232 470 1272 alter,
488 1232 532 1268 fo.
551 1232 606 1266 K⁶
620 1233 682 1275 (α).
1445 1226 1564 1261 Basle.

188 1290 236 1325 H.
256 1301 291 1335 p.
307 1290 379 1335 636
389 1304 402 1332 K:
436 1290 482 1325 N.
502 1301 538 1335 p.
553 1291 624 1334 607
642 1304 649 1323 ε
683 1289 800 1324 Lond.
819 1290 894 1325 xix,
913 1299 933 1333 7
952 1303 958 1322 ε
993 1289 1068 1323 LB.
1086 1289 1168 1332 716.
1309 1297 1345 1320 11
1368 1284 1572 1320 December
1592 1294 1691 1329 1524.

185 1369 294 1410 [First
310 1369 450 1411 printed
467 1370 504 1401 in
524 1369 569 1406 H,
589 1380 635 1401 no
653 1368 767 1401 doubt
783 1367 874 1400 from
893 1367 1069 1400 Erasmus’
1090 1365 1325 1409 rough-draft,
1343 1364 1413 1397 and
1432 1363 1609 1406 reprinted
1626 1363 1663 1395 in
1682 1363 1716 1395 N
1731 1373 1738 1394 :

141 1413 225 1445 then
243 1413 279 1445 in
297 1423 319 1445 a
337 1412 477 1445 volume
495 1413 612 1444 edited
632 1413 680 1453 by
698 1411 914 1444 Camerarius
932 1411 1018 1443 with
1036 1411 1097 1444 the
1115 1410 1195 1443 title
1214 1408 1361 1442 Libellus
1378 1407 1461 1440 alter
1477 1406 1638 1448 epistolas
1655 1416 1741 1438 com·

141 1455 284 1496 plectens
303 1456 436 1488 Eobani
457 1459 486 1488 et
506 1455 651 1494 aliorum
665 1456 881 1496 ,quoq-amiam
903 1455 1169 1486 doctissimorum
1191 1454 1347 1490 virorum,
1372 1451 1523 1493 Leipzig,
1545 1451 1582 1482 in
1604 1450 1739 1482 officina

141 1499 268 1541 Papae,
287 1507 370 1541 1557
386 1499 447 1539 (α).
485 1498 711 1532 Camerarius'
729 1502 807 1530 text
819 1500 849 1530 is
862 1499 899 1530 in
913 1509 1008 1530 some
1023 1498 1141 1539 points
1155 1497 1270 1529 better
1284 1496 1371 1528 than
1386 1495 1467 1527 that
1481 1494 1518 1526 of
1532 1494 1577 1543 H,
1593 1494 1663 1526 and
1678 1493 1741 1526 has

137 1544 327 1619 {ligngttipffi
344 1543 538 1619 pztlsltscript
551 1543 621 1618 anld
638 1542 780 1618 addfiess
799 1540 1057 1618 (Cf'EErasngus’·
1070 1541 1190 1617 letteirs
1208 1539 1512 1616 ΐοᾶὶῐοξὴῖἰέῃετὲ
1526 1537 1677 1579 printed,
1695 1547 1741 1569 no

164 1597 209 1619 ou
284 1596 359 1619 rom
418 1597 437 1618 e
455 1597 504 1619 on
567 1597 683 1624 as,m
745 1597 754 1623 ;
784 1596 840 1618 see
915 1610 923 1618 .
946 1594 986 1617 10
1048 1596 1084 1616 1n
1104 1595 1141 1617 ro
1167 1609 1176 1617 .
1196 1608 1204 1617 .
1286 1594 1344 1615 ear
1441 1592 1496 1614 ere
1514 1591 1570 1613 ore
1591 1593 1609 1610 a
1628 1591 1664 1613 re
1690 1590 1738 1613 re-

139 1634 235 1662 sents
249 1629 310 1662 the
325 1629 430 1662 letter
444 1596 600 1672 actigiffily
615 1633 705 1667 sent,
721 1629 792 1661 and
808 1596 948 1670 maypbe
962 1594 1067 1670 givgen
1082 1586 1291 1670 preceilence
1307 1593 1416 1666 herye]
1666 1591 1689 1621 p

195 1706 237 1746 S.
269 1707 356 1747 ODI
369 1706 659 1745 valet-udinem
673 1706 795 1753 hanc,
812 1719 898 1744 11011
913 1710 1005 1744 tam
1020 1705 1074 1744 ob
1088 1704 1133 1744 id
1145 1703 1261 1755 quod
1275 1716 1341 1742 me
1353 1702 1595 1747 discruciat,
1611 1713 1740 1752 quam

142 1760 257 1812 quod
287 1774 362 1812 per
392 1774 486 1800 eam
516 1774 602 1800 non
632 1760 758 1799 liceat
789 1773 886 1811 erga
917 1760 1074 1798 amicos
1106 1758 1387 1798 humanitatis
1419 1756 1534 1795 obire
1565 1755 1739 1793 munia:

141 1815 247 1854 adeo
275 1815 421 1854 durius
450 1819 514 1854 est
542 1815 824 1854 inhumanum
852 1814 941 1853 fieri
970 1826 1100 1865 quam
1127 1812 1350 1851 infelicem.
1408 1810 1469 1849 Ac
1498 1809 1742 1860 frequenter

141 1869 308 1916 accidit,
333 1870 473 1908 nescio
497 1882 581 1921 quo
604 1868 709 1915 fato,
735 1873 785 1907 vt
808 1868 1043 1919 complures
1067 1867 1192 1907 simul
1214 1865 1424 1905 inundent
1448 1877 1496 1903 ac
1520 1876 1740 1915 propemo-

141 1924 244 1962 dum
278 1923 475 1963 obruant.
539 1923 692 1974 Itaque
726 1922 776 1962 fit
809 1936 894 1961 non
927 1935 1023 1961 raro
1057 1927 1105 1961 vt
1140 1920 1288 1960 eodem
1322 1924 1513 1970 tempore
1548 1917 1651 1956 mihi
1686 1918 1776 1967 sit5

141 1978 272 2016 literis
304 1977 542 2017 onerandus
574 1979 647 2028 qui
680 1977 876 2024 Romam,
911 1978 984 2028 qui
1017 1976 1211 2022 Galliam,
1245 1975 1319 2026 qui
1351 1973 1634 2018 Britanniam,
1668 1971 1739 2022 qui

144 2032 434 2079 Brabantiam,
461 2033 535 2084 qui
561 2031 831 2070 Germaniam
857 2031 997 2070 adeat.
1053 2030 1182 2069 Porro
1209 2042 1341 2080 quum
1368 2032 1415 2067 tu
1442 2027 1622 2072 adesses,
1650 2031 1738 2064 tam

141 2090 232 2125 erat
254 2086 464 2125 imbecilla
486 2086 689 2126 valetudo
712 2090 763 2125 vt
785 2099 906 2137 aegre
928 2085 1081 2124 ferrem
1104 2084 1292 2123 laborem
1315 2081 1572 2134 promendae
1596 2081 1712 2119 vocis
1733 2093 1740 2117 :

141 2140 245 2180 adeo
267 2145 317 2180 vt
336 2154 422 2180 non
443 2140 579 2180 solum
600 2140 754 2180 Comiti
775 2140 935 2179 Polono
956 2139 1011 2178 ad
1032 2139 1276 2178 conuiuium
1298 2137 1470 2176 vocanti
1491 2135 1740 2179 excusarim,

142 2207 289 2234 verum
328 2195 459 2234 etiam
499 2195 760 2234 ambientem
800 2207 976 2233 coenare
1016 2206 1182 2232 mecum
1222 2191 1490 2243 reppulerim.
1560 2188 1740 2228 Proinde
1764 2209 1803 2231 ω

142 2261 265 2301 cogor
284 2249 408 2289 huius
426 2249 688 2289 infelicitatis
706 2262 793 2288 non
812 2249 938 2288 modo
957 2250 1096 2300 pigere
1116 2247 1189 2286 sed
1208 2246 1366 2298 pudere
1386 2257 1568 2296 quoque.
1619 2242 1741 2290 Quod

142 2308 286 2342 autem
320 2304 480 2342 malum
512 2305 557 2343 111
591 2305 683 2343 vita
716 2303 862 2342 durius
896 2303 1084 2342 accidere
1118 2305 1260 2354 potest
1295 2312 1425 2351 quam
1460 2297 1575 2350 quod
1609 2297 1739 2336 habet

143 2359 377 2397 cruciatum
397 2370 494 2397 cum
512 2358 673 2409 pudore
694 2359 968 2397 coniunctum
990 2360 1005 2396 ‘2
1065 2356 1122 2395 Et
1142 2360 1242 2394 sunt
1263 2353 1437 2405 quidam
1457 2353 1529 2403 qui
1549 2355 1739 2389 nostram

142 2413 470 2459 excusationem,
494 2412 629 2451 multo
651 2425 781 2464 quam
802 2412 953 2451 vellem
973 2412 1205 2456 iustiorem,
1228 2422 1314 2448 11011
1334 2408 1557 2457 recipiunt.

196 2466 259 2505 Tu
285 2479 398 2513 vero,
425 2468 483 2506 mi
508 2466 734 2513 Ioachime‚
762 2479 895 2518 quum
919 2470 964 2505 te
988 2470 1079 2504 tam
1104 2463 1253 2515 frigide
1279 2466 1502 2512 acceptum
1527 2464 1618 2498 tam
1644 2471 1740 2497 can·
1763 2478 1799 2511 15

142 2520 239 2559 dide
258 2522 559 2572 interpreteris,
580 2522 780 2560 nimirum
800 2520 955 2571 probas
976 2520 1078 2558 mihi
1099 2518 1277 2569 simplex
1298 2522 1422 2555 tuum
1443 2528 1491 2553 ac
1512 2514 1741 2564 benignum

143 2575 370 2627 ingenium.
425 2574 519 2614 Iam
545 2587 646 2614 vero
672 2575 844 2626 quando
870 2587 956 2614 non
982 2574 1118 2613 solum
1144 2573 1245 2611 boni
1272 2570 1454 2610 consulis
1480 2567 1595 2620 quod
1622 2580 1647 2606 a
1672 2579 1739 2606 me

190 2677 284 2710 1523.
310 2686 386 2709 212.
411 2676 496 2709 Idus
513 2677 558 2708 H.
676 2685 750 2717 213.
778 2677 905 2709 Vereor
929 2700 936 2708 .
966 2700 973 2708 .
1004 2700 1012 2707 .
1038 2673 1178 2707 notulas
1193 2673 1268 2706 add.
1286 2673 1331 2704 H.
1464 2672 1556 2703 1524.
1587 2679 1615 2701 1.
1643 2669 1678 2702 S.
1697 2681 1739 2700 a:

144 2728 310 2753 nnAsmvs
331 2729 411 2752 nor.
436 2728 616 2752 IOACHIMO
639 2729 851 2752 csmnrmmo
874 2729 901 2751 s.
918 2729 953 2751 D.
978 2719 1022 2751 H.
1170 2727 1200 2750 2.
1226 2717 1308 2749 licet
1329 2715 1372 2748 H.
1504 2721 1576 2756 5—7.
1602 2715 1648 2746 sit.
1669 2738 1676 2745 .
1700 2737 1707 2744 .
1734 2737 1740 2743 .

143 2764 374 2797 Brabantiam
395 2775 438 2793 a:
463 2764 535 2795 sint
553 2763 662 2795 literis
682 2763 860 2800 onerandi,
883 2762 938 2795 hic
960 2763 1020 2804 qui
1042 2762 1204 2799 Romam,
1225 2760 1283 2792 ille
1304 2760 1365 2802 qui
1387 2758 1546 2795 Galliam,
1569 2757 1657 2790 alius
1680 2758 1740 2799 qui

143 2807 374 2846 Britanniam,
391 2806 478 2839 alius
494 2807 553 2848 qui
570 2806 811 2845 Brabantiam,
828 2807 916 2839 alius
934 2806 976 2838 H.
1146 2816 1176 2844 9.
1203 2813 1404 2836 excusarem
1424 2802 1468 2834 H.

191 2913 285 2945 1523.
310 2919 386 2951 203.
412 2910 553 2944 minime
591 2909 712 2950 foelix]
752 2909 803 2943 Cf.
842 2910 906 2951 Ep.
976 2918 1069 2949 1225.
1090 2910 1232 2949 357-64.

147 2965 242 2997 1479.
261 2956 360 2995 86-9.
1021 2953 1114 2985 1524.
1140 2963 1171 2990 9·
1198 2951 1325 2984 Comiti
1362 2949 1507 2991 Polono]
1545 2950 1607 2982 See
1645 2949 1734 2991 Epp.

188 3008 263 3039 204.
290 2998 541 3031 Germanorum
591 2996 689 3036 fides]
738 2996 788 3029 Of.
840 2997 906 3038 Ep.
975 3005 1071 3035 1242.
1089 3003 1166 3036 23n,
1185 2995 1279 3035 1496.
1297 3003 1438 3034 211-13.
