2012 3370
202 125 281 163 212
676 123 932 164 LETTERS
964 123 1037 164 OF
1067 123 1331 165 ERASMUS
1682 125 1805 174 [1523

201 237 395 288 pectoris,
422 238 465 274 et
491 234 720 274 Landauus
743 234 844 273 olim
868 233 1038 273 futurus
1062 234 1173 273 inter
1197 235 1420 286 scriptores
1444 234 1609 282 nobilis,
1635 235 1714 274 nisi
1738 248 1806 275 me

200 290 325 342 plane
343 290 453 329 fallit
469 290 599 329 animi
612 290 891 340 praesagium.
941 288 1106 328 Omitto
1122 302 1233 328 nunc
1246 293 1315 328 tot
1333 289 1574 329 Cardinales
1592 303 1599 328 :
1623 302 1805 341 quorum

201 346 389 384 maxima
412 357 510 396 pars
534 344 637 382 mihi
661 344 849 394 impense
873 343 1005 390 fauet,
1032 347 1082 382 vt
1110 356 1162 382 ex
1192 345 1424 383 amicorum
1450 344 1581 383 literis
1612 345 1805 395 cognoui,

119 413 184 445 330
202 400 376 450 quidam
392 400 521 437 etiam
537 399 622 436 suis
637 398 825 449 ipsorum
840 397 972 436 literis
987 398 1177 437 animum
1192 411 1289 450 erga
1305 412 1371 437 me
1387 412 1510 437 suum
1525 400 1674 437 testati
1691 403 1804 438 sunt.

202 454 244 493 Si
276 455 370 504 quis
401 452 678 492 addubitabit
709 452 761 491 de
793 465 887 491 mea
918 451 1014 499 fide,
1048 452 1281 504 productae
1312 453 1459 492 literae
1491 453 1706 492 docebunt
1738 466 1805 491 me

202 508 434 547 modestius
453 519 583 558 quam
602 519 679 558 pro
698 520 742 545 re
760 506 889 557 loqui.

257 561 410 613 Itaque
443 573 691 612 quanquam
719 561 1065 600 dissuadentibus
1094 562 1240 600 amicis
1269 562 1479 607 omnibus,
1509 562 1804 601 Constantiam

201 616 300 663 adii,
340 616 646 655 comitantibus
682 615 796 654 vltro
833 615 1000 655 duobus
1037 617 1195 663 amicis,
1235 616 1420 655 Henrico
1458 615 1804 668 Epphendorpio,

119 685 136 717 3
142 685 179 717 35
200 675 368 722 praeter
391 671 552 722 generis
574 670 813 710 claritatem
836 683 885 709 ac
907 670 1063 717 literas,
1089 671 1277 709 moribus
1299 672 1572 717 suauissimis,
1597 684 1647 709 ac
1670 670 1807 709 Beato

202 725 423 765 Rhenano.
490 725 673 776 Excepit
708 738 786 764 nos
823 738 968 764 omnes
1006 725 1191 776 hospitio
1229 725 1485 765 clarissimus
1521 726 1587 764 vir
1624 724 1806 764 Ioannes

202 780 461 819 Botzhemus
493 779 751 826 Abstemius,
784 780 872 818 eius
902 779 982 818 loci
1014 780 1269 818 canonicus:
1317 792 1402 830 quo
1433 779 1605 829 quidem
1638 779 1807 817 homine

201 834 305 873 nihil
337 834 475 873 adhuc
508 833 597 872 vidi
627 834 788 873 comius
820 838 896 872 aut
927 833 1176 880 candidius;
1224 834 1382 872 diceres
1413 834 1543 872 Musis
1575 838 1619 873 et
1650 833 1808 873 Gratiis

202 893 367 928 natum.
426 889 613 927 Domum
643 888 773 927 habet
803 901 912 939 quae
942 888 1159 926 Musarum
1190 887 1449 926 domicilium
1480 888 1613 927 videri
1643 889 1805 939 possit:

120 957 185 988 340
202 956 413 995 nusquam
438 956 524 982 non
547 956 647 993 prae
671 956 714 981 se
738 942 875 981 ferens
899 942 1061 993 aliquid
1083 942 1233 980 nitoris
1257 946 1301 981 et
1324 942 1570 993 elegantiae,
1596 955 1807 993 nusquam

203 1002 336 1044 muta,
363 997 435 1036 sed
461 997 648 1048 vndique
670 996 920 1047 loquacibus
944 997 1120 1047 picturis
1145 996 1329 1035 alliciens
1354 1010 1402 1035 ae
1426 1009 1642 1035 remorans
1666 996 1808 1035 oculos

202 1053 436 1091 hominum.
489 1051 541 1090 In
564 1051 661 1090 aula
684 1051 860 1097 aestiua,
885 1063 1029 1102 quam,
1053 1055 1104 1089 vt
1126 1051 1200 1097 ait,
1226 1051 1329 1089 mihi
1352 1055 1592 1102 parauerat,
1617 1051 1809 1102 proxime

203 1119 392 1145 mensam
416 1106 563 1144 stabat
585 1105 743 1144 Paulus
766 1105 921 1144 docens
944 1105 1163 1156 populum.
1217 1104 1268 1144 In
1292 1105 1424 1144 altero
1448 1106 1610 1156 pariete
1633 1105 1808 1144 sedebat

203 1161 394 1200 Christus
418 1161 462 1198 in
488 1164 646 1205 monte,
673 1159 828 1199 docens
853 1173 951 1198 suos
976 1159 1203 1210 discipulos
1224 1173 1232 1198 z
1274 1163 1368 1198 tum
1393 1159 1588 1211 Apostoli
1613 1172 1687 1211 per
1710 1160 1810 1211 iuga

121 1229 182 1262 345
203 1214 515 1267 proficiscentes
544 1214 599 1253 ad
628 1214 850 1266 Euangelii
877 1214 1250 1265 praedicationem.
1308 1214 1550 1254 Secundum
1578 1213 1808 1253 fumarium

203 1269 495 1309 consistebant
522 1268 775 1315 sacerdotes,
805 1269 967 1308 scribae
995 1273 1039 1307 ct
1066 1269 1295 1315 Pharisaei,
1325 1282 1422 1308 cum
1451 1269 1684 1308 senioribus
1713 1281 1809 1307 con-

204 1325 414 1375 spirantes
446 1323 648 1362 aduersus
681 1323 961 1374 Euangelium
993 1324 1079 1361 iam
1112 1323 1392 1362 subolescens.
1455 1323 1567 1362 Alibi
1600 1323 1812 1362 canebant

204 1392 359 1418 nouem
374 1391 535 1417 sorores
549 1378 769 1429 Apollinis,
787 1378 887 1416 alibi
901 1378 1092 1417 Charites
1106 1378 1260 1425 nudae,
1276 1378 1477 1429 simplicis
1492 1377 1812 1417 beneuolentiae

205 1437 250 1472 et
270 1433 482 1472 amicitiae
502 1445 587 1471 11011
607 1432 777 1471 fucatae
797 1432 1052 1483 symbolum.
1102 1431 1185 1472 Sed
1204 1431 1307 1483 quid
1328 1445 1404 1483 ego
1424 1444 1653 1483 persequar
1672 1436 1811 1471 totam

123 1507 189 1540 350
205 1488 316 1526 illius
343 1487 518 1526 domum
546 1486 725 1538 epistola
752 1486 1013 1538 depingere?
1059 1487 1176 1525 cuius
1203 1486 1369 1533 nitelas,
1399 1487 1517 1525 cuius
1545 1486 1712 1525 delitias
1739 1487 1811 1524 vix

206 1541 351 1581 decem
388 1541 536 1580 diebus
572 1541 827 1592 perlustrare
863 1541 1010 1592 possis.
1075 1541 1157 1580 Sed
1193 1541 1236 1579 in
1273 1542 1376 1579 totis
1413 1541 1588 1580 aedibus
1624 1540 1813 1591 vndique

206 1596 485 1636 ornatissimis
503 1595 608 1634 nihil
627 1599 693 1634 est
712 1595 904 1634 ornatius
922 1595 1014 1646 ipso
1034 1595 1214 1646 hospite.
1262 1595 1406 1634 Musas
1426 1599 1470 1634 et
1490 1594 1659 1634 Gratias
1679 1595 1813 1647 magis

207 1651 339 1690 habet
371 1651 416 1689 in
450 1654 621 1702 pectore
654 1662 785 1701 quam
818 1650 862 1688 in
903 1649 1075 1695 tabulis,
1113 1649 1246 1701 magis
1291 1650 1335 1688 in
1381 1649 1569 1688 moribus
1603 1662 1733 1700 quam
1769 1650 1812 1688 in

208 1705 455 1757 parietibus,

126 1779 186 1813 355
262 1759 404 1798 Primo
435 1759 583 1798 statim
616 1757 807 1797 aduentu
838 1771 1032 1809 rogaram
1064 1758 1279 1797 hominem
1310 1771 1362 1797 ne
1395 1771 1521 1809 quem
1554 1761 1727 1797 vocaret
1759 1757 1813 1796 ad

207 1814 465 1860 conuiuium,
495 1812 611 1864 quod
640 1816 685 1852 et
713 1826 788 1864 ego
818 1816 973 1852 natura
1001 1813 1148 1864 paucis
1177 1812 1390 1852 delector:
1429 1817 1473 1852 et
1494 1816 1588 1851 tum
1611 1813 1669 1851 sic
1699 1825 1813 1851 eram

207 1868 386 1907 affectus
409 1872 459 1907 vt
481 1868 722 1919 ego‘potius
745 1880 877 1906 essem
901 1867 992 1906 aliis
1021 1867 1240 1906 molestiae
1262 1866 1446 1913 futurus,
1476 1880 1606 1917 quam
1637 1870 1686 1905 vt
1708 1866 1813 1905 mul-

208 1928 350 1962 torum
376 1923 575 1961 conuictu
599 1935 765 1973 possem
790 1921 1049 1961 hilarescere.
1103 1922 1294 1960 Primum
1318 1922 1452 1960 lassus
1477 1921 1528 1960 de
1553 1921 1637 1968 via,
1663 1920 1815 1960 deinde

209 1977 315 2016 adeo
345 1976 545 2028 grauidus
575 1981 625 2015 vt
654 1976 771 2015 nulla
795 1976 975 2027 scropha
1005 1989 1151 2027 aeque,
1180 1976 1362 2028 denique
1391 1976 1535 2027 partui
1564 1976 1812 2027 proximus:

126 2045 192 2084 360
208 2032 517 2083 praesentimus
551 2031 662 2070 enim
696 2034 741 2070 et
773 2030 866 2078 hoc,
901 2043 987 2070 non
1021 2031 1144 2070 aliter
1175 2044 1306 2082 quam
1339 2043 1583 2082 puerperae.
1648 2029 1682 2070 Ο
1716 2042 1815 2069 vere

208 2087 405 2125 miseram
420 2085 693 2136 prudentiam
713 2084 721 2123 1
766 2084 928 2124 Aderat
943 2089 1036 2124 tum
1052 2084 1164 2124 forte
1179 2085 1232 2124 R.
1250 2085 1303 2124 D.
1321 2085 1461 2136 Hugo,
1479 2084 1816 2124 Constantiensis

208 2141 443 2192 episcopus,
464 2140 530 2178 vir
548 2139 716 2178 heroica
736 2140 920 2190 corporis
940 2140 1208 2190 proceritate,
1231 2140 1433 2179 comitate
1453 2139 1667 2191 singulari,
1689 2138 1816 2178 homo

757 2236 831 2267 334.
859 2225 1108 2267 Eppendorpio
1125 2226 1170 2258 N.

215 2323 254 2351 to
272 2322 331 2350 act
354 2329 392 2350 as
415 2329 479 2350 one
505 2317 542 2350 of
567 2318 658 2351 their
678 2322 835 2360 proctors
861 2319 897 2350 in
922 2319 981 2350 the
1051 2320 1285 2361 inscriptions.

216 2362 390 2395 Reuchlin
410 2373 488 2394 case
506 2362 598 2403 (HE.
623 2365 708 2404 174).
1098 2363 1159 2395 See
1190 2363 1325 2395 Roscoe
1357 2364 1422 2395 Leo
1458 2364 1520 2402 X;
1572 2363 1818 2405 Gregorovius.

261 2407 347 2438 Like
382 2406 617 2438 Sauramanus
648 2406 684 2446 (1.
711 2408 816 2446 32311)
846 2406 888 2438 110
913 2416 983 2438 was
1053 2407 1154 2438 Rome
1192 2407 1230 2438 in
1266 2407 1316 2438 the
1356 2406 1484 2438 Middle
1525 2407 1623 2447 Aqes,
1662 2407 1731 2438 xiv.
1770 2418 1819 2447 4:

217 2449 347 2491 eruelly
374 2449 525 2481 handled
550 2450 587 2481 in
613 2449 673 2481 the
700 2450 783 2481 sack
809 2449 845 2481 of
871 2450 983 2481 Rome
1054 2450 1178 2481 Pastor
1201 2451 1285 2489 viii3
1325 2451 1362 2482 L.
1390 2450 1513 2491 Geiger
1536 2451 1572 2481 in
1598 2450 1651 2481 his
1684 2450 1814 2482 me-

218 2493 275 2534 (cf.
294 2494 427 2525 Pierius
452 2493 666 2531 Valerianus,
683 2504 736 2534 op.
755 2494 823 2531 cit„
841 2504 899 2535 pp.
918 2496 983 2535 87-
1047 2493 1274 2536 jakrsschrzft,
1304 2494 1326 2525 i.
1365 2496 1487 2535 145-61
1525 2493 1595 2525 and
1627 2494 1735 2525 ADB.
1768 2495 1814 2525 ix.

219 2540 278 2577 8);
310 2536 379 2568 and
398 2536 530 2577 though
551 2536 593 2568 he
611 2537 759 2578 escaped
778 2540 816 2569 to
834 2537 982 2574 Verona,
1053 2547 1138 2579 375;
1168 2537 1239 2569 and
1263 2538 1296 2569 J.
1326 2537 1485 2579 Paqnier,
1513 2538 1690 2575 Alesssmzdre,
1720 2548 1815 2577 1900,

219 2580 262 2612 he
285 2590 369 2611 soon
393 2580 473 2611 died
496 2580 593 2611 there
617 2580 651 2612 of
674 2580 770 2621 grief.
820 2580 984 2612 Sadoleto
1054 2592 1111 2623 pp.
1135 2590 1273 2622 113—14.

220 2623 382 2665 recalling
400 2624 436 2655 in
460 2632 543 2664 1529
564 2623 623 2655 the
644 2623 764 2664 happy
783 2624 984 2664 gatherings
1096 2636 1170 2668 327.
1199 2623 1401 2664 Landauus]
1417 2624 1472 2657 Ja.
1493 2623 1646 2666 Ziegler:
1677 2634 1732 2655 see
1751 2624 1815 2666 Ep.

218 2668 255 2699 in
275 2666 328 2698 his
347 2666 476 2708 garden
497 2667 612 2698 writes
633 2667 668 2699 of
689 2666 697 2680 ⁶
713 2667 830 2699 dulces
851 2667 986 2709 Corycii
1057 2670 1150 2700 1260.

219 2710 439 2742 iracundias’
462 2710 556 2751 (Sad.
580 2710 619 2742 E.
645 2712 731 2750 106).
1097 2723 1170 2754 333.
1199 2710 1457 2750 Constantiam]
1482 2711 1544 2744 See
1568 2711 1633 2752 Ep.
1663 2719 1742 2752 1315
1766 2710 1818 2742 in-

267 2753 441 2785 Erasmus'
473 2753 666 2795 friendship
696 2753 782 2785 with
812 2753 884 2784 him
915 2764 985 2785 was
1055 2755 1145 2788 trod.

222 2806 268 2827 no
296 2796 409 2828 doubt
437 2797 572 2828 formed
599 2797 636 2828 in
665 2797 777 2829 Rome
806 2797 842 2828 in
876 2806 986 2838 15093
1097 2810 1172 2841 334.
1200 2797 1488 2840 Epphendorpio]
1505 2797 1566 2830 See
1580 2797 1644 2839 Ep.
1667 2806 1748 2828 1122
1766 2797 1818 2828 in-

223 2839 370 2881 perhaps
403 2839 552 2882 through
586 2840 646 2872 the
677 2840 918 2872 introduction
951 2840 986 2872 of
1055 2842 1170 2880 trod.;
1201 2841 1267 2873 but
1282 2842 1324 2873 cf.
1345 2842 1415 2873 LB.
1431 2841 1527 2883 App.
1543 2842 1619 2881 346,
1640 2849 1721 2881 1732
1736 2849 1815 2872 D—F.

223 2883 314 2920 Piso,
354 2883 408 2914 for
447 2883 560 2915 whose
599 2883 704 2915 letter
743 2887 781 2915 to
820 2884 986 2921 Coricius,
1096 2897 1172 2928 342.
1198 2884 1399 2927 parauerat]
1415 2884 1464 2917 Cf.
1483 2885 1547 2925 Ep.
1568 2885 1660 2923 1248.
1681 2892 1756 2924 17n.

223 2925 364 2967 printed
377 2926 414 2957 in
428 2926 470 2964 A,
486 2936 541 2958 see
558 2927 622 2968 Ep.
641 2929 705 2959 216
719 2927 849 2958 introd.
889 2927 986 2960 With
1099 2931 1173 2971 348.
1199 2938 1331 2960 sorores
1347 2927 1533 2970 Apollinis]
1556 2926 1606 2959 Cf.
1633 2926 1698 2968 Ep.
1721 2936 1815 2968 1331.

221 2970 254 3001 it
269 2969 349 3000 Piso
365 2972 443 3000 sent
458 2969 532 3000 him
547 2980 569 3001 a
584 2974 724 3011 present
741 2971 776 3002 of
792 2970 988 3002 Muscovite
1054 2974 1152 3014 64-6.

222 3011 327 3045 silver
345 3012 440 3044 coins
460 3012 545 3044 with
564 3013 676 3045 Greek
695 3013 766 3045 and
784 3013 987 3046 Ruthenian
1099 3019 1174 3057 361.
1202 3013 1322 3057 Hugo]
1336 3014 1400 3047 See
1416 3014 1481 3056 Ep.
1503 3015 1597 3055 1316.
1617 3022 1693 3047 12n.
