2012 3370
239 123 320 163 204
710 124 965 165 LETTERS
996 125 1068 166 OF
1098 124 1363 166 ERASMUS
1713 129 1837 178 [1523

237 233 423 284 quitans‚
446 246 494 272 ac
511 233 748 272 Louanium
764 245 934 283 quoque
949 232 1129 272 subinde
1143 246 1372 281 recurrens,
1395 233 1593 273 videlicet
1611 234 1839 274 latitabam

237 287 343 326 istis.
374 287 435 326 Ac
445 287 688 338 frequenter
700 287 849 326 eodem
862 291 1054 338 tempore
1067 287 1246 326 Louanii
1256 288 1564 327 decumbebam
1573 288 1681 327 febri
1692 289 1837 328 imme-

236 341 430 388 dicabili;
461 346 506 380 et
526 343 648 380 iuxta
670 341 914 380 Bruxellam
937 341 1134 393 delapsus
1157 342 1211 381 ab
1233 355 1342 394 equo
1364 343 1571 394 perieram
1591 343 1840 394 apoplexia;

177 411 216 445 25
238 409 370 446 quum
386 395 530 434 multis
544 396 678 442 annis,
691 396 830 447 gratia
839 396 1019 443 Christo,
1032 409 1117 435 non
1129 397 1354 436 valuissem
1368 397 1524 436 rectius
1536 409 1667 448 quam
1679 398 1724 437 id
1733 402 1838 437 tem-

238 451 351 501 poris
370 450 580 489 valebam.
625 450 708 490 Sed
726 451 841 489 intra
860 454 1024 501 septem
1045 464 1191 498 annos,
1213 452 1380 502 quoties
1400 452 1471 490 isti
1487 464 1555 490 me
1579 451 1840 499 extulerunt,

236 504 403 555 quoties
425 504 717 556 profligarunt,
739 505 907 556 quoties
928 505 1055 544 variis
1076 505 1284 544 malorum
1304 506 1527 557 generibus
1547 505 1813 546 afflixerunt!

291 558 326 598 O
359 558 454 609 plus
486 572 615 610 quam
648 559 894 598 Phalarides
926 572 975 598 ac
1006 559 1292 599 Moezentios!
1353 560 1451 599 Non
1482 561 1586 599 satis
1618 564 1685 600 est
1715 559 1845 600 semel

236 612 438 652 occidisse
460 614 660 652 miserum
684 614 923 661 Erasmum,
948 614 1028 653 nisi
1050 615 1179 654 toties
1201 618 1270 654 tot
1292 615 1414 653 malis
1437 614 1751 662 excarnificent‚
1775 619 1845 655 tot

175 683 219 716 30
236 667 376 706 exitiis
391 669 647 719 extinguant
667 671 682 707 ?
727 668 816 708 Nec
830 669 1001 708 interim
1016 672 1085 708 tot
1098 669 1327 720 suppliciis,
1344 673 1413 708 tot
1428 669 1637 708 mortibus
1651 673 1844 709 saturare

236 726 416 772 possunt
437 722 650 762 crudelem
673 724 877 762 animum.
929 723 1010 762 Vbi
1032 727 1098 762 est
1118 724 1289 762 interim
1310 723 1415 762 illud
1437 723 1611 762 Ioannis
1631 723 1841 775 Apostoli,

237 776 319 823 Qui
341 776 434 816 odit
455 777 631 817 fratrem
654 790 792 825 suum,
816 777 1030 816 homicida
1051 782 1117 816 est
1137 781 1153 816 ἱ)
1205 777 1273 816 An
1295 791 1381 816 non
1403 779 1506 817 satis
1530 778 1750 817 declarant
1771 779 1844 817 isti

236 830 341 882 quid
360 831 448 870 sint
466 831 623 871 facturi
643 832 679 871 si
698 836 796 871 tuto
824 832 964 879 liceat,
986 832 1060 882 qui
1089 833 1217 871 toties
1238 832 1440 871 occidunt
1458 832 1616 884 lingua,
1638 833 1842 884 quoniam

235 885 345 924 ferro
368 899 455 925 non
476 890 672 938 queunt?
725 887 784 925 Et
805 890 952 925 tamen
974 886 1062 925 dies
1084 886 1153 925 ille
1174 899 1261 925 non
1276 891 1420 937 potest
1434 887 1580 938 procul
1595 887 1741 927 abesse
1757 900 1842 939 quo

177 956 214 988 35
238 952 385 978 verum
409 941 490 979 erit
511 940 679 988 dixisse,
704 941 824 980 Vixit
846 941 1062 979 Erasmus.
1114 940 1203 979 Nec
1226 941 1336 979 vllus
1358 945 1424 980 est
1453 954 1574 980 casus
1602 955 1689 980 non
1718 954 1842 993 expe-

237 994 420 1033 ctandus
438 995 555 1042 mihi,
575 996 649 1046 qui
666 996 802 1046 possit
819 995 982 1033 homini
999 994 1201 1033 accidere.
1234 994 1346 1042 Quin
1364 995 1607 1034 mirandum
1619 996 1750 1035 etiam
1764 996 1844 1036 hoc

236 1049 532 1099 corpusculum
576 1062 651 1101 per
694 1062 737 1088 se
780 1049 1032 1097 inualidum,
1076 1062 1189 1088 nunc
1234 1049 1389 1088 aetatis
1432 1050 1563 1089 etiam
1607 1050 1845 1090 accessione

236 1103 499 1150 imbecillius,
520 1108 590 1143 tot
609 1104 780 1150 morbis,
801 1107 871 1143 tot
890 1103 1026 1150 malis,
1047 1107 1116 1142 tot
1134 1103 1351 1143 laboribus
1371 1103 1573 1144 sufficere.
1623 1104 1747 1152 Quod
1766 1118 1843 1157 ego

235 1170 337 1196 sane
359 1157 659 1197 deuotionibus
680 1159 861 1197 istorum
883 1162 928 1197 et
949 1158 1034 1197 aris
1055 1157 1207 1197 debere
1230 1171 1297 1197 me
1319 1162 1440 1210 puto,
1463 1159 1522 1198 sic
1545 1158 1715 1199 volente
1737 1159 1844 1206 Deo,

173 1227 219 1260 40
235 1224 288 1250 ne
309 1216 401 1251 tam
423 1212 583 1252 crudeli
604 1212 829 1264 voluptate
851 1213 936 1252 cito
958 1213 1194 1275 potiantur.
1244 1212 1339 1252 Iam
1361 1213 1435 1252 vbi
1456 1226 1524 1253 me
1546 1213 1722 1253 tandem
1744 1214 1846 1253 diris

236 1266 373 1306 modis
400 1266 687 1315 confecerunt,
714 1272 810 1306 tum
836 1267 1035 1307 saeuiunt
1060 1267 1105 1306 in
1130 1267 1259 1306 libros
1286 1280 1415 1315 meos,
1442 1268 1619 1319 perinde
1643 1273 1775 1321 atque
1800 1269 1844 1307 in

234 1320 388 1360 liberos
409 1321 704 1369 charissimos3
743 1326 793 1361 Vt
812 1322 858 1361 in
878 1322 943 1361 his
964 1321 1099 1362 veluti
1119 1321 1349 1369 rediuiuus,
1372 1321 1440 1361 vel
1460 1327 1673 1374 superstes
1694 1323 1843 1375 magis,

235 1375 445 1415 crudelius
470 1376 602 1415 etiam
628 1377 848 1415 inteream.
904 1376 996 1415 Hos
1022 1377 1190 1427 quoties
1216 1353 1404 1428 praefi'xo
1445 1379 1539 1428 θῆτα
1566 1377 1841 1425 damnarunt,

235 1430 404 1481 quoties
426 1429 648 1470 vltricibus
671 1430 854 1470 flammis
877 1434 1131 1470 exusserunt
1150 1431 1157 1470 !

173 1500 215 1533 45
293 1483 385 1532 Quo
419 1485 558 1524 minus
592 1485 801 1524 adfuerim
833 1486 878 1524 in
911 1489 1126 1525 conuentu
1159 1485 1478 1525 Vuormaciensi
1510 1486 1613 1534 siue,
1648 1490 1699 1525 vt
1730 1499 1844 1526 nunc

235 1537 374 1578 doctis
396 1540 539 1578 vocari
563 1541 716 1591 coepit,
741 1540 1160 1592 Berbethomagensi‚
1185 1553 1270 1591 quo
1294 1544 1407 1579 certe
1429 1540 1595 1579 fueram
1616 1541 1842 1587 inuitatus,

236 1594 393 1644 partim
416 1594 461 1633 in
484 1607 612 1633 causa
635 1594 719 1633 fuit
742 1594 859 1645 quod
881 1594 1036 1634 nollem
1060 1594 1222 1633 inuolui
1245 1595 1418 1645 negocio
1443 1595 1701 1642 Lutherano,
1727 1594 1843 1647 quod

234 1651 329 1686 tum
363 1648 637 1688 vehementer
671 1662 825 1700 anceps
859 1653 980 1695 erat,
971 1662 978 1669 ·
1031 1649 1188 1700 partim
1223 1649 1340 1700 quod
1372 1648 1496 1688 facile
1529 1649 1766 1689 diuinarem
1799 1650 1845 1689 in

235 1706 361 1741 tanta
378 1703 617 1754 principum
635 1703 876 1754 frequentia
893 1706 1103 1754 tantaque
1121 1703 1228 1742 varii
1245 1703 1407 1754 generis
1424 1703 1645 1743 hominum
1664 1704 1844 1744 colluuie

177 1772 219 1805 50
235 1769 321 1795 non
345 1756 590 1797 defuturam
615 1762 807 1819 pestem:
849 1771 983 1808 quum
1008 1757 1182 1797 Colonia
1204 1771 1292 1796 non
1315 1757 1498 1797 fuisset
1487 1759 1690 1797 immunis
1714 1758 1769 1798 ab
1793 1772 1843 1798 eo

235 1810 360 1858 malo,
402 1824 536 1863 quum
574 1812 658 1851 11116
698 1812 883 1863 primum
923 1816 1067 1864 ageret
1106 1812 1272 1852 Caesar
1339 1811 1400 1851 At
1438 1817 1607 1852 mortuo
1647 1812 1843 1865 Principe

234 1865 412 1913 Cieruio,
430 1867 572 1906 1168610
586 1866 691 1918 quid
707 1867 850 1906 conati
865 1871 967 1906 sunt
983 1866 1144 1906 deferre
1161 1866 1337 1918 quidam
1353 1867 1470 1919 apud
1486 1867 1736 1914 Caesarem;
1769 1867 1843 1907 sed

235 1919 341 1959 adeo
366 1920 638 1972 impudenter
661 1925 713 1960 vt
737 1922 897 1960 nemini
921 1921 1033 1960 bono
1060 1921 1321 1973 cordatoque
1346 1922 1644 1972 persuaserint.
1698 1898 1843 1974 Atque

234 1987 311 2026 ego
348 1975 618 2015 submonitus
647 1976 880 2015 amicorum
908 1975 1053 2023 literis,
1083 1975 1178 2015 11160
1207 1976 1375 2028 scriptis
1404 1975 1460 2015 ad
1488 1976 1609 2016 aulae
1637 1976 1843 2028 primores

176 2044 215 2078 55
235 2029 424 2080 epistolis
439 2030 502 2069 ita
516 2030 684 2069 fumum
699 2030 819 2070 illum
835 2030 1025 2077 discussi,
1043 2035 1093 2069 vt
1109 2043 1254 2070 omnes
1270 2030 1375 2070 1111111
1389 2043 1477 2070 non
1492 2031 1632 2070 minus
1647 2035 1843 2071 amanter

235 2096 367 2134 quam
396 2084 625 2124 honorifice
645 2085 955 2135 responderint.
1015 2084 1136 2123 Inter
1156 2097 1264 2136 quos
1290 2088 1383 2124 erat
1402 2085 1754 2135 illustriss<imus>
1774 2085 1839 2124 vir

235 2137 496 2177 Mercurinus
526 2138 806 2186 Gattinarius,
836 2152 1027 2178 summus
1057 2140 1330 2189 Caes<areae>
1362 2139 1647 2190 Ma<iestatis>
1676 2140 1835 2180 cancel-

234 2191 377 2239 larius,
398 2192 521 2232 Card.
539 2192 807 2240 Sedunensis,
830 2193 1060 2232 Marlianus
1076 2194 1297 2245 episcopus
1312 2193 1532 2241 Tudensis,
1550 2194 1837 2246 Hieronymus

236 2246 447 2287 AJeander
454 2251 549 2287 tum
561 2248 741 2287 nuncius
755 2248 1031 2299 apostolicus:
1053 2261 1153 2286 nam
1170 2248 1274 2286 alios
1290 2248 1394 2287 data
1406 2261 1535 2300 opera
1549 2261 1635 2288 non
1648 2249 1834 2288 nomino.

175 2310 220 2340 60
237 2300 359 2341 Solus
381 2301 617 2353 Episcopus
630 2301 873 2341 Leodiensis
889 2302 978 2341 dies
995 2302 1160 2353 aliquot
1177 2306 1415 2341 remoratus
1427 2303 1644 2350 nuncium,
1660 2303 1836 2342 tandem

233 2355 428 2395 exclusus
450 2357 633 2408 negociis
655 2357 795 2395 Verbis
817 2356 1033 2395 duntaxat
1054 2356 1286 2407 respondit.

289 2410 371 2449 Vbi
385 2410 563 2450 redisset
577 2411 729 2451 Caesar
744 2411 1002 2458 Bruxellam‚
1019 2412 1093 2449 vix
1107 2411 1217 2450 vllus
1232 2414 1325 2450 erat
1339 2410 1427 2449 dies
1442 2411 1547 2462 quin
1560 2424 1636 2462 per
1649 2411 1837 2451 medium

233 2463 374 2503 forum
401 2478 449 2504 ac
475 2469 644 2517 praeter
669 2465 811 2505 aulam
837 2465 1145 2517 obequitarem,
1171 2465 1216 2504 in
1242 2465 1339 2504 aula
1364 2464 1608 2516 frequenter
1633 2479 1836 2513 versarer,

234 2518 363 2570 idque
374 2532 461 2559 non
473 2519 706 2559 admodum
722 2534 774 2559 ex
792 2533 908 2559 more
921 2533 1014 2559 meo
1028 2534 1036 2566 ;
1056 2533 1104 2559 ac
1117 2519 1425 2571 propemodum
1438 2520 1571 2571 magis
1584 2520 1835 2559 habitabam

175 2581 215 2620 65
235 2573 459 2613 Bruxellae
487 2587 617 2626 quam
646 2574 884 2614 Anderlaci.
943 2574 1142 2622 Quotidie
1171 2574 1413 2613 salutabam
1442 2575 1673 2626 episcopos,
1704 2588 1837 2626 quan-

609 2658 660 2697 46.
688 2654 994 2696 Berbetomagensi
1006 2654 1052 2686 N.
1189 2665 1239 2695 52.
1266 2653 1456 2686 CiuerioH.

281 2763 333 2794 23.
360 2752 627 2793 decumbebam]
641 2753 709 2785 For
719 2753 853 2786 similar
864 2756 998 2795 reports
1114 2762 1168 2793 50.
1194 2750 1345 2794 pestem]
1359 2751 1409 2784 cf.
1426 2752 1491 2793 Ep.
1506 2752 1737 2794 917introd.;
1763 2754 1835 2785 and

239 2796 537 2879 Οέἓέἐιῗὲἒᾷω]
552 2840 604 2873 Cf.
620 2841 685 2882 Ep.
706 2843 799 2873 1208.
816 2851 872 2874 2n.
1072 2796 1171 2883 ΞΕ5271.1
1179 2805 1345 2877 Igieruio]
1363 2838 1424 2871 See
1442 2838 1507 2878 Ep.
1526 2847 1599 2879 532.
1619 2848 1697 2879 2711

282 2894 335 2925 31.
361 2883 519 2923 Ioannis]
537 2893 548 2916 1
569 2884 664 2917 John
678 2894 708 2925 3.
730 2893 779 2925 15.
1113 2894 1168 2925 55.
1193 2881 1364 2924 epistolis]
1380 2881 1443 2914 See
1459 2882 1524 2922 Ep.
1546 2891 1626 2923 1195
1643 2882 1772 2914 intr-od.

283 2937 336 2969 43.
362 2926 459 2966 θῆτα]
492 2927 733 2960 Abbreviated
767 2928 822 2960 for
850 2927 996 2958 θάνατος.
1112 2931 1166 2960 62.
1192 2925 1284 2957 redis
1269 2924 1353 2964 sset]
1399 2924 1538 2957 Charles
1583 2926 1747 2958 returned
1795 2930 1833 2958 to

240 2969 290 3001 Of.
312 2969 395 3002 Isid.
416 2970 504 3010 Oriy.
529 2980 555 3002 1.
578 2981 608 3011 3.
628 2973 660 3010 8,
680 2971 829 3012 quoting
848 2971 939 3003 Enn.
952 2969 998 3011 fr.
1070 2968 1227 3001 Brussels
1239 2979 1284 3001 on
1302 2978 1341 3009 14
1354 2969 1448 3000 June
1465 2976 1572 3008 1521.
1600 2978 1656 3001 see
1670 2969 1832 3002 Gaehard

239 3015 302 3054 318
320 3025 328 3046 z
356 3013 430 3045 also
445 3013 620 3045 Erasmus'
638 3015 744 3054 Adaq.
761 3016 837 3055 456.
1068 3013 1103 3044 ii.
1123 3022 1176 3054 30.
