2012 3370
166 120 287 169 1420]
707 117 867 158 FROM
896 118 1063 159 LOUIS
1094 119 1210 158 BER
1676 121 1751 157 401

210 223 278 256 Sed
303 233 374 256 non
399 227 454 257 est
484 224 585 256 huius
612 223 769 255 instituti
800 223 863 256 1106
887 235 996 267 genus
1021 225 1176 267 argutias
1208 223 1389 266 persequi'
1418 224 1534 264 (Basle
1560 223 1680 265 Opera,
1708 225 1751 257 ix.

168 275 314 298 1011-12
333 279 341 305 ;
372 268 440 301 LB.
459 268 505 300 ix.
528 277 608 309 1232
624 267 734 307 A-c).]

221 382 511 422 CONCEDnvivs
544 382 802 421 ‘necessario
833 382 986 420 Iudam
1016 382 1285 433 proditurum
1316 382 1544 429 Christum,
1576 383 1611 421 si
1641 383 1755 421 Deus

167 438 365 487 presciuit
388 437 541 476 Iudam
560 436 829 488 proditurum
852 436 1067 476 Christum
1088 436 1110 483 ',
1136 437 1170 475 si
1193 437 1417 475 necessario
1440 437 1558 476 dicat
1578 439 1753 476 necessi-

166 494 301 530 tatem
320 492 616 543 consequentie
636 504 644 529 ε
679 495 729 529 vt
747 503 892 530 sensus
910 495 987 537 est,
1008 490 1084 529 hec
1104 491 1406 542 consequentia
1424 494 1489 530 est
1506 492 1754 540 necessaria,

166 543 210 584 Si
252 545 366 584 Deus
408 546 608 597 presciuit
650 544 802 584 Iudam
845 545 1114 596 proditurum
1158 544 1386 591 Christum,
1431 544 1561 584 Iudas
1603 546 1756 596 prodet

166 597 391 639 Christum.
460 600 517 639 Et
555 599 634 638 hoc
674 603 739 638 est
778 612 938 645 Verum,
981 612 1077 637 cum
1116 598 1324 637 eiusmodi
1363 599 1660 639 conditionalis
1699 601 1789 639 sit-3

165 655 466 705 consequentia
496 654 608 693 bona
637 657 682 692 et
710 654 957 692 necessaria.
1019 652 1373 703 Quandoquidem
1403 653 1660 704 impossibile
1690 658 1756 694 est

164 708 228 746 ita
255 721 344 747 esse
372 709 480 748 sicut
511 707 771 760 significatur
798 720 873 759 per
902 707 1156 746 antecedens
1183 707 1294 746 illius
1318 707 1627 755 conditionalis,
1652 710 1756 760 quin

164 763 226 801 ita
248 763 305 801 sit
327 763 435 802 sicut
459 761 720 814 significatur
742 775 816 814 per
838 762 927 801 eius
950 774 1223 812 consequens.

218 816 470 868 Negandum
504 830 605 856 vero
638 820 704 856 est
739 817 748 832 ‘
766 816 1000 855 necessario
1035 815 1189 854 Iudam
1222 815 1492 866 proditurum
1527 816 1754 863 Christum,

163 871 198 909 si
240 870 355 910 Deus
398 872 599 922 presciuit
641 870 794 910 Iudam
838 870 1108 922 proditurum
1149 869 1364 909 Christum
1384 870 1406 916 ’,
1449 871 1485 909 si
1531 871 1756 910 necessario
1779 878 1816 899 10

164 924 340 965 denotet
359 926 655 965 necessitatem
671 926 967 977 consequentis
987 939 994 972 ς
1028 928 1077 963 vt
1098 937 1243 963 sensus
1264 925 1333 971 sit,
1356 925 1399 965 Si
1419 924 1535 963 Deus
1556 925 1757 976 presciuit

165 978 317 1018 Iudam
344 979 612 1030 proditurum
639 980 866 1026 Christum,
895 979 972 1018 hec
998 979 1232 1030 propositio
1259 982 1324 1018 est
1350 980 1597 1026 necessaria,
1626 978 1756 1018 Iudas

164 1033 316 1084 prodet
341 1034 568 1073 Christum.
624 1034 682 1072 Et
706 1034 785 1073 hoc
812 1038 877 1073 est
902 1033 1069 1072 falsum.
1124 1033 1236 1072 Nam
1262 1034 1404 1084 posita
1429 1034 1612 1072 veritate
1638 1038 1754 1072 ante-

163 1087 351 1127 cedentis
386 1088 497 1127 illius
534 1088 844 1135 conditionalis,
883 1087 1042 1127 scilicet
1078 1087 1194 1139 quod
1230 1087 1346 1126 Deus
1382 1088 1565 1138 presciat
1602 1087 1757 1127 Iudam

163 1142 431 1192 proditurum
467 1143 694 1189 Christum,
733 1155 993 1193 consequens
1029 1146 1175 1181 tamen
1210 1141 1321 1180 illius
1358 1141 1655 1181 conditionalis
1691 1146 1757 1181 est
1778 1150 1812 1183 15

161 1195 329 1244 falsum,
359 1196 557 1236 videlicet
583 1197 698 1248 quod
724 1197 800 1236 hec
827 1197 1061 1248 propositio
1089 1197 1145 1235 sit
1170 1197 1418 1243 necessaria,
1447 1195 1577 1235 Iudas
1604 1196 1757 1247 prodet

162 1250 389 1290 Christum.

219 1303 417 1351 Quinimo
443 1305 519 1344 1166
545 1307 779 1357 propositio
805 1307 812 1321 ⁶
834 1305 964 1344 Iudas
989 1305 1142 1356 prodet
1161 1304 1376 1344 Christum
1396 1304 1405 1320 ⁹
1434 1308 1499 1343 est
1522 1306 1756 1356 propositio

164 1371 275 1398 mere
305 1360 566 1410 contingens,
597 1364 641 1398 et
673 1373 760 1398 non
791 1361 1039 1406 necessaria,
1071 1360 1159 1398 siue
1188 1359 1304 1397 Deus
1337 1359 1521 1409 presciat
1549 1360 1638 1398 siue
1670 1372 1757 1398 non

163 1414 346 1464 presciat
374 1413 528 1452 Iudam
556 1414 826 1465 proditurum
855 1413 1083 1453 Christum.
1145 1412 1504 1464 Qualitercunque
1533 1414 1646 1452 enim
1682 1426 1757 1465 per
1776 1422 1819 1446 20

162 1480 256 1506 eam
293 1467 568 1519 significatur,
607 1468 752 1507 taliter
784 1471 930 1519 potest
961 1481 1050 1506 esse
1087 1471 1132 1506 et
1167 1470 1313 1518 potest
1349 1467 1494 1506 taliter
1529 1480 1616 1506 non
1653 1480 1755 1507 esse.

163 1520 402 1573 Propositio
422 1526 568 1561 autem
594 1523 829 1562 necessaria
855 1522 1024 1569 dicitur,
1052 1535 1135 1573 que
1161 1521 1344 1573 qualiter
1363 1520 1585 1573 significat,
1613 1522 1758 1561 taliter

162 1589 329 1616 necesse
358 1580 424 1616 est
451 1590 553 1616 esse.
611 1576 732 1616 Vnde
760 1577 805 1616 in
833 1576 912 1616 1106
942 1589 1066 1615 sensu
1095 1577 1305 1627 posterius
1334 1576 1547 1627 explicato
1574 1576 1759 1615 habetur

163 1632 396 1682 propositio
426 1631 735 1678 conditionalis,
766 1631 880 1670 mala
909 1632 1224 1682 consequentia,
1255 1634 1300 1669 et
1326 1630 1380 1669 ob
1407 1630 1451 1669 id
1474 1630 1582 1669 falsa
1608 1635 1652 1669 et
1680 1631 1754 1669 im-

162 1685 372 1737 possibilis
409 1687 656 1737 propositio.
721 1686 834 1725 Nam
872 1685 1163 1724 antecedentis
1200 1685 1383 1723 veritate
1416 1686 1570 1736 posita,
1606 1685 1753 1724 nihilo·
1775 1695 1814 1727 25

163 1740 303 1778 minus
333 1752 593 1791 consequens
622 1744 688 1778 est
716 1740 950 1791 propositio
979 1739 1159 1778 modalis
1189 1740 1426 1790 composita
1455 1738 1575 1778 falsa.

215 1793 411 1833 Ceterum
432 1794 557 1833 huius
578 1795 878 1845 propositionis
898 1795 984 1832 iam
1006 1793 1132 1840 dicte,
1158 1793 1166 1808 ⁶
1185 1793 1430 1832 Necessario
1452 1792 1583 1831 Iudas
1604 1793 1758 1843 prodet

163 1847 389 1895 Christum,
414 1849 448 1887 si
469 1848 584 1887 Deus
606 1849 806 1900 presciuit
827 1848 980 1886 Iudam
1002 1847 1271 1899 proditurum
1294 1846 1508 1886 Christum
1529 1847 1550 1894 ⁹,
1575 1849 1610 1886 si
1630 1847 1756 1886 lectio

163 1902 387 1941 necessario
415 1902 531 1941 dicat
560 1903 855 1953 consequentis
883 1903 1192 1948 necessitatem,
1223 1914 1369 1940 sensus
1397 1902 1527 1940 etiam
1557 1901 1756 1952 explicari

164 1961 307 2008 potest
329 1956 408 1996 hoo
431 1961 572 2008 pacto,
600 1957 608 1972 ‘
628 1956 670 1996 Si
694 1957 808 1995 Deus
832 1958 1033 2008 presciuit
1056 1956 1209 1994 Iudam
1233 1955 1502 2007 proditurum
1527 1955 1753 2003 Christum,
1776 1967 1816 1997 30

166 2011 296 2049 Iudas
316 2013 550 2050 necessario
570 2011 723 2062 prodet
744 2011 957 2050 Christum
975 2011 997 2057 ’,
1026 2015 1075 2050 vt
1102 2011 1158 2049 sit
1184 2010 1242 2049 ibi
1269 2010 1567 2048 conditionalis
1639 2011 1756 2048 cuius

164 2067 198 2104 si
218 2065 471 2104 antecedens
491 2070 676 2116 ponatur
695 2079 856 2112 verum,
878 2066 1035 2104 scilicet
1060 2065 1068 2080 ‘
1088 2065 1202 2103 Deus
1223 2065 1423 2115 presciuit
1444 2064 1597 2102 Iudam
1617 2064 1755 2115 prodi-

163 2124 308 2159 turum
339 2119 552 2159 Christum
573 2119 595 2167 ',
627 2120 899 2159 nihilominus
930 2132 1189 2170 consequens
1219 2123 1285 2157 est
1314 2119 1548 2170 propositio
1578 2118 1757 2157 modalis

163 2174 301 2213 diuisa
339 2174 447 2213 falsa
486 2178 530 2213 et
568 2174 852 2226 impossibilis,
894 2173 1092 2212 videlicet
1134 2173 1292 2211 ‘Iudas
1331 2174 1565 2211 necessario
1606 2173 1759 2224 prodet

163 2227 377 2268 Christum
398 2228 420 2267 '.
483 2228 541 2268 Vt
573 2228 641 2267 ille
674 2229 825 2267 modus
858 2229 1091 2267 necessario
1125 2228 1383 2266 determinat
1417 2227 1613 2278 copulam
1646 2227 1757 2266 illius
1776 2239 1814 2271 33

165 2284 477 2334 propositionis.

221 2337 373 2376 Omnia
402 2337 648 2389 supradicta
682 2339 838 2377 rectius
872 2337 1106 2384 habebunt,
1144 2338 1179 2376 si
1214 2336 1306 2375 loco
1338 2335 1537 2387 prescivit
1572 2339 1757 2386 ponatur

161 2391 324 2442 premit,
350 2392 557 2443 presentis
580 2392 794 2444 temporis.

219 2445 295 2485 Ille
338 2446 489 2485 modus
530 2458 689 2486 ‘necesse
736 2459 809 2485 seu
855 2447 1083 2486 necessario
1128 2445 1234 2484 dicit
1275 2445 1571 2483 necessitatem
1615 2456 1755 2482 conse-

164 2501 350 2551 quentie,
396 2501 568 2552 quando
613 2500 793 2540 denotat
836 2501 1115 2539 necessariam
1161 2499 1521 2550 consequentiam,
1568 2498 1647 2536 hoc
1693 2502 1757 2536 est
1773 2511 1817 2541 40

165 2554 354 2593 debitam
378 2554 611 2594 illationem
637 2556 933 2606 consequentis
958 2568 1010 2593 ex
1035 2554 1326 2593 antecedente.
1379 2553 1497 2591 Tunc
1523 2556 1668 2591 autem
1693 2557 1758 2590 est

168 2608 314 2646 debita
332 2608 479 2656 illatio,
501 2609 673 2660 quando
693 2613 759 2648 est
779 2610 891 2648 bona
911 2609 1225 2660 consequentia.

216 2661 335 2701 Tunc
355 2666 498 2701 autem
518 2663 643 2702 lectio
662 2676 817 2702 necesse
836 2676 909 2701 seu
928 2663 1053 2702 lectio
1079 2661 1302 2701 necessario
1328 2661 1433 2700 dicit
1460 2661 1756 2699 necessitatem

167 2717 475 2767 consequentis,
496 2717 668 2767 quando
694 2717 873 2756 denotat
899 2718 1245 2767 consequentiam
1271 2729 1344 2754 seu
1369 2715 1603 2754 illationem
1633 2716 1757 2754 Vnius

168 2783 221 2809 ex
243 2770 390 2809 altero.
461 2770 589 2810 Cuius
609 2784 868 2821 consequens
890 2775 955 2810 est
976 2771 1210 2822 propositio
1232 2770 1478 2809 necessaria.
1773 2785 1813 2816 43

220 2824 459 2864 Necessitas
497 2826 794 2876 consequentic
831 2829 897 2864 est
933 2825 1235 2876 consequentia
1272 2824 1384 2863 bona
1427 2827 1472 2862 et
1507 2825 1755 2864 necessaria.

169 2879 316 2919 Omnis
335 2882 479 2918 autem
507 2880 808 2930 consequentia
835 2879 947 2918 bona
966 2884 1032 2918 est
1057 2879 1359 2929 consequentia
1384 2879 1631 2925 necessaria,
1658 2879 1758 2918 licet

166 2933 382 2973 interdum
420 2935 722 2984 consequentia
759 2933 872 2972 bona
909 2935 965 2972 sit
1001 2933 1271 2984 impossibilis
1309 2933 1554 2984 propositio,
1591 2937 1641 2972 vt
1674 2934 1758 2972 ista

169 2988 179 3004 ‘
199 2987 340 3027 Homo
361 2992 428 3027 est
449 2989 604 3036 asinus,
629 3001 726 3039 ergo
748 2988 875 3027 homo
897 2993 962 3026 est
983 2988 1174 3026 rudibilis
1192 2989 1215 3026 '.

225 3068 316 3102 4525
917 3064 947 3092 D
969 3051 999 3092 (l
