2033 3395
236 325 488 375 60pluribus
517 325 617 365 locis
646 326 916 376 deprehendi.

234 887 280 922 70
295 868 464 908 aliunde
486 869 802 921 intelligentiae.

302 161 354 199 20
776 162 1029 203 LETTERS
1061 163 1133 201 OF
1163 162 1426 203 ER-ASMUS

298 270 411 310 illhic
428 271 586 322 legisse.

1776 164 1897 213 [1522

646 271 850 311 Credibile
868 276 932 310 est
949 285 1041 311 eam
1059 272 1251 311 lectionis
1268 273 1433 323 copiam
1451 273 1631 312 vicissim
1652 276 1695 311 et
1712 272 1899 324 inopiam

976 326 1059 366 Oro
1087 327 1154 365 hic
1183 327 1495 366 humanitatem
1524 331 1645 366 tuam
1674 331 1724 365 vt
1751 327 1899 366 mittas

296 379 425 419 illhuc
445 380 658 420 hominem
677 380 876 419 idoneum
896 381 970 431 qui
988 385 1130 419 totum
1150 381 1459 432 Hieronymum
1479 381 1534 420 ad
1552 382 1623 420 illa
1642 381 1900 431 exemplaria

298 434 501 473 conferat.
547 435 589 474 Si
605 448 690 472 non
708 434 837 472 alium
853 434 1054 481 fructum,
1072 435 1187 486 quod
1203 448 1423 486 nunquam
1440 436 1622 483 credam,
1640 440 1752 475 certe
1765 437 1898 474 istum

298 490 531 527 maximum
561 490 713 539 capies,
744 489 1088 528 emendacionem
1117 494 1238 528 tuam
1268 490 1323 528 ad
1361 490 1626 529 venerandae
1664 491 1898 529 vetustatis

296 543 460 582 codices
480 547 524 581 et
543 556 617 593 per
642 543 949 593 Imperatorem
975 545 1219 594 quempiam
1241 558 1292 582 ex
1318 544 1469 583 Italiae
1488 545 1735 596 incorrupta
1756 544 1899 595 aliqua

235 611 277 650 65
296 597 554 636 bibliotheca
574 597 702 636 illhuc
724 597 955 637 translatos
977 598 1237 649 expendisse.

352 651 403 689 In
440 651 554 689 Roro
591 653 848 691 monasterio
884 653 1184 691 canonicorum
1220 653 1474 704 regularium
1511 653 1779 692 celeberrimo
1816 653 1896 692 Ba-

296 706 438 744 uariae
463 705 683 753 inferioris,
711 706 844 746 codex
869 711 935 746 cst
959 720 1045 746 non
1070 721 1249 758 magnus
1274 721 1350 746 nec
1377 708 1592 758 antiquus,
1619 709 1663 746 in
1687 721 1772 759 quo
1798 711 1899 746 sunt

295 759 384 798 diui
410 760 661 812 Hieronymi
686 760 813 800 titulo
839 765 985 801 ternae
1009 762 1054 800 in
1079 761 1264 813 singulos
1290 762 1586 813 Euangelistas
1611 762 1899 813 exposiciones

296 814 457 861 breues,
479 819 523 853 et
542 828 627 853 non
653 828 763 866 quae
790 815 984 862 doceant,
1013 816 1087 855 sed
1114 816 1374 856 admoneant
1399 816 1598 856 lectorem
1627 820 1899 868 comparatae

296 924 500 962 memoria
528 937 613 962 non
643 937 828 975 possum.

296 981 513 1017 auctorem
552 979 827 1029 inscripcione
866 993 952 1018 non
991 980 1269 1019 mentiuntur.

860 870 989 909 Aliud
1017 871 1097 910 tibi
1119 871 1170 910 de
1192 884 1317 922 opere
1338 871 1445 910 ferre
1466 871 1668 910 iudicium
1691 885 1743 910 cx
1766 871 1900 910 veteri

887 925 1050 964 Densos
1081 929 1226 965 autem
1256 930 1299 965 et
1329 930 1502 977 argutos
1531 939 1619 965 esse
1649 929 1832 977 oportet,
1864 926 1897 963 si

1328 980 1474 1019 Fuerit
1512 984 1612 1019 tuae
1651 980 1897 1031 diligenciae

294 1032 516 1072 instituere
546 1034 757 1073 racionem
790 1038 840 1073 vt
869 1034 994 1073 huius
1024 1035 1161 1085 operis
1191 1035 1423 1086 periculum
1454 1035 1720 1086 praesencius
1750 1034 1895 1081 facias,

294 1087 330 1125 si
351 1099 438 1137 qua
458 1087 632 1126 fortuna
653 1088 806 1127 reddas
828 1088 1137 1140 Hieronymum
1161 1090 1406 1128 auctiorem.

350 1141 568 1181 Venerunt
603 1142 786 1181 Romam
821 1147 1157 1194 propugnatores
1186 1143 1271 1182 duo
1305 1143 1548 1194 pontificiae
1577 1143 1790 1190 stacioniS,
1821 1143 1893 1194 qui

294 1195 373 1234 hoe
389 1200 621 1235 auctumno
638 1210 722 1235 vno
737 1198 955 1248 proposito
970 1210 1062 1236 eam
1079 1198 1123 1236 in
1138 1197 1271 1249 gradu
1287 1198 1512 1244 retineant,
1530 1211 1556 1236 a
1570 1210 1655 1248 quo
1671 1197 1896 1237 detrudere

293 1249 469 1300 quidam
499 1250 744 1299 moliuntur,
775 1256 820 1290 et
847 1255 899 1291 vt
926 1253 1087 1302 premia
1116 1256 1160 1291 et
1188 1252 1428 1292 sacerdocia
1456 1256 1681 1303 propterea
1709 1251 1895 1291 referant

293 1308 423 1355 atque
449 1304 554 1344 adeo
580 1305 705 1344 alieni
729 1306 881 1357 capitis
905 1306 1120 1346 delacione
1145 1307 1261 1346 beati
1285 1307 1485 1346 euadant.

1545 1306 1600 1354 Is,
1627 1306 1743 1358 quod
1766 1307 1893 1353 nosti,

294 1359 657 1410 congressionibus
677 1360 762 1399 suis
783 1360 1044 1400 scholasticis
1059 1365 1267 1400 testatum
1284 1361 1383 1400 olim
1403 1361 1532 1400 foecit
1552 1361 1787 1412 sophistam
1803 1374 1893 1400 esse

232 1424 277 1455 80
294 1426 337 1452 se
358 1427 491 1452 vnum
522 1414 744 1453 inuictum.
803 1415 936 1466 Saepe
956 1415 1021 1454 his
1041 1416 1174 1455 eciam
1204 1415 1353 1455 diebus
1382 1415 1573 1455 conflixit
1601 1417 1646 1454 in
1674 1415 1893 1466 Sapientia

293 1467 490 1507 Romana
509 1482 518 1515 ;
555 1472 598 1507 et
616 1468 701 1508 fuit
719 1469 992 1509 vehemencia
1011 1470 1205 1517 hominis,
1228 1474 1359 1521 caput
1377 1470 1599 1516 iactatum,
1620 1470 1733 1509 latus
1754 1470 1892 1517 molle,

293 1535 443 1561 manus
456 1522 632 1574 loquens
645 1527 689 1562 et
702 1537 873 1562 causam
890 1524 1082 1575 parciens
1098 1525 1142 1563 in
1156 1524 1323 1576 digitos,
1343 1528 1473 1575 atque
1489 1526 1533 1563 in
1550 1525 1614 1563 his
1632 1537 1678 1563 os
1696 1528 1891 1576 apertum

290 1577 428 1624 nimis,
452 1578 616 1628 stupori
637 1578 846 1617 omnibus.

905 1579 1017 1630 Ergo
1038 1579 1143 1617 nihil
1163 1592 1249 1618 non
1270 1592 1488 1630 speramus
1509 1592 1585 1618 nos
1607 1579 1797 1618 obtinere
1819 1592 1893 1630 per

290 1630 409 1669 illum
437 1632 511 1683 qui
537 1632 799 1684 theologicae
826 1632 1088 1672 defim‘oionis
1113 1633 1241 1672 titulo
1280 1636 1465 1672 maxime
1500 1633 1749 1684 paradoxon
1776 1633 1890 1673 Chri-

231 1695 271 1737 85
291 1685 456 1725 stianae
475 1686 767 1738 philosophiae
791 1687 946 1739 dogma
970 1687 1097 1727 semel
1117 1692 1161 1727 et
1180 1687 1347 1739 publice
1372 1688 1563 1728 obtinere
1583 1688 1698 1727 visus
1718 1692 1796 1734 est,
1818 1687 1891 1727 Ius

290 1753 379 1779 esse
411 1741 630 1780 mensariis
660 1741 843 1781 foenoris
875 1742 1121 1793 accipiendi.

290 1795 413 1833 aiunt
432 1808 521 1834 esse
540 1796 723 1834 nominis
743 1795 955 1843 Germani,
977 1801 1021 1836 et
1040 1797 1292 1836 remiserunt
1312 1797 1446 1836 vobis.

1180 1742 1306 1782 Hunc
1338 1742 1483 1781 festiui
1513 1742 1689 1793 quidam
1722 1742 1892 1781 delicias

1505 1797 1715 1848 Equidem
1735 1801 1780 1836 et
1800 1810 1890 1848 ege,

289 1849 370 1887 nisi
389 1849 490 1900 quia
509 1849 664 1888 falsum
684 1855 749 1889 est
772 1851 976 1890 ‘Crimine
997 1851 1051 1890 ab
1071 1864 1156 1890 vno
1177 1851 1302 1891 Disce
1321 1864 1466 1890 omnes
1482 1851 1505 1899 ³,
1528 1864 1795 1903 agnoscerem
1824 1851 1890 1891 vel

289 1903 450 1942 inuitus
473 1904 747 1955 opprobrium
771 1905 938 1956 gentile.

344 1957 477 1997 Alteri
500 1958 667 1997 diuersa
689 1960 801 1998 racio
825 1964 901 1999 est.

333 2138 387 2170 66.
414 2139 523 2177 Roro]
545 2138 654 2178 Rohr,
680 2141 715 2170 18
740 2148 803 2170 1118.
827 2148 854 2171 s.
880 2140 916 2169 of
938 2138 1052 2170 Ratis-

290 2182 383 2219 b0n;
411 2182 565 2213 founded
580 2183 614 2213 in
633 2191 726 2223 1133.

334 2233 389 2266 75.
414 2226 594 2266 stacionis]
610 2225 667 2257 i.e.
687 2225 788 2257 sedis.

333 2269 388 2308 78.
414 2268 466 2308 Is]
482 2269 556 2301 Eck
571 2281 580 2306 ;
610 2268 687 2301 who
705 2278 775 2301 was
792 2269 827 2300 in
844 2268 956 2300 Rome
975 2268 1050 2301 Oct.

293 2312 506 2352 1521—Feb.
531 2321 624 2353 1522.

334 2364 387 2397 79.
414 2355 726 2397 congressionibus]
771 2355 863 2388 Such
909 2365 948 2387 as
993 2356 1053 2387 the

290 2399 428 2441 Leipzig
454 2399 684 2440 Disputation
711 2399 790 2441 (Ep.
822 2408 915 2431 1020.
944 2400 1051 2440 62n);

288 2443 359 2474 and
376 2443 418 2474 cf.
435 2443 457 2474 1.
476 2445 552 2475 8611.

333 2485 386 2518 80.
413 2486 607 2528 Sapientia]
650 2486 723 2518 The

289 2529 410 2561 Rome.

332 2572 385 2604 86.
412 2573 577 2612 foenoris]
591 2573 665 2605 Eck
679 2572 749 2604 had
764 2573 879 2614 begun
893 2575 930 2604 to
945 2573 1052 2614 study

288 2615 358 2647 this
388 2617 549 2657 question
579 2617 615 2648 in
649 2626 728 2656 1512
763 2616 889 2656 (Epist.
919 2616 958 2648 de
987 2620 1049 2648 rat.

287 2659 437 2691 stadim-71
444 2670 473 2689 m
490 2670 639 2699 snorum,
655 2659 867 2700 Ingolstadt,
884 2660 924 2691 A.
944 2659 1050 2691 Weis-

287 2701 450 2742 senhorn,
471 2711 566 2743 1543,
590 2703 630 2734 10.
652 2704 720 2743 A³).
762 2702 805 2734 In
823 2703 883 2734 the
902 2706 1049 2734 autumn

288 2745 325 2777 of
349 2754 433 2786 1514
454 2745 496 2776 he
518 2745 681 2786 disputed
703 2745 812 2778 about
834 2747 862 2778 it
885 2746 966 2778 with
990 2746 1050 2778 the

289 2788 492 2820 Garmelites
511 2792 550 2820 at
566 2789 751 2831 Augsburg
768 2789 933 2830 (Raptim,
952 2789 1050 2828 ibid„

290 2840 386 2872 1543,
406 2831 430 2864 f.
454 2833 495 2871 48
521 2835 575 2872 vo)
608 2834 840 2874 maintaining
860 2833 940 2864 that
966 2833 1051 2865 with

287 2874 347 2907 the
365 2875 557 2916 expansion
574 2875 610 2907 ot
627 2876 727 2907 trade
745 2876 805 2908 the
823 2876 881 2907 old
900 2876 1050 2917 prohibi-

287 2919 363 2950 tion
392 2918 429 2949 οξ
458 2919 603 2950 interest
632 2922 728 2950 must
757 2919 798 2951 be
829 2918 1050 2958 abandoned,

288 2961 358 2993 and
374 2961 455 2993 that
479 2970 493 3002 5
521 2971 582 3002 per
603 2965 692 2993 cent.
718 2972 789 2993 was
812 2973 832 2994 a
848 2963 1051 2994 reasonable

287 3008 387 3042 rate3
429 3004 499 3036 and
527 3005 563 3036 in
592 3004 677 3046 July
709 3014 787 3045 1515
820 3006 863 3037 116
891 3009 985 3037 went
1012 3008 1050 3037 to

289 3047 446 3090 Bologna
456 3047 541 3080 with
553 3047 613 3079 the
625 3052 772 3089 support
783 3049 819 3080 of
830 3048 890 3080 the
901 3049 1053 3091 Fuggers

768 2486 972 2528 University
1016 2487 1053 2518 of

961 1960 1100 1999 Huius
1122 1961 1319 2007 incessus,
1346 1973 1494 2008 sermo,
1520 1960 1664 1999 vultus
1687 1964 1889 2011 totusque

1123 2142 1161 2170 to
1185 2140 1359 2172 maintain
1383 2140 1443 2172 the
1467 2150 1563 2172 same
1588 2141 1675 2172 view
1701 2140 1890 2180 (Oratimzves

1120 2186 1197 2222 tres,
1230 2183 1425 2225 Augsburg,
1459 2184 1583 2224 Miller,
1619 2194 1633 2225 5
1670 2184 1753 2216 Dec.
1793 2193 1888 2225 1515,

1122 2225 1156 2258 ff.
1180 2226 1231 2257 D«
1251 2231 1304 2264 v0‚
1326 2227 1380 2266 E).
1426 2227 1469 2259 In
1490 2228 1576 2269 Aug.
1604 2228 1686 2268 1516
1708 2228 1751 2259 he
1778 2229 1886 2260 main-

1121 2269 1240 2301 tained
1279 2271 1307 2302 it
1344 2271 1447 2311 again
1484 2274 1523 2302 at
1560 2270 1694 2303 Vienna
1733 2271 1885 2312 (Disput.

1129 2313 1275 2345 Viennae
1309 2313 1433 2352 habita,
1466 2313 1563 2353 ibid„
1596 2323 1638 2354 27
1671 2314 1751 2346 Jan.
1790 2324 1886 2356 1517,

1120 2357 1160 2388 fo,
1183 2357 1211 2388 B
1230 2359 1285 2396 νῦ)
1301 2369 1309 2394 ;
1341 2357 1411 2388 and
1440 2357 1692 2398 subsequently
1710 2368 1786 2389 won
1805 2368 1884 2399 sup-

1121 2403 1200 2441 port
1229 2410 1358 2442 among
1387 2400 1447 2432 the
1476 2400 1692 2442 theologians
1723 2401 1759 2433 of
1788 2400 1886 2433 Paris

1121 2443 1207 2480 (VE.
1225 2446 1294 2483 92).
1312 2444 1375 2476 See
1391 2443 1632 2483 Wiedemann,
1648 2444 1730 2484 an»,
1749 2455 1809 2486 pp.
1829 2455 1883 2486 33,

1122 2496 1136 2528 5
1143 2496 1222 2527 3-4,
1232 2488 1274 2519 68
1289 2499 1297 2525 ;
1321 2487 1392 2519 and
1408 2488 1451 2519 cf.
1470 2486 1734 2519 Pirckheimer's
1747 2489 1885 2529 prefacc

1119 2535 1157 2562 to
1168 2530 1220 2562 his
1230 2531 1440 2563 translation
1452 2531 1487 2562 of
1497 2530 1675 2569 Plutarch,
1686 2532 1735 2563 De
1747 2532 1881 2563 vitanda

1119 2585 1231 2613 vsura,
1258 2573 1486 2616 Nuremberg,
1513 2575 1551 2606 F.
1581 2574 1690 2616 Pcyp,
1720 2584 1762 2616 30
1791 2575 1884 2607 June

1123 2627 1228 2658 1313:
1261 2617 1334 2648 also
1352 2617 1417 2658 Ep.
1441 2627 1534 2658 1425.
1555 2627 1654 2657 9—10.

1163 2660 1217 2692 88.
1244 2659 1392 2692 Crimine
1400 2660 1445 2692 ab
1454 2662 1540 2700 vno]
1550 2661 1648 2702 Verg.
1659 2661 1687 2692 A
1693 2672 1742 2693 cn.
1755 2671 1783 2693 2.
1792 2663 1832 2702 65
1840 2663 1881 2700 ,6.

1162 2711 1217 2740 90.
1243 2704 1369 2744 Alteri]
1387 2705 1442 2736 Jo.
1463 2705 1576 2736 Faber
1594 2705 1673 2745 (Ep.
1694 2706 1772 2745 386)
1789 2717 1796 2736 :
1828 2715 1884 2736 see

1118 2747 1413 2780 Schottenloher's
1432 2749 1611 2789 ingenious
1630 2748 1882 2779 identification

1118 2791 1154 2822 in
1174 2790 1273 2823 Arch.
1289 2789 1318 2831 f.
1340 2790 1690 2831 Resormationsqesch.
1708 2802 1730 2822 v
1753 2792 1880 2831 (1908),

1118 2843 1239 2874 31—47,
1283 2833 1389 2866 based
1434 2845 1479 2866 on
1522 2844 1568 2866 an
1611 2837 1748 2865 extract
1790 2834 1879 2865 from

1116 2876 1275 2918 Ziegler’s
1298 2877 1454 2917 Marsyae
1473 2877 1588 2918 Satyri
1607 2877 1725 2908 chorus
1743 2877 1878 2916 (Erlan-

1117 2930 1183 2961 gen
1227 2920 1297 2953 MS.
1345 2922 1422 2962 827,
1468 2920 1502 2952 ff.
1554 2920 1696 2961 115,16).
1766 2919 1880 2951 Faber

1117 2963 1253 2995 arrived
1282 2964 1318 2996 in
1346 2963 1459 2995 Rome
1486 2964 1523 2995 in
1550 2963 1639 2995 Nov.
1674 2971 1781 3004 1521:
1823 2973 1879 2995 see

1120 3006 1173 3037 his
1189 3005 1248 3038 life
1267 3006 1313 3045 by
1326 3005 1354 3038 Ι.
1372 3006 1496 3045 Staub,
1513 3014 1572 3043 191
1584 3014 1613 3044 1,
1626 3016 1685 3047 pp.
1705 3013 1782 3044 139,
1800 3007 1874 3046 156.

1121 3049 1170 3081 Cf.
1190 3049 1264 3080 also
1281 3049 1370 3091 Epp.
1394 3059 1486 3090 1294.
1511 3058 1561 3089 13,
1584 3059 1677 3090 1324.
1700 3058 1794 3083 121n.
