2012 3370
189 275 230 296 20
248 258 314 298 hic
340 272 494 312 magno
520 261 619 298 viuo
638 272 647 307 ;

195 1903 234 1936 50

247 153 328 191 506

248 312 416 353 florenis
451 315 600 353 aureis.

249 367 401 419 aliquis
433 372 499 406 est
529 369 573 406 in
604 367 843 419 legatione;

722 152 975 191 LETTERS
1007 153 1078 191 OF
1108 153 1372 193 ERASMUS

1723 155 1847 203 [1524

690 258 812 298 crede
836 258 953 306 mihi,
979 271 1065 298 non
1089 272 1262 310 possum
1287 261 1460 300 minoris
1485 272 1614 312 quam
1640 262 1849 300 sexcentis

665 312 745 352 Alo
779 312 999 360 familiam,
1036 312 1218 353 famulos
1253 315 1355 354 treis
1389 318 1434 354 et
1469 327 1612 366 equos.

892 372 937 406 et
968 367 1171 408 valetudo
1202 369 1337 409 indies
1369 369 1419 408 fit
1450 368 1646 408 deterior.

1677 314 1850 366 Semper

1707 368 1851 408 Mense

250 421 374 461 Iunio
418 422 543 472 plane
587 422 807 473 perieram,
853 434 930 461 nec
976 434 1167 473 vnquam
1212 424 1370 462 maiore
1415 423 1710 474 desperatione
1754 435 1849 462 sum

247 477 410 514 enixus.
462 475 575 515 Satis
599 477 760 516 accisae
783 479 884 515 sunt
908 489 1026 515 meae
1047 489 1126 524 res,
1151 477 1319 517 etiamsi
1341 477 1446 516 nihil
1469 477 1704 516 decidatur.
1757 476 1852 516 Scio

187 546 206 568 2
213 546 227 577 5
248 542 314 568 me
336 529 488 568 debere
510 529 590 569 tibi
611 530 816 582 quicquid
836 533 902 570 est
922 530 1003 570 hoc
1023 529 1221 571 fortunae
1241 545 1250 579 ;
1288 532 1362 571 sed
1384 532 1485 571 boni
1506 531 1765 571 Mecoenatis
1786 534 1853 570 est

249 596 400 635 augere
442 583 706 632 beneficium,
750 597 836 624 non
877 585 1035 636 eripere
1077 585 1193 637 quod
1235 586 1411 625 dederit.

1483 586 1684 625 Scribunt
1725 585 1851 624 amici

248 651 401 689 parum
423 638 530 678 bene
552 639 796 679 consultum
816 639 877 679 illi
898 640 1102 690 pensioni,
1120 653 1187 680 me
1202 653 1291 680 esse
1307 641 1635 680 homuncionem
1651 643 1847 692 ἐφήμερον,

247 697 291 732 te
310 692 436 733 isthic
456 695 615 733 versari
633 695 678 733 in
697 693 992 745 frequentibus
1012 694 1264 745 pestilentiis
1285 708 1292 733 :
1329 695 1446 746 quod
1466 696 1501 734 si
1520 696 1697 734 tertium
1717 695 1852 734 veluti

247 747 467 787 tibicinem
499 761 728 800 supponas,
763 761 853 788 rem
885 748 975 788 fore
1007 748 1248 788 firmiorem.
1312 749 1391 788 Est
1424 749 1540 800 apud
1574 762 1641 788 me
1675 749 1851 788 Liuinus

189 816 230 848 30
248 805 530 853 cognomento
552 802 718 855 Algoet,
742 803 787 842 id
809 807 874 842 est
897 803 1151 842 omnibonus
1171 816 1180 850 ;
1220 805 1397 843 seruiuit
1419 804 1522 843 mihi
1545 803 1641 855 plus
1663 804 1851 856 quinque

248 869 394 896 annos.
445 856 498 896 In
518 857 631 897 hunc
652 858 779 897 velim
799 857 1019 897 transferri
1039 859 1297 909 pensionem,
1320 859 1355 897 si
1375 858 1479 910 quid
1499 858 1622 897 nobis
1642 857 1852 897 accideret

248 910 510 951 humanitus.

566 912 625 951 Et
650 916 716 951 est
741 912 900 963 alioqui
925 913 1090 951 iuuenis
1117 912 1229 951 bona
1255 913 1458 964 quapiam
1483 912 1658 952 fortuna
1685 912 1850 963 dignus.

248 964 315 1005 Sic
336 965 517 1017 profecit
537 967 582 1005 in
603 970 786 1018 vtraque
806 966 963 1017 lingua,
987 967 1031 1005 in
1054 967 1176 1005 bonis
1196 966 1351 1006 litteris
1372 979 1422 1005 ac
1443 966 1689 1018 disciplinis,
1713 971 1763 1005 vt
1784 979 1851 1004 me

248 1024 507 1070 praecurrat.
555 1020 749 1072 Denique
769 1020 966 1060 Gandaui
983 1024 1112 1059 natus
1131 1024 1208 1067 est,
1230 1025 1280 1059 vt
1298 1020 1377 1060 hoc
1396 1020 1451 1059 ad
1471 1021 1852 1060 commendationis

190 1088 228 1120 35
249 1075 466 1114 cumulum
495 1074 706 1114 adiiciam.
765 1075 911 1114 Facies
945 1074 1049 1113 mihi
1076 1087 1166 1113 rem
1196 1075 1468 1114 vehementer
1495 1079 1677 1127 gratam,
1708 1075 1743 1114 si
1772 1074 1851 1114 hoc

248 1141 379 1191 quarn
398 1129 584 1190 primum
603 1129 816 1181 expedias.

875 1128 1121 1168 Morillonus
1141 1130 1311 1180 scripsit
1329 1129 1382 1168 de
1400 1130 1595 1181 precibus
1616 1130 1826 1180 primariis
1842 1142 1851 1175 ;

249 1183 420 1233 permisi
440 1187 490 1222 vt
509 1196 652 1223 meum
672 1196 827 1222 nomen
847 1183 1108 1222 transferat
1097 1196 1142 1222 in
1161 1183 1339 1223 fratrem
1358 1188 1483 1223 tuum
1503 1184 1741 1223 Nicolaum.

302 1236 458 1289 Accepi
485 1238 725 1289 proximam
753 1237 966 1277 foeturam
995 1237 1207 1278 Sturiicae.

1265 1238 1408 1278 Homo
1436 1238 1561 1290 plane
1590 1242 1727 1278 certat
1755 1250 1852 1277 cum

249 1290 476 1342 Pasquillo,
504 1305 686 1344 vereque
711 1292 980 1332 Lutheranus
1004 1296 1097 1339 est3
1138 1293 1212 1355 qui
1235 1305 1279 1332 re
1302 1294 1396 1344 ipsa
1419 1293 1546 1333 docet
1568 1292 1673 1332 nihil
1697 1291 1852 1332 habere

187 1361 231 1392 40
249 1346 446 1397 ponderis
474 1347 801 1386 constitutiones
829 1346 1087 1394 Pontificias‚
1117 1348 1191 1398 qui
1218 1350 1287 1386 tot
1314 1347 1490 1387 aedictis
1518 1348 1692 1394 vetitus,
1722 1346 1853 1386 nihilo

249 1413 368 1439 secus
407 1402 573 1453 peragit
611 1415 733 1440 suam
771 1401 976 1440 fabulam.

250 1455 457 1507 negligere
477 1468 575 1494 cum
594 1457 680 1495 suis
699 1457 875 1495 naeniis.

1046 1378 1276 1441 Decretum
1316 1406 1381 1441 est
1420 1402 1600 1454 posthac
1638 1402 1852 1440 hominem

306 1509 388 1548 Hic
421 1510 595 1561 singulis
629 1510 778 1549 diebus
813 1509 1059 1561 Euangelici
1092 1511 1194 1549 noui
1227 1510 1468 1550 iaculantur
1502 1510 1664 1562 aliquid
1696 1509 1853 1548 rabiosi

250 1562 379 1602 libelli
404 1564 448 1603 in
474 1568 605 1616 caput
631 1577 786 1603 meum.
840 1564 939 1604 Non
964 1577 1137 1616 possum
1161 1565 1348 1616 iniquius
1373 1563 1493 1612 ferre,
1521 1564 1693 1617 quando
1718 1576 1853 1615 nuper

189 1631 229 1664 45
250 1618 295 1656 in
320 1617 571 1658 Pontificem
596 1620 827 1658 emiserunt
851 1618 1076 1670 quaedam,
1104 1632 1214 1669 quae
1238 1618 1378 1658 nullus
1403 1632 1546 1658 scurra
1571 1622 1786 1658 euomeret
1811 1619 1854 1656 in

251 1671 458 1712 lenonem.
519 1672 653 1724 Cogor
681 1673 832 1712 aedere
859 1672 1049 1712 libellum
1080 1672 1145 1711 De
1175 1672 1307 1712 libero
1339 1672 1528 1720 arbitrio,
1563 1672 1736 1725 quando
1768 1673 1853 1711 iam

252 1739 395 1765 rumor
423 1739 594 1778 sparsus
623 1731 700 1774 est,
731 1740 784 1767 ne
809 1730 966 1778 putent
991 1739 1080 1766 esse
1106 1726 1269 1778 aliquid
1293 1728 1492 1767 atrocius.

252 1779 341 1819 ficis
363 1780 553 1832 legatum
577 1781 683 1820 nihil
706 1782 864 1833 aegisse
893 1781 1010 1833 apud
1032 1780 1203 1832 Anglos.

1550 1727 1684 1767 Doleo
1708 1726 1851 1765 Ponti-

1257 1781 1451 1820 Demiror
1480 1781 1584 1833 quid
1612 1781 1692 1820 sibi
1720 1780 1855 1820 velint

254 1835 521 1874 monarchae.
561 1835 746 1876 Hezium
768 1835 908 1874 saluta
928 1835 1031 1874 mihi
1052 1835 1274 1887 diligenter
1294 1849 1343 1875 ac
1358 1835 1542 1887 reliquos
1560 1837 1665 1875 item
1681 1835 1853 1874 amicos.

308 1888 437 1928 Basil.
458 1889 538 1928 An.
563 1890 707 1939 †1525.

343 1990 393 2028 36.
418 1990 591 2060 primariis
608 1989 743 2030 scripsi,
762 1989 803 2031 cf.
823 1990 887 2031 Ep.
913 1999 1005 2031 1431.
1030 1993 1093 2023 18:
1125 1990 1360 2032 priuiariisH.

255 2092 1021 2178 cultiiesnfgdffngdnigss]dfigfngrglssizasseaiiglf.

256 2180 345 2221 Epp.
367 2188 461 2221 1434.
479 2190 532 2229 2¹4,
552 2188 604 2220 59,
626 2188 718 2229 1531.
740 2189 858 2212 11-12,
888 2224 895 2230 ·

343 2222 532 2262 sexcentis]
557 2223 628 2255 Yet
651 2223 703 2255 his
727 2223 864 2265 regular
886 2234 1022 2256 income

257 2277 326 2298 was
360 2266 453 2298 little
489 2276 583 2298 more
618 2266 707 2298 than
739 2275 832 2307 400:
883 2267 925 2299 cf.
963 2268 1024 2299 the

258 2320 403 2351 passage
426 2320 472 2342 on
495 2310 566 2342 this
589 2310 728 2351 subject
750 2310 866 2342 added
888 2311 963 2351 just
986 2314 1026 2343 at

258 2353 328 2385 this
342 2354 427 2385 time
442 2356 480 2385 to
496 2352 571 2385 Cat.
586 2353 666 2385 Luc.
684 2354 722 2393 (1,
739 2364 772 2396 p.
787 2364 843 2394 44.
862 2356 995 2394 38—43).

302 2406 354 2429 21.
379 2396 530 2429 famulos
567 2396 665 2436 treis]
702 2397 741 2429 L.
778 2397 906 2440 Algoet
943 2398 1021 2439 (Ep.

262 2450 338 2479 1091
366 2441 437 2472 and
457 2440 493 2471 ll.
515 2449 625 2481 29—34
648 2440 767 2483 infra),
790 2440 891 2473 Chas.
915 2441 1025 2473 Harst

257 2484 327 2515 and
350 2484 418 2526 sig.
446 2483 607 2516 Gelenius
631 2484 736 2526 (Epp.
764 2493 860 2526 1215,
887 2487 1023 2526 1702n).

259 2527 383 2568 Hilary
414 2527 553 2559 Bertulf
583 2527 662 2569 (Ep.
704 2536 796 2569 1257.
839 2531 916 2569 1311)
954 2528 1024 2560 had

259 2571 408 2612 perhaps
426 2571 473 2612 by
488 2581 565 2602 now
581 2571 646 2603 left
661 2571 838 2604 Erasmus.

347 2614 470 2655 equos]
487 2614 537 2646 Of.
555 2614 645 2657 Epp.
675 2625 770 2655 1422.
798 2624 896 2656 23-4‚
926 2617 1021 2656 1488.

257 2666 500 2733 44224’1111511Ι1ξ6
516 2667 634 2741 1ἓ1110]
650 2701 700 2734 Of.
723 2702 787 2743 Ep.
810 2711 904 2743 1452.
923 2712 1001 2742 2711.

305 2745 357 2776 26.
382 2745 548 2777 Scribunt
560 2745 678 2785 amici]
693 2745 756 2778 See
771 2746 836 2787 Ep.
857 2747 951 2787 1458.

304 2796 356 2826 27.
380 2787 432 2819 1111
446 2788 617 2829 pensioni]
632 2799 675 2821 sc.
692 2788 922 2821 Curtracensi.

305 2840 357 2870 29.
382 2831 576 2871 tibicinem]
595 2832 625 2863 A
644 2832 783 2865 column
800 2833 838 2865 in
855 2832 916 2865 the
933 2832 1025 2866 form

262 2872 298 2904 of
318 2885 338 2904 a
359 2875 467 2915 piper,
486 2875 571 2907 used
586 2875 655 2925 like
671 2875 876 2918 Caryatides
894 2876 950 2908 for
965 2876 1025 2908 the

261 2918 936 3034 {zgpffiysssssstasida:
954 2928 1024 2995 ‚132

262 3011 292 3033 2.
333 3012 364 3040 9.

310 3053 359 3084 31.
388 3047 566 3078 transferri
609 3049 826 3088 pensionem]
869 3050 936 3081 For
978 3060 1023 3081 an

1517 1991 1571 2029 48.
1597 1991 1706 2033 egisse
1725 1989 1769 2022 N.

1088 2093 1210 2126 earlier
1239 2094 1438 2135 expression
1469 2093 1504 2125 of
1535 2093 1710 2126 Erasmus’
1742 2094 1853 2125 inten-

1088 2138 1165 2169 tion
1178 2141 1215 2169 to
1228 2137 1372 2179 provide
1384 2137 1440 2169 for
1451 2137 1595 2169 Liuinus
1607 2148 1663 2169 see
1676 2138 1740 2179 Ep.
1760 2145 1852 2177 1437.

1093 2184 1197 2221 195—8
1215 2193 1224 2218 ;
1252 2181 1333 2218 and,
1350 2181 1405 2212 for
1419 2180 1556 2213 further
1576 2181 1797 2222 prosecution
1819 2179 1855 2212 of

1092 2225 1162 2257 this
1178 2228 1318 2261 matter,
1336 2224 1400 2265 Ep.
1422 2226 1515 2264 1716.

1138 2277 1188 2307 33.
1214 2267 1378 2309 profecit]
1392 2267 1442 2300 Cf.
1459 2268 1524 2310 Ep.
1545 2277 1638 2309 1437.
1657 2270 1728 2308 196.

1137 2313 1189 2352 36.
1214 2311 1431 2351 Morillonus]
1457 2311 1500 2344 In
1526 2312 1587 2344 the
1616 2312 1721 2344 letter
1751 2311 1786 2343 of
1813 2320 1849 2343 21

1092 2355 1179 2396 Aug.
1202 2364 1283 2395 1523
1303 2356 1481 2387 answered
1497 2356 1544 2396 by
1561 2355 1626 2396 Ep.
1648 2364 1742 2396 1431.

1138 2407 1188 2437 37.
1215 2398 1414 2438 Nicolaum]
1430 2399 1493 2431 See
1510 2399 1574 2440 Ep.
1598 2407 1690 2438 1431.
1709 2407 1806 2430 20—1.

1137 2443 1188 2481 38.
1214 2442 1410 2482 proximam
1447 2441 1637 2481 foeturam]
1675 2441 1748 2474 The
1785 2444 1855 2473 two

1092 2485 1200 2517 books
1215 2485 1416 2517 mentioned
1429 2485 1465 2517 in
1480 2485 1545 2526 Ep.
1566 2486 1659 2525 1466.
1678 2493 1795 2526 35-42.

1179 2539 1257 2560 cum
1287 2528 1478 2570 Pasquillo]
1506 2528 1556 2560 Cf.
1584 2537 1609 2563 1
1632 2539 1665 2570 p.
1694 2538 1748 2569 24.
1777 2530 1853 2560 6-8.

1090 2572 1158 2604 For
1177 2572 1238 2604 the
1257 2575 1375 2604 statue
1395 2575 1435 2604 at
1454 2572 1577 2609 Rome,
1599 2564 1801 2604 discovered
1819 2572 1856 2604 in

1093 2624 1187 2657 1501,
1209 2615 1280 2647 and
1301 2615 1360 2648 the
1381 2616 1534 2657 practice
1554 2615 1591 2647 of
1609 2616 1750 2658 posting
1770 2615 1855 2647 lam-

1090 2669 1199 2700 poons
1216 2670 1311 2701 upon
1327 2659 1358 2691 it
1372 2669 1428 2691 see
1446 2659 1551 2692 OED.
1570 2670 1597 2691 s.
1602 2670 1630 2691 v.
1648 2659 1808 2701 pasquin.

1133 2712 1187 2744 3.
1214 2702 1416 2745 Euangelici
1445 2701 1543 2742 noui]
1574 2702 1624 2735 Cf.
1657 2703 1722 2745 Ep.
1759 2703 1853 2743 1483.

1093 2756 1147 2788 5n.

1179 2790 1308 2822 rabiosi
1320 2789 1441 2829 libelli]
1456 2789 1506 2823 Cf.
1521 2789 1586 2831 Ep.
1606 2791 1699 2830 1481.
1718 2799 1795 2831 2711.

1133 2841 1175 2874 45
1182 2858 1189 2865 .
1213 2834 1250 2865 111
1261 2833 1481 2873 Pontificem]
1491 2833 1555 2866 See
1565 2833 1631 2875 Ep.
1646 2834 1741 2873 1496.
1755 2842 1767 2864 1
1777 2842 1852 2873 3511.

1134 2878 1189 2915 46.
1215 2877 1267 2909 De
1280 2876 1389 2909 libero
1399 2876 1560 2916 arbitrio]
1574 2877 1637 2910 See
1647 2876 1737 2918 Epp.
1757 2885 1853 2916 1419,

1095 2921 1188 2959 1481.

1134 2965 1189 3003 48.
1212 2962 1384 3006 legatum]
1417 2963 1651 3005 Schomberg.

1095 3008 1189 3046 1466.
1212 3016 1286 3041 50.11

1134 3058 1188 3088 49.
1216 3049 1378 3088 Hezium]
1393 3050 1456 3083 See
1470 3049 1535 3090 Ep.
1557 3057 1638 3090 1339
1654 3049 1781 3081 introd.

1698 2972 1754 2994 see
1789 2962 1852 3004 Ep.
