2012 3370
94 166 216 215 1302]
569 165 640 204 TO
671 164 861 203 PETER
891 164 1208 204 BARBIRIUS
1635 164 1684 202 97

89 275 229 313 nensis
248 275 334 314 iam
354 275 508 314 iterum
528 277 658 325 atque
677 275 831 313 iterum
853 273 978 313 offert
1000 287 1139 313 annue
1158 274 1413 325 quingentos
1433 271 1615 310 ducatos
1634 271 1687 309 de

87 340 178 375 suo,
200 332 367 379 praeter
385 327 661 368 honorificum
681 329 899 369 viaticum.
955 328 1077 368 Card.
1098 328 1374 379 Moguntinus
1394 325 1688 365 amantissime

87 382 213 421 simul
228 387 272 422 et
286 382 704 423 honorificentissime
718 383 886 434 saepius
901 382 956 422 ad
976 395 1043 422 me
1057 382 1217 422 scribit.
1258 382 1347 421 Nec
1367 381 1541 420 omnino
1562 379 1686 419 video

88 437 192 475 mihi
212 437 344 476 vHum
365 437 610 488 periculum,
633 437 713 476 nisi
734 450 760 476 a
780 437 1036 488 quibusdam
1057 436 1451 488 pseudomonachis.
1705 443 1744 481 65

142 490 207 530 De
235 491 511 531 Ecmondano
539 491 662 530 facile
690 490 938 530 diuinabam
967 491 1056 530 fore
1085 491 1201 541 quod
1230 490 1385 537 euenit,
1416 492 1467 528 vt
1494 487 1686 540 profecto

87 544 263 585 Caesare
290 546 494 596 inciperet
522 558 643 584 suam
672 559 862 585 exercere
882 545 1167 597 tyrannidem.
1226 544 1383 584 Statim
1404 556 1523 583 orsus
1552 546 1616 581 est
1641 542 1686 580 in

87 612 154 638 me
182 598 414 646 vociferari,
444 603 488 639 et
514 599 763 639 Mechliniae
789 600 834 638 in
860 599 1031 651 publica
1058 599 1257 638 concione
1285 599 1452 637 monuit
1479 596 1685 648 populum

86 657 136 692 vt
169 658 368 693 canerent
400 653 454 692 ab
488 654 648 693 haeresi
681 654 856 692 Lutheri
889 658 934 692 et
966 654 1144 692 Erasmi.
1203 653 1256 691 In
1288 652 1494 691 conuiuiis
1526 651 1684 702 passim

86 708 279 747 iactabat
321 708 546 747 Erasmum
589 722 677 748 esse
720 708 981 747 haereticum
1024 708 1209 758 peiorem
1253 706 1454 752 Luthero,
1500 718 1549 744 ac
1593 704 1685 743 dira
1703 720 1748 752 70

84 762 330 801 minabatur
348 763 384 801 si
404 762 607 801 adessem.
666 762 745 801 Est
766 762 872 801 alter
892 762 966 813 qui
986 762 1140 801 tectius
1160 761 1332 807 lacerat,
1354 760 1428 799 sed
1448 759 1683 798 nocentius.

83 815 160 862 Tu,
189 817 247 854 mi
274 816 453 863 Barbiri,
482 816 680 856 aestimas
706 816 826 855 illum
852 829 905 855 ex
932 817 1119 867 antiquis
1144 815 1226 854 illis
1252 814 1454 860 moribus,
1481 813 1555 864 qui
1581 813 1685 852 mihi

83 882 253 921 quoque
267 870 507 921 placebant,
529 884 662 922 quum
682 871 821 910 adhuc
840 875 951 910 esset
971 871 1015 909 in
1036 870 1185 909 humili
1207 873 1325 908 statu
1342 882 1349 908 :
1381 871 1531 920 postea
1553 879 1683 917 quam

84 923 251 963 afflauit
279 925 478 964 fortunae
508 937 624 972 aura,
657 925 721 964 ita
750 924 911 964 sublati
940 928 1041 963 sunt
1071 924 1203 963 animi
1233 927 1283 962 vt
1316 922 1524 973 theologis
1552 922 1683 960 etiam

83 978 339 1029 quibusdam
369 979 426 1018 sit
454 979 629 1026 inuisus,
660 992 746 1019 non
776 979 903 1018 modo
934 978 1124 1019 candidis
1155 977 1365 1017 omnibus.
1423 976 1683 1027 Religiosum
1703 990 1741 1024 75

84 1032 288 1084 Principis
316 1034 506 1072 animum
534 1034 806 1074 vehementer
832 1033 990 1073 laudo:
1034 1033 1108 1072 sed
1136 1033 1171 1072 si
1198 1032 1348 1071 fuisset
1376 1031 1480 1070 satis
1507 1030 1684 1069 edoctus

83 1086 135 1126 de
158 1091 253 1126 toto
276 1088 463 1139 negocio,
487 1101 574 1127 non
597 1088 876 1128 commisisset
898 1101 986 1127 rem
1010 1087 1124 1126 tanti
1147 1086 1353 1126 momenti
1376 1085 1539 1124 homini
1560 1083 1682 1123 fatuo

81 1144 127 1180 et
154 1140 326 1189 furioso,
359 1142 649 1189 Ecmondano,
680 1146 724 1182 et
753 1141 936 1194 collegae
965 1141 1087 1181 alteri
1116 1141 1214 1180 huic
1243 1139 1469 1186 simillimo,
1500 1151 1682 1190 quorum

83 1198 261 1247 vterque
288 1196 407 1248 peius
434 1196 527 1236 odit
552 1196 715 1248 linguas
745 1209 793 1236 ac
821 1196 956 1235 bonas
981 1195 1145 1236 littera-s
1174 1208 1304 1246 quam
1332 1206 1527 1246 anguem.
1584 1192 1681 1232 Car-

82 1249 230 1288 melita
253 1250 296 1289 in
322 1250 460 1289 nullos
479 1251 613 1302 magis
639 1251 776 1290 saeuit
800 1263 931 1302 quam
956 1250 1001 1290 in
1026 1262 1155 1296 mem,
1183 1253 1227 1289 et
1252 1252 1446 1288 amantes
1472 1247 1681 1287 bonarum
1701 1255 1744 1287 80

80 1303 333 1351 litterarum,
365 1308 442 1343 aut
467 1318 493 1343 a
521 1304 675 1356 quibus
705 1305 842 1344 laesus
862 1308 967 1344 erat.
1026 1304 1169 1344 Iactat
1197 1316 1241 1343 se
1258 1306 1477 1343 mortuum
1505 1301 1680 1341 mundo.

83 1358 141 1396 At
163 1357 270 1397 nihil
289 1362 355 1397 est
374 1358 594 1398 vindictae
616 1358 906 1410 appetentius„

135 1411 187 1451 In
210 1412 279 1460 N.,
298 1413 479 1464 probum
499 1416 543 1453 et
563 1413 738 1452 doctum
761 1413 972 1459 iuuenem,
989 1411 1114 1464 plane
1134 1410 1443 1463 phalarismum
1464 1407 1680 1460 quendam

80 1467 283 1514 exercuit,
323 1467 439 1518 quod
476 1467 596 1506 illum
629 1467 859 1519 aliquando
897 1467 1063 1506 vocarit
1099 1466 1284 1505 fatuum.
1341 1465 1430 1505 Nec
1462 1463 1507 1503 id
1537 1463 1682 1515 potuit

79 1520 206 1560 homo
227 1520 412 1561 furiosus
433 1521 709 1569 dissimulare,
733 1534 867 1573 quum
889 1521 934 1561 in
956 1520 1126 1572 publico
1148 1523 1420 1572 perageretur
1441 1517 1682 1570 palinodiae
1701 1527 1738 1568 85

77 1574 237 1616 fabula.
294 1575 489 1616 Alterum
513 1576 641 1616 semel
666 1576 886 1615 dimissum
910 1575 1091 1615 retraxit
1115 1579 1159 1615 et
1183 1575 1228 1614 in
1252 1586 1462 1614 carcerem
1486 1572 1681 1621 coniecit,

77 1629 217 1669 virum
257 1642 342 1682 quo
381 1643 506 1670 nemo
545 1630 692 1670 melior
730 1630 991 1682 Antuerpiae
1011 1643 1020 1670 :
1076 1630 1226 1681 opinor
1264 1628 1346 1668 tibi
1384 1631 1536 1667 notum
1576 1639 1680 1666 esse.

79 1683 191 1731 Quid
211 1683 265 1724 de
286 1684 472 1724 Luthero
495 1685 702 1724 senserint
722 1685 876 1732 nescio,
900 1684 1016 1735 apud
1037 1697 1105 1723 me
1127 1687 1239 1723 certe
1260 1682 1366 1722 nihil
1386 1681 1472 1721 tale
1495 1680 1679 1720 declara-

78 1742 192 1785 runt,
215 1738 289 1778 sed
308 1743 478 1779 strenue
499 1739 681 1778 oderunt
699 1739 908 1790 quosdam
929 1739 1231 1778 Dominicanos
1248 1741 1292 1776 et
1311 1736 1560 1777 Carmelitas
1576 1748 1585 1782 ;
1606 1735 1679 1785 qui

80 1792 138 1831 sic
155 1793 347 1844 profecto
363 1797 517 1845 gerunt
532 1807 620 1833 sese
636 1797 687 1833 vt
702 1807 828 1833 nemo
849 1793 987 1833 bonus
1007 1806 1079 1832 eos
1094 1806 1180 1832 non
1200 1795 1435 1831 execretur.
1467 1789 1678 1829 Fatereris
1697 1808 1742 1840 90

75 1846 165 1897 ipse
188 1860 336 1887 verum
359 1861 447 1888 esse
470 1848 585 1899 quod
609 1848 717 1895 dico,
742 1848 777 1888 si
800 1861 942 1887 coram
966 1847 1145 1887 adesses.
1204 1845 1317 1885 Illud
1340 1849 1405 1884 est
1427 1843 1679 1884 Carmelitae

76 1900 308 1949 decretum.
339 1915 428 1942 rem
458 1903 710 1942 austeritate
739 1901 1045 1942 conficiendam
1073 1914 1176 1940 esse.
1235 1899 1317 1940 Sed
1346 1900 1456 1938 hanc
1486 1897 1679 1937 fortassis

76 1957 259 1995 exerceri
288 1956 410 1996 decet
438 1957 482 1996 in
510 1970 581 1996 eos
611 1957 684 2008 qui
718 1957 860 2007 palam
890 1955 1127 1996 defendunt
1155 1955 1417 2000 Lutherum;
1456 1952 1572 2004 apud
1600 1965 1678 1991 nos

75 2022 200 2049 nemo
238 2011 337 2050 talis
375 2014 453 2050 est.
512 2011 668 2051 Odium
708 2011 1013 2050 monachorum
1052 2023 1100 2050 ac
1139 2009 1250 2049 sedis
1289 2008 1541 2047 Rhomanae
1580 2019 1677 2045 con·

75 2063 237 2103 ciliauit
270 2064 330 2103 illi
365 2065 548 2115 aliquem
582 2064 773 2104 fauorem
809 2064 925 2117 apud
958 2068 1101 2104 totum
1136 2063 1342 2115 populum
1376 2066 1422 2102 et
1455 2061 1678 2113 plerosque
1696 2081 1735 2113 95

75 2122 309 2169 magnates.
367 2119 411 2159 Si
432 2120 499 2159 hic
522 2119 700 2159 affectus
721 2123 813 2159 tam
836 2120 1037 2159 atrociter
1058 2117 1297 2170 puniendus
1319 2120 1397 2163 est,
1420 2119 1523 2155 sunt
1543 2115 1611 2155 hic
1634 2119 1679 2155 et

75 2172 191 2223 apud
206 2185 283 2212 nos
296 2172 513 2213 ducenties
522 2178 694 2213 centum
707 2174 823 2213 milia
835 2174 1056 2213 hominum
1065 2173 1140 2224 qui
1152 2173 1210 2212 sic
1224 2172 1367 2212 affecti
1375 2174 1490 2218 sunt,
1505 2182 1582 2209 nec
1592 2168 1677 2209 alia

74 2239 118 2265 re
137 2239 243 2278 opus
261 2231 328 2266 est
345 2228 426 2266 nisi
446 2228 565 2267 duce.
622 2229 773 2268 Miscet
791 2242 835 2268 se
847 2228 945 2267 huic
964 2229 1138 2279 negocio
1153 2227 1232 2266 sub
1252 2227 1430 2266 honesto
1446 2227 1676 2275 praetextu

75 2280 212 2321 aliena
230 2282 422 2334 rapiendi
440 2282 572 2322 libido
590 2286 635 2323 et
654 2283 872 2335 priuatum
893 2282 1081 2322 dolorem
1101 2280 1329 2321 vlciscendi
1349 2279 1574 2334 cupiditas.

437 2383 560 2425 1303.
623 2380 765 2423 FROM
795 2380 828 2424 J
830 2391 930 2423 OHN
962 2379 1112 2423 Lours
1144 2378 1309 2422 VIVES.

123 2454 224 2489 Viuis
240 2454 370 2498 Opera,
390 2463 490 2499 1555,
506 2455 544 2496 ii,
560 2465 594 2499 p.
610 2455 679 2499 965
700 2455 760 2498 (a).
1407 2449 1586 2485 Louvain.

122 2511 176 2547 Vi.
195 2511 250 2553 E„
266 2511 290 2547 f.
306 2521 353 2556 70
367 2516 411 2547 v0
427 2514 505 2556 (β);
532 2511 648 2547 Lond.
666 2511 747 2547 Viv.
764 2522 787 2554 9
803 2525 811 2547 ε
839 2511 912 2547 LB.
929 2512 1010 2556 630.
1354 2519 1397 2552 14
1413 2507 1504 2552 July
1521 2516 1621 2551 1522.

118 2574 335 2615 [Answering
345 2586 365 2606 a
375 2575 478 2606 letter
488 2575 575 2606 from
587 2574 767 2613 Erasmus,
781 2578 819 2608 16
829 2575 922 2607 June
935 2574 984 2612 (ll.
999 2573 1098 2616 32-3)
1113 2586 1120 2606 :
1137 2576 1201 2606 not
1212 2575 1350 2604 extant.
1375 2570 1443 2602 For
1454 2578 1590 2601 sources
1602 2567 1672 2599 and

75 2617 157 2649 date
169 2628 223 2649 see
237 2618 302 2659 Ep.
325 2627 404 2650 1222
419 2618 547 2650 introd.
564 2630 573 2656 ;
597 2618 733 2650 audior
744 2618 802 2650 the
816 2621 977 2650 contents
988 2618 1030 2650 cf.
1044 2618 1109 2659 Ep.
1128 2617 1223 2657 1306,
1235 2616 1375 2647 written
1386 2624 1407 2645 a
1420 2612 1543 2645 month
1556 2610 1672 2651 laten]

120 2705 174 2738 71.
200 2682 301 2736 alter]
317 2696 543 2738 Comparison
559 2696 645 2728 with
661 2697 726 2737 Ep.
742 2705 835 2736 1330.
902 2696 945 2728 N.
963 2696 1002 2727 B.
1023 2695 1058 2727 of
1075 2695 1139 2736 Ep.
1163 2704 1256 2733 1299.
1277 2694 1337 2733 89:
1363 2692 1428 2723 but
1445 2691 1504 2723 the
1522 2690 1671 2732 descrip-

78 2748 163 2780 53—4
175 2744 331 2781 suggests
344 2740 424 2772 that
436 2740 607 2771 Aleander
618 2741 647 2771 is
659 2739 836 2771 intended.
903 2740 996 2771 tions
1027 2738 1062 2770 of
1093 2738 1153 2769 tho
1184 2741 1254 2769 two
1284 2736 1423 2768 victims
1454 2735 1489 2766 of
1519 2735 1670 2775 Egmon·

76 2783 252 2816 Barbirius
279 2783 349 2815 had
379 2783 527 2825 perhaps
549 2783 675 2815 known
698 2783 770 2814 him
801 2785 840 2815 at
904 2782 1026 2814 danus’
1052 2781 1191 2812 attacks
1215 2780 1309 2812 show
1333 2779 1414 2811 that
1437 2778 1496 2810 the
1520 2778 1620 2810 order
1642 2779 1671 2809 is

75 2827 185 2867 Liege.
904 2826 983 2857 here
1017 2824 1187 2856 reversed.
1244 2823 1327 2855 This
1359 2822 1402 2854 N.
1439 2821 1610 2854 therefore
1642 2822 1671 2852 is

119 2872 171 2913 78.
198 2869 365 2911 collegae]
380 2869 442 2902 See
457 2869 523 2911 Ep.
545 2873 638 2912 1263.
657 2870 710 2901 26.
904 2869 1004 2902 Corn.
1038 2867 1242 2909 Grapheus:
1287 2867 1341 2899 for
1371 2865 1486 2898 whom
1516 2875 1572 2897 see
1603 2864 1669 2906 Ep.

120 2922 174 2955 79.
199 2913 363 2955 anguem]
381 2913 431 2946 Of.
454 2913 537 2945 Hor.
559 2914 623 2953 Ep.
648 2923 674 2944 1.
700 2922 748 2954 17.
770 2922 822 2953 30.
909 2914 1001 2952 1087.
1026 2920 1125 2952 355n.

120 2958 173 2998 83.
200 2957 259 2997 N.]
280 2957 418 2989 Clemen
438 2957 508 2988 and
531 2956 673 2988 Kalkoff
694 2956 750 2996 (cf.
770 2956 836 2997 Ep.
950 2955 1004 2987 86.
1031 2953 1204 2993 Alterum]
1220 2953 1294 2986 Nic.
1314 2951 1597 2985 Buscoducensis.

71 3002 147 3032 616.
181 3003 271 3041 14n)‚
298 3001 500 3042 comparing
527 3000 597 3031 this
624 3000 727 3031 letter
753 2999 837 3031 with
949 3007 1003 3040 97.
1030 2996 1224 3036 ducenties]
1255 2997 1305 3029 Cf.
1340 2997 1430 3039 Epp.
1463 3004 1556 3034 1299.
1589 2995 1668 3031 28η,

75 3043 140 3084 Ep.
164 3053 259 3084 1299,
277 3043 365 3076 have
385 3044 491 3076 taken
510 3044 579 3076 this
598 3044 640 3076 N.
663 3047 700 3076 to
718 3043 760 3075 be
780 3043 839 3075 the
908 3051 1001 3083 1300.
1023 3042 1140 3086 79-80.

134 3114 226 3146 4525
858 3111 892 3140 H
