2033 3395
303 117 356 156 44
776 116 1032 157 LETTERS
1062 116 1135 158 or
1163 116 1429 157 ERASMUS
1777 118 1900 168 [1522

301 225 568 273 succedebat,
601 226 645 264 ni
674 225 778 264 haec
808 225 910 263 noui
940 224 1161 277 Euangelii
1191 225 1409 276 tragoedia
1438 224 1760 272 intercurrisset,
1792 238 1903 277 quae

302 281 407 320 mito
435 280 622 332 quodam
649 279 762 319 orbis
789 291 896 330 pcnc
922 279 1056 318 totius
1082 279 1229 318 fauore
1256 284 1408 331 coepta
1434 284 1500 320 est
1526 280 1607 331 agi,
1634 279 1710 319 sed
1736 280 1903 319 actibus

242 353 286 376 20
301 348 465 387 semper
480 334 758 374 deterioribus
778 334 822 371 in
836 333 1147 372 tumultuosam
1163 346 1212 373 ac
1227 334 1439 373 rabiosam
1455 334 1758 386 catastrophen
1772 334 1901 373 exiit:

301 390 405 428 mihi
424 390 585 440 primus
604 388 752 428 statim
772 388 983 439 ingressus
1003 387 1231 438 displicuit,
1254 388 1320 427 vel
1340 389 1395 428 ob
1415 389 1495 428 hoc
1514 388 1631 440 quod
1651 388 1839 427 viderem
1858 388 1903 427 in

300 444 552 484 seditionem
586 443 812 482 exituram.
877 442 967 493 Ego
1003 455 1103 481 vero
1139 443 1365 482 veritatem
1399 443 1645 482 seditiosam
1680 455 1902 494 nunquam

301 498 492 549 probaui,
529 501 701 536 tantum
737 496 860 535 abest
894 501 943 535 vt
977 496 1196 535 haeresim.
1261 497 1320 536 Et
1353 501 1500 536 tamen
1533 502 1636 537 sunt
1668 497 1794 537 isthic
1829 496 1903 548 qui

299 552 557 592 reclamante
578 552 766 603 ipsorum
790 551 1047 590 conscientia
1069 564 1136 590 me
1158 550 1321 590 faciant
1342 551 1634 590 Lutheranum
1654 565 1663 599 3
1701 552 1902 590 nimirum

240 624 278 658 25
298 606 404 645 illud
433 610 619 657 agentes,
652 610 702 644 vt
731 618 798 644 me
828 605 914 644 suis
944 605 1051 644 odiis
1081 605 1296 644 volentem
1326 606 1541 645 nolentem
1571 606 1830 657 protrudant
1858 606 1903 644 in

300 665 440 701 castra
459 660 648 700 Lutheri.
696 660 764 699 Me
785 673 884 699 vero
901 660 955 698 ab
977 660 1188 699 Ecclesiae
1208 659 1450 700 Catholicae
1471 661 1682 699 consortio
1697 674 1773 700 nec
1790 673 1903 699 mors

299 715 509 755 distrahet
525 729 601 755 nec
618 715 723 753 vita.
771 714 908 761 Quam
926 715 1004 753 sim
1022 714 1304 761 Lutheranus,
1322 715 1403 766 ipsi
1420 714 1653 754 Lutherani
1669 714 1902 761 declarant,

299 770 373 821 qui
388 783 454 810 me
469 769 648 821 publicis
662 769 863 808 conuiciis
877 782 926 807 ac
940 769 1090 808 libellis
1105 769 1292 808 dentatis
1306 769 1475 809 fortiter
1488 770 1717 820 impetunt.
1760 769 1903 808 Nolim

299 829 444 864 autem
463 825 542 864 hoc
560 823 698 863 laudis
715 823 835 869 ferre,
856 823 972 874 quod
990 837 1016 862 a
1034 823 1221 863 Luthero
1240 823 1488 863 desciuerim
1509 837 1516 863 :
1552 824 1711 863 habear
1728 828 1773 862 et
1790 836 1903 862 nunc

240 898 283 929 30
300 879 582 925 Lutheranus,
605 879 640 917 si
652 891 843 929 anuam
858 878 933 916 fui.
984 878 1239 929 Quanquam
1255 879 1377 917 initio
1394 879 1700 918 monachorum
1716 890 1900 929 quorun-

299 933 399 972 dam
427 933 615 972 seditiosi
643 933 846 972 clamores
873 933 976 971 mihi
1003 946 1089 971 non
1116 933 1437 983 probabantur:
1482 933 1556 984 qui
1582 946 1669 972 non
1695 932 1832 971 solum
1858 932 1903 970 in

299 988 535 1027 Lutherum
565 987 840 1026 muliebribus
870 987 1070 1026 conuiciis
1100 987 1488 1034 debacchabantur,
1520 1001 1667 1027 verum
1698 987 1829 1026 etiam
1858 986 1903 1025 in

297 1042 476 1094 linguaS,
497 1043 542 1080 in
561 1055 706 1081 omnes
726 1042 860 1080 bonas
878 1041 1044 1080 litteras
1063 1042 1376 1081 inuehebantur
1395 1055 1404 1088 ;
1440 1055 1508 1080 me
1528 1055 1627 1081 vero
1647 1041 1901 1080 nominatim

298 1097 342 1135 in
362 1097 541 1147 publicis
563 1096 835 1135 concionibus
854 1095 1222 1146 impudentissime
1241 1096 1501 1135 lacerabant.

240 1170 278 1202 35
352 1151 466 1190 Noui
494 1149 712 1190 Pontificis
741 1149 869 1189 docta
896 1150 1126 1201 prudentia
1152 1154 1197 1189 et
1224 1150 1404 1201 prouida
1432 1151 1664 1197 sinceritas,
1693 1149 1903 1201 simulque

298 1204 469 1244 diuinus
488 1204 665 1257 quidam
685 1205 820 1243 nostri
841 1204 1029 1243 Caesaris
1049 1205 1216 1243 animus
1237 1218 1304 1244 me
1324 1205 1368 1243 in
1388 1218 1599 1244 summam
1621 1217 1738 1256 spem
1760 1208 1902 1251 vocat,

297 1259 387 1299 fore
403 1264 452 1298 vt
467 1260 570 1298 haec
587 1259 719 1311 pestis
733 1259 791 1298 sic
807 1258 982 1298 tollatur
999 1272 1051 1298 ne
1067 1259 1239 1310 quando
1255 1260 1390 1310 possit
1405 1260 1666 1299 reuiuiscere.
1712 1259 1764 1298 Id
1779 1258 1853 1298 fiet
1868 1258 1903 1297 si

297 1314 460 1353 radices
483 1317 774 1365 amputentur,
798 1313 912 1352 vnde
935 1313 1013 1352 hoc
1037 1313 1138 1352 mali
1160 1314 1289 1353 toties
1310 1314 1551 1365 repullulat.
1605 1313 1793 1361 Quarum
1815 1325 1904 1352 vna

297 1372 364 1408 est
383 1368 528 1408 odium
549 1369 769 1407 Romanae
790 1367 951 1414 Curiae,
974 1368 1092 1407 cuius
1112 1369 1297 1407 auaricia
1317 1382 1365 1408 ac
1385 1369 1579 1420 tyrannis
1598 1369 1684 1407 iam
1705 1371 1903 1419 coeperat

237 1443 282 1473 40
298 1436 387 1462 esse
431 1422 720 1462 intolerabilis.
794 1422 853 1461 Et
896 1422 1061 1473 aliquot
1104 1423 1316 1462 humanae
1360 1423 1700 1469 constitutiones,
1745 1422 1901 1474 quibus

299 1477 528 1517 Christiani
562 1477 709 1529 populi
743 1476 916 1516 libertas
951 1478 1119 1528 grauari
1154 1477 1395 1516 videbatur.
1460 1477 1539 1516 His
1574 1477 1771 1516 omnibus
1794 1477 1902 1515 citra

298 1532 535 1571 tumultum
554 1532 666 1571 orbis
685 1531 874 1571 Caesaris
893 1532 1102 1570 autoritas
1121 1535 1165 1570 et
1182 1532 1284 1570 noui
1302 1531 1521 1571 Pontifieis
1539 1532 1760 1583 integritas
1779 1531 1902 1570 facile

299 1586 551 1626 medebitur.
599 1586 689 1637 Ego
707 1586 881 1624 tametsi
899 1586 1003 1624 nihil
1021 1599 1128 1632 sum,
1148 1590 1295 1625 tamen
1313 1599 1388 1637 pro
1408 1599 1503 1625 mea
1521 1586 1631 1624 virili
1648 1599 1734 1625 non
1752 1585 1900 1624 desum

298 1654 435 1692 neque
450 1640 574 1680 deero
591 1641 726 1680 officio
742 1653 849 1680 meo.
893 1640 1081 1679 Tantum
1097 1617 1286 1680 Caesaris
1300 1641 1525 1680 clementia
1539 1641 1686 1679 iubeat
1699 1640 1900 1679 salarium

235 1717 277 1750 45
298 1708 441 1734 meum
468 1708 558 1735 esse
584 1699 851 1746 perpetuum,
882 1699 1012 1746 atque
1039 1695 1243 1734 aduersus
1269 1695 1539 1747 quorundam
1567 1695 1712 1734 odium
1740 1698 1900 1733 sartam

297 1754 543 1802 tectamque
581 1762 720 1789 meam
759 1749 1118 1789 existimationem
1156 1754 1275 1789 curet
1295 1763 1302 1788 :
1358 1750 1536 1789 efficiam
1575 1754 1625 1789 vt
1661 1749 1777 1788 illam
1816 1761 1902 1787 non

298 1805 517 1856 poeniteat
545 1802 669 1843 huius
699 1804 935 1843 consiliarii.
994 1804 1109 1844 Bene
1138 1804 1282 1844 valeat
1309 1808 1387 1843 tua
1415 1805 1661 1856 synceritas,
1692 1804 1760 1844 cui
1788 1803 1901 1843 hunc

298 1859 526 1906 hominem,
545 1858 780 1911 quantulus
796 1858 1030 1909 quantulus
1047 1863 1125 1906 est,
1144 1863 1287 1898 totum
1305 1858 1466 1899 dedico.

351 1913 555 1961 Basileae,
574 1912 752 1965 postrid.
774 1913 974 1953 Paschae.
1006 1913 1143 1952 Anno.
1167 1924 1215 1953 M.
1230 1924 1273 1952 D.
1289 1925 1402 1953 ΧΧΠ.

743 2039 865 2077 1274.
930 2036 998 2078 To
1032 2037 1182 2079 Loms
1216 2038 1458 2079 CORONEL.

347 2120 449 2164 Opus
468 2119 720 2164 Epistolarum
739 2130 773 2163 p.
793 2129 873 2162 727.
1630 2118 1748 2154 Basle.

346 2178 390 2212 N.
410 2188 445 2221 p.
464 2177 559 2221 693:
592 2177 708 2211 Lond.
730 2177 804 2212 xiX.
828 2188 917 2221 114:
952 2177 1024 2212 LB.
1044 2179 1125 2213 622.
1547 2189 1586 2212 21
1613 2178 1716 2223 April
1736 2187 1835 2222 1522.

340 2254 428 2294 [The
444 2254 625 2296 year-date
638 2255 667 2287 is
688 2254 900 2297 adequately
923 2254 1113 2287 confirmed
1135 2255 1184 2297 by
1209 2255 1269 2287 the
1293 2256 1450 2287 mention
1473 2256 1508 2288 of
1531 2255 1590 2288 the
1614 2255 1830 2297 Paraphrase
1855 2265 1899 2286 on

296 2298 466 2330 Matthew
480 2298 560 2339 (Ep.
584 2308 620 2330 12
627 2299 681 2340 55)
700 2299 771 2330 and
789 2298 824 2330 of
842 2298 991 2331 Charles’
1012 2298 1249 2341 approachjng
1266 2302 1385 2331 return
1404 2303 1442 2331 to
1460 2299 1577 2341 Spain.

340 2342 445 2374 Louis
466 2342 588 2374 Nufiez
609 2342 754 2374 Coronel
777 2343 811 2374 of
834 2342 980 2384 Segovia
1001 2353 1072 2374 was
1093 2353 1114 2374 a
1136 2342 1334 2385 theologian
1355 2343 1434 2375 who
1455 2342 1525 2375 had
1546 2343 1688 2375 entered
1711 2342 1769 2374 the
1791 2341 1899 2374 world

296 2385 331 2417 of
349 2385 476 2417 affairs.
521 2386 575 2417 He
594 2386 665 2417 and
683 2386 736 2418 his
753 2397 909 2428 younger
928 2386 1070 2418 brother
1087 2386 1244 2428 Antony,
1263 2387 1354 2418 after
1371 2387 1538 2428 studying
1556 2387 1610 2419 for
1627 2397 1723 2418 some
1742 2396 1842 2428 years
1862 2389 1900 2417 at

296 2429 514 2466 Salamanea,
541 2440 628 2461 were
655 2433 733 2461 sent
771 2430 819 2472 by
845 2429 937 2462 their
962 2429 1073 2462 eldest
1099 2430 1253 2468 brother,
1280 2430 1421 2462 Francis
1449 2431 1661 2468 Ferdinand,
1687 2441 1715 2461 c.
1738 2439 1833 2471 1500,
1862 2432 1900 2460 to

295 2472 402 2504 Paris.
453 2473 590 2514 They]
585 2473 699 2505 oined
726 2473 786 2505 the
795 2441 928 2515 ngolle
929 2484 947 2505 e
986 2473 1022 2505 of
1048 2473 1242 2515 Montaigu,
1269 2474 1381 2506 where
1408 2474 1493 2516 they
1520 2485 1607 2506 were
1633 2473 1749 2516 pupils
1777 2473 1812 2504 of
1839 2472 1899 2504 the

293 2516 491 2548 celebrated
515 2484 669 2549 Scojttish
691 2516 852 2558 logician,
875 2517 970 2550 John
993 2517 1116 2559 Major.
1164 2517 1308 2559 Antony
1332 2517 1417 2550 took
1440 2518 1493 2549 his
1517 2518 1638 2559 degree
1662 2517 1753 2549 from
1777 2516 1898 2554 there;

294 2559 360 2591 but
377 2560 481 2591 Louis
498 2560 624 2592 turned
641 2564 679 2592 to
695 2560 871 2602 theology‚
888 2561 958 2592 and
974 2561 1117 2592 entered
1133 2560 1193 2592 the
1210 2561 1412 2593 Sorbonne
1402 2572 1440 2593 1n
1460 2571 1556 2602 1504,
1573 2561 1754 2602 becoming
1771 2559 1898 2591 Fellow

295 2604 330 2635 in
356 2612 440 2643 1509
464 2603 576 2643 (Paris
600 2603 669 2636 MS.
695 2604 860 2636 Arsenale
886 2606 984 2645 1021)
1008 2604 1079 2636 and
1102 2605 1235 2636 Doctor
1255 2605 1292 2636 in
1319 2614 1413 2645 1514.
1460 2605 1595 2646 During
1618 2605 1688 2636 tln's
1711 2603 1831 2645 period
1854 2602 1897 2634 he

295 2646 479 2687 published
501 2647 677 2679 Tractatus
697 2647 985 2688 Sylloqismorum,
1006 2648 1116 2686 Paris,
1137 2648 1170 2680 J.
1195 2648 1350 2686 Barbier,
1370 2659 1392 2689 4
1414 2648 1494 2680 Feb.
1523 2650 1606 2689 1503}
1620 2661 1628 2686 ;
1664 2647 1735 2679 and
1755 2646 1897 2687 Physz'ce

293 2690 583 2729 perscrutationes,
603 2691 701 2729 ibid„
724 2690 908 2734 <c.1511>‚
929 2692 966 2723 in
988 2691 1101 2723 which
1122 2695 1161 2723 at
1192 2702 1256 2723 one
1278 2692 1379 2733 point
1400 2692 1473 2732 (bk.
1498 2693 1560 2732 vii)
1583 2692 1626 2723 110
1647 2691 1814 2723 criticizes
1837 2689 1896 2721 the

294 2732 443 2764 theories
460 2733 494 2765 of
509 2733 624 2775 Roget
640 2735 758 2766 Bacon
774 2735 884 2767 about
899 2735 958 2767 the
973 2735 1074 2767 tides.
1114 2735 1183 2767 For
1197 2735 1267 2767 this
1281 2736 1367 2767 time
1382 2746 1437 2768 see
1453 2735 1513 2767 the
1528 2735 1682 2778 prefaces
1698 2738 1736 2766 to
1751 2733 1804 2765 his
1820 2743 1897 2765 own

343 2840 396 2880 36.
423 2841 577 2881 diuinus]
591 2843 660 2874 For
673 2842 744 2874 this
759 2843 894 2884 epithet
909 2842 951 2875 cf.
970 2842 1061 2884 Epp.
1136 2843 1228 2884 1276.
1247 2846 1324 2885 6—7,
1346 2843 1438 2881 1278.
1458 2851 1533 2882 1311,
1553 2844 1645 2882 1287.
1660 2844 1780 2882 26—33,
1797 2849 1889 2880 1303.

297 2894 371 2926 215.
394 2894 425 2926 5,
443 2896 516 2918 221.
536 2889 589 2924 26,
610 2894 682 2926 574.
701 2888 754 2926 63.
1134 2893 1210 2925 5411,
1230 2895 1324 2927 1319.
1346 2886 1397 2925 18,
1416 2895 1510 2927 1342.
1529 2885 1628 2924 87—8.

340 2936 397 2967 44.
421 2928 622 2969 clementia]
644 2929 680 2961 It
702 2929 773 2960 had
796 2929 952 2971 recently
975 2928 1062 2961 been
1173 2938 1226 2970 45.
1252 2929 1488 2969 quorundam]
1504 2928 1556 2960 Cf.
1574 2928 1640 2969 Ep.
1661 2939 1754 2970 1274·
1774 2937 1826 2969 51.

298 2971 481 3014 expressed
498 2972 534 3004 in
550 2972 615 3014 Ep.
639 2981 730 3014 1270.
1171 2980 1227 3012 47.
1253 2971 1454 3012 consiliarii]
1469 2973 1531 3005 See
1547 2971 1612 3013 Ep.
1630 2981 1704 3013 370.
1725 2973 1799 3004 18n.

385 3015 566 3056 salarium]
613 3015 664 3048 cf.
718 3015 806 3057 Epp.
862 3025 953 3057 1275.
1005 3026 1060 3057 51,
1171 3023 1226 3052 49.
1252 3015 1600 3057 PaschaepoApril.
