2012 3370
257 121 336 159 458
729 121 982 160 LETTERs
1013 122 1085 160 or
1115 122 1376 161 ERAsMUs
1724 125 1846 173 [1524

258 231 369 268 votis
398 230 679 281 proficeretur,
710 230 892 279 optarim
921 230 1089 268 aliunde
1119 232 1232 269 vitae
1261 245 1359 270 suae
1389 236 1528 270 ortum
1558 232 1738 278 duxisse⁷
1768 246 1844 272 nee

257 298 309 322 ex
333 284 411 322 hac
434 288 579 322 nostra
604 288 714 321 terra
740 284 942 333 prodiisse
962 298 969 330 ;
1011 286 1077 323 eui
1101 298 1197 323 cum
1217 290 1465 324 ornamento
1489 299 1576 324 esse
1596 286 1761 332 debeat,
1782 288 1844 325 ita

258 352 299 376 sc
319 338 452 376 bonus
473 339 534 375 vir
551 338 815 388 comparauit
832 341 882 377 vt
899 339 1031 388 magis
1047 339 1234 378 eiusdem
1250 339 1366 379 labes
1383 344 1426 379 et
1444 339 1608 378 macula
1625 341 1692 379 sit.
1739 340 1842 379 Cum

198 406 239 437 30
258 393 367 430 enim
392 393 533 430 animo
557 396 702 442 repeto
727 391 880 442 quibus
903 396 953 431 tu
976 392 1094 431 illum
1118 394 1349 433 virtutibus
1373 394 1650 444 descripseris,
1676 394 1845 433 videtur

258 446 359 484 mihi
383 446 497 484 haud
519 445 634 484 aliud
656 447 906 496 exquisitius
928 446 1109 486 hominis
1131 448 1285 498 perditi
1306 449 1576 499 eiusdemque
1599 447 1844 499 profligatae

258 501 535 538 eonscientiae
557 500 812 551 pudorisque
834 501 1074 552 exemplum
1096 503 1323 553 excogitari
1346 516 1479 553 posse.

311 553 403 592 Iam
422 568 521 592 vero
539 555 704 593 vtinam
723 559 822 593 ante
840 556 1068 594 triennium
1086 556 1193 595 hane
1213 556 1291 595 tibi
1310 563 1495 595 mentem
1514 556 1627 594 *Deus
1645 556 1842 602 dedisset,

256 612 306 646 vt
334 621 359 646 a
387 607 572 647 factione
602 608 845 648 Lutherana
864 614 907 648 te
927 611 1201 649 seiunxisses!
1232 615 1275 649 et
1299 612 1360 649 ita
1383 611 1634 649 seiunxisses
1657 614 1706 649 vt
1729 610 1843 649 edito

196 677 234 709 35
255 662 397 713 aliquo
425 663 627 701 aduersus
654 663 747 702 illos
776 665 946 714 scripto,
976 665 1099 715 plane
1128 665 1231 703 nihil
1260 665 1338 704 tibi
1369 679 1463 703 eum
1492 666 1593 716 ipsis
1623 678 1844 704 commune

255 730 355 763 esse,
387 721 432 755 et
460 717 761 756 dissensionem
791 731 962 769 grauem
992 719 1248 758 intercedere
1279 724 1462 758 testatus
1492 719 1627 758 esses!
1674 719 1843 766 Quanto

254 771 365 809 enim
385 771 549 810 facilius
569 772 708 811 fuerat
728 773 1061 812 inardescentem
1081 775 1315 812 etiamnum
1338 774 1552 812 flammam
1572 774 1841 825 restinguere,

254 838 383 875 quam
400 839 525 872 nunc,
549 830 776 877 postquam
795 828 840 866 in
858 828 1004 878 ingens
1021 828 1126 866 adeo
1145 828 1386 867 incendium
1404 829 1553 874 euasit,
1573 829 1816 879 extinguere
1834 829 1840 864 !

255 879 318 917 Ea
346 881 492 931 itaque
522 881 658 932 culpa,
690 885 740 919 vt
769 881 908 920 dicam
938 882 1053 933 quod
1082 884 1231 929 sentio,
1263 882 1318 921 ad
1347 888 1390 921 te
1421 883 1487 921 vel
1516 883 1722 933 imprimis
1752 895 1841 933 per-

192 950 236 981 40
253 934 376 973 tinet.
429 934 472 974 Si
495 936 607 974 enim
630 939 692 982 tu,
719 935 822 974 dum
844 939 1014 987 tempus
1038 936 1092 974 ad
1115 949 1209 975 eam
1232 950 1321 975 rem
1344 937 1521 984 ferebat,
1545 936 1727 975 necdum
1750 940 1841 975 tam

254 988 378 1027 multi
412 989 491 1028 hoc
521 989 631 1028 malo
662 991 839 1041 correpti
870 994 1005 1037 erant,
1035 990 1147 1029 hunc
1174 991 1219 1029 in
1248 990 1482 1030 Lutherum
1511 992 1701 1030 animum
1729 1003 1840 1029 sum·

253 1043 405 1093 psisses
432 1057 559 1094 quem
586 1057 699 1082 nunc
727 1057 827 1095 prae
854 1048 898 1083 te
925 1044 1020 1091 fers,
1050 1044 1417 1096 descendissesque
1436 1046 1481 1084 in
1499 1045 1701 1084 harenam
1721 1048 1764 1084 et
1784 1044 1842 1084 ibi

253 1098 403 1136 seriam
438 1102 482 1137 et
517 1111 661 1137 veram
696 1099 926 1149 pugnantis
961 1112 1183 1150 personam
1219 1101 1425 1150 gessisses,
1462 1113 1548 1139 non
1582 1103 1693 1139 esset
1727 1098 1842 1150 quod

252 1150 550 1191 laboraremus.
612 1152 720 1200 Quia
750 1156 895 1192 autem
926 1157 974 1192 tu
1006 1153 1211 1193 hactenus
1240 1155 1303 1193 ita
1334 1167 1430 1193 cum
1459 1154 1531 1193 illo
1562 1155 1761 1206 pugnasti
1792 1157 1842 1192 vt

191 1221 231 1253 45
252 1209 447 1256 apertum
482 1207 520 1245 ei
555 1206 711 1246 bellum
745 1220 965 1258 nunquam
1000 1208 1236 1255 intentaris,
1274 1208 1347 1247 sed
1381 1222 1433 1247 ex
1469 1208 1634 1248 occulto
1669 1212 1840 1247 tantum

252 1273 348 1298 eum
383 1261 566 1311 petieris,
603 1261 731 1312 idque
765 1261 915 1301 leuiter
949 1266 994 1301 et
1027 1275 1124 1301 eum
1159 1276 1289 1314 prope
1323 1264 1367 1302 in
1402 1263 1576 1302 modum
1612 1263 1733 1314 quasi
1768 1263 1840 1313 qui

252 1313 398 1353 dedita
438 1328 566 1366 opera
606 1315 727 1354 ferire
768 1316 962 1363 nolueris,
1006 1316 1172 1356 diuersa
1214 1322 1279 1356 est
1319 1318 1540 1356 hominum
1581 1321 1842 1368 consequuta

253 1369 422 1419 opinio:
475 1371 631 1421 quippe
667 1383 764 1421 pars
799 1370 965 1410 hostem
1002 1371 1176 1410 Lutheri
1211 1385 1300 1411 esse
1335 1376 1391 1418 te,
1428 1385 1526 1423 pars
1562 1385 1658 1410 cum
1694 1370 1841 1410 eodem

253 1422 459 1462 colludere
477 1428 521 1462 et
536 1425 577 1462 in
597 1426 775 1475 spetiem
792 1425 988 1464 simulare
1005 1425 1318 1473 dissensionem,
1336 1427 1474 1477 reipsa
1491 1439 1590 1465 vero
1608 1425 1841 1465 consentire

194 1493 233 1524 50
252 1478 615 1517 existimauerunt.
675 1478 809 1526 Quem
837 1483 888 1518 tu
916 1492 1096 1519 errorem
1124 1484 1169 1519 et
1196 1481 1437 1532 opinionem
1466 1493 1492 1519 a
1519 1485 1562 1519 te
1585 1481 1620 1519 si
1649 1484 1837 1519 amotam

252 1532 382 1582 cupis,
405 1533 536 1571 etiam
558 1537 687 1584 atque
710 1534 840 1572 etiam
863 1546 968 1585 opus
990 1534 1165 1573 habebis
1187 1539 1238 1574 vt
1259 1536 1574 1586 quamprimum
1596 1539 1640 1574 te
1661 1535 1836 1585 aperias,

252 1585 511 1637 prodeasque
539 1587 726 1634 tandem,
757 1592 801 1626 et
829 1601 925 1626 cum
954 1588 1140 1628 Luthero
1168 1594 1313 1640 aperte
1341 1588 1646 1640 congrediendo
1675 1592 1838 1627 senten-

251 1640 356 1678 tiam
387 1644 508 1679 tuam
539 1641 630 1680 orbi
660 1645 865 1680 testatam
897 1642 1061 1689 reddas,
1094 1643 1303 1694 simulque
1335 1643 1566 1682 Ecclesiam
1597 1656 1624 1681 a
1653 1642 1838 1694 nephan-

250 1693 422 1733 dissima
460 1694 594 1733 heresi
634 1696 832 1735 vindices.
903 1696 1025 1743 Quod
1062 1697 1142 1736 nisi
1179 1697 1337 1744 feceris,
1378 1710 1523 1736 omnes
1560 1701 1604 1736 te
1642 1696 1840 1748 dignitati

194 1764 229 1795 55
252 1748 460 1787 Ecclesiae
487 1749 681 1796 defuisse,
711 1762 759 1789 ac
787 1750 1066 1802 Euangelicae
1094 1752 1362 1803 synceritatis
1388 1753 1536 1803 tuique
1561 1752 1693 1802 ipsius
1720 1751 1842 1790 offitii

250 1801 410 1841 nullam
430 1804 639 1842 rationem
660 1804 868 1852 habuisse,
893 1818 978 1844 vna
999 1819 1102 1845 voce
1124 1805 1382 1846 clamabunt.

304 1856 558 1897 Mosellanus
575 1862 718 1897 noster
737 1858 849 1898 diem
869 1872 992 1898 suum
1013 1859 1130 1907 obiit,
1152 1860 1227 1900 sed
1244 1861 1443 1900 nimirum
1463 1864 1563 1900 ante
1582 1860 1694 1899 diem
1713 1873 1723 1907 ;
1757 1859 1840 1898 fuit

249 1912 361 1950 enim
387 1912 423 1951 is
450 1913 516 1951 vir
547 1925 761 1952 summum
792 1913 1019 1965 Lipsiensis
1052 1914 1272 1966 Gymnasii
1304 1915 1443 1954 decus.
1500 1914 1641 1966 Atque
1674 1915 1838 1953 vtinam

248 1965 312 2004 ita
341 1965 456 2005 Deus
488 1971 774 2018 comparasset
804 1972 855 2008 vt
882 1968 951 2007 ille
982 1969 1142 2008 diutius
1173 1982 1312 2008 meam
1333 1969 1632 2008 liberalitatem
1661 1969 1839 2020 experiri

187 2026 231 2058 60
249 2020 484 2070 potuisset!
538 2025 649 2061 certe
684 2023 757 2061 Vix
792 2023 1018 2074 quitquam
1053 2025 1243 2075 optatius
1278 2024 1381 2063 mihi
1416 2024 1650 2062 accisurum
1685 2022 1837 2062 fuerat.

249 2073 332 2113 Sed
356 2076 558 2125 quoniam
583 2075 704 2115 aliter
729 2077 781 2115 de
806 2090 855 2116 eo
881 2079 1047 2125 statuit,
1074 2091 1240 2118 necesse
1265 2082 1331 2117 est
1354 2091 1463 2129 equo
1488 2079 1630 2117 animo
1655 2077 1839 2116 feramus

246 2128 335 2167 eius
375 2133 583 2176 mortem3
641 2130 873 2182 demusque
913 2145 1085 2183 operam
1126 2141 1176 2172 vt
1215 2133 1399 2184 aliquem
1438 2133 1483 2171 in
1522 2133 1654 2184 ipsius
1693 2131 1833 2171 locum

247 2195 530 2234 suggeramus,
548 2185 621 2235 qui
636 2189 681 2223 et
694 2185 783 2236 ipse
799 2185 1072 2226 Academiam
1088 2191 1278 2226 nostram
1294 2188 1436 2238 lingua
1453 2186 1585 2226 Greca
1600 2190 1644 2225 et
1657 2186 1838 2225 literatis

245 2235 397 2276 litteris
414 2237 609 2285 illustret,
631 2243 674 2278 et
692 2243 861 2278 nostrae
879 2244 1015 2280 terrae
1034 2241 1224 2281 homines
1243 2241 1298 2280 ad
1316 2242 1527 2280 virtutum
1546 2245 1590 2280 et
1608 2241 1836 2280 offitiorum

186 2299 226 2338 65
246 2303 420 2330 munera
444 2293 641 2332 instruat.
697 2293 822 2333 Cuius
847 2296 1007 2346 generis
1032 2296 1067 2334 si
1092 2309 1219 2347 quem
1243 2297 1370 2342 nosti,
1397 2296 1470 2347 qui
1494 2299 1640 2335 tamen
1665 2295 1836 2334 omnino

289 2397 340 2428 27.
366 2389 506 2422 duxisse
521 2401 583 2423 om.
606 2390 656 2423 0¹.
791 2400 843 2431 34.
868 2395 905 2424 et
923 2392 976 2424 ita
996 2393 1202 2425 seiunxisses
1223 2404 1285 2426 om.
1310 2393 1373 2425 0¹:
1408 2393 1465 2426 sed
1485 2392 1525 2434 cs.
1549 2394 1613 2434 Ep.
1641 2395 1734 2434 1526.
1759 2401 1836 2424 200.

246 2433 296 2471 36.
324 2433 464 2471 Quanto
479 2435 571 2466 enim
590 2436 622 2464 α1
636 2434 678 2466 0ι
694 2446 701 2466 :
726 2434 826 2468 Certe
843 2437 885 2467 αἳ.
950 2444 1000 2474 37.
1025 2436 1300 2469 inardescentem
1316 2437 1511 2469 etiamnum
1526 2437 1704 2469 flammam
1723 2438 1755 2465 al
1769 2436 1810 2468 01
1827 2447 1834 2467 z

243 2475 333 2508 hanc
353 2477 541 2515 flammam,
563 2477 647 2510 dum
667 2479 861 2511 etiamnum
877 2479 1129 2517 inardescebat,
1142 2482 1183 2512 αἲ.
1274 2481 1329 2520 46.
1355 2479 1478 2512 leniter
1489 2479 1542 2512 0¹.
1634 2487 1685 2520 54.
1710 2479 1777 2512 nisi
1794 2491 1834 2511 a:

243 2520 280 2551 m'
291 2519 341 2552 0¹.
436 2528 486 2560 55.
512 2531 553 2553 ac
571 2523 604 2551 α1
621 2521 662 2553 Ο1
677 2533 684 2553 :
715 2525 752 2553 et
768 2523 813 2554 αἳ.
888 2523 1011 2564 tuique
1028 2535 1066 2555 a:
1096 2527 1134 2556 et
1148 2524 1202 2556 tui
1217 2523 1268 2556 0².
1361 2524 1413 2564 56.
1439 2533 1558 2556 omnes
1574 2526 1649 2564 post
1663 2523 1836 2561 habuisse,

242 2563 318 2595 add.
336 2563 386 2596 0¹.
481 2565 531 2604 58.
560 2577 578 2594 α
596 2565 676 2597 LB:
700 2565 875 2607 Lipsensis
897 2565 948 2599 0¹.
1042 2574 1093 2606 59.
1117 2568 1170 2599 ita
1193 2567 1287 2600 Deus
1312 2579 1351 2599 a:
1377 2568 1471 2600 Deus
1485 2568 1538 2600 ita
1559 2566 1610 2600 0¹.
1701 2567 1756 2598 60.
1780 2576 1835 2598 ac-

243 2607 394 2640 cisurum
419 2620 461 2639 a:
487 2618 704 2641 accessurum
726 2609 776 2640 01.
905 2612 957 2642 61.
983 2611 1149 2652 quoniam
1171 2622 1214 2643 a:
1248 2621 1328 2643 cum
1348 2609 1399 2643 01.
1467 2620 1470 2623 ’
1535 2611 1587 2652 63.
1614 2614 1770 2643 nostram
1793 2622 1809 2639 rt
1828 2622 1835 2642 ε

245 2660 358 2683 meam
378 2651 428 2684 0¹.

291 2765 341 2795 30.
367 2755 601 2798 descripseris]
619 2757 662 2788 In
681 2757 770 2799 Epp.
795 2767 889 2799 1125,
913 2760 1006 2799 1283,
1075 2760 1149 2798 769.
1173 2760 1222 2797 18,
1239 2760 1316 2798 906.
1334 2768 1390 2799 40.

249 2807 340 2839 1325.
1118 2804 1171 2842 65.
1196 2803 1226 2834 si
1255 2812 1359 2844 quem
1388 2801 1497 2842 nosti]
1526 2802 1692 2834 Erasmus
1720 2812 1838 2843 passes

291 2851 340 2882 57.
366 2843 590 2884 Mosellanus]
607 2845 626 2885 †
644 2854 682 2883 19
699 2844 798 2886 April
816 2853 900 2886 1524
915 2857 923 2877 ι
953 2855 1008 2877 see
1075 2856 1158 2877 over
1169 2846 1240 2878 this
1252 2846 1429 2878 matterin
1441 2845 1507 2887 Ep.
1525 2855 1620 2886 1499,
1633 2846 1699 2877 but
1709 2846 1838 2886 repairs

188 2913 195 2923 ,
246 2884 310 2927 Ep.
329 2887 394 2926 560
408 2887 537 2919 introd.
1073 2889 1134 2921 the
1147 2890 1359 2922 omissionin
1375 2889 1430 2931 Ep
1462 2892 1555 2930 1526.
1593 2889 1648 2922 On
1663 2889 1834 2931 receiving

289 2929 341 2960 60.
367 2930 575 2969 accisurum]
599 2930 819 2973 Apparently
841 2932 1009 2964 intended
1075 2944 1096 2964 a
1123 2933 1296 2965 reminder
1322 2933 1402 2975 (Ep.
1438 2941 1532 2974 1520.
1561 2934 1662 2974 42—6)
1690 2931 1733 2964 he
1760 2943 1836 2973 pro-

244 2971 298 3004 for
311 2983 332 3003 a
344 2971 463 3004 future
476 2975 657 3016 participle
671 2975 762 3007 from
775 2975 907 3008 accidit.
1077 2976 1202 3009 ceeded
1232 2980 1271 3009 to
1296 2976 1518 3008 recommend
1547 2975 1728 3008 Ceratinus
1755 2976 1834 3018 (Ep.

289 3016 340 3053 63.
367 3014 529 3054 literatis]
553 3017 621 3048 For
643 3018 714 3049 this
732 3018 821 3050 form
847 3018 889 3049 cf.
917 3018 1007 3059 Epp.
1075 3021 1150 3050 622.
1172 3022 1274 3060 31n):
1299 3030 1355 3051 see
1369 3019 1457 3060 Epp.
1477 3021 1570 3058 1561,
1589 3020 1726 3058 1564—8.
