2012 3370
125 138 246 193 1306]
552 138 712 179 FROM
739 138 768 178 J
772 137 894 178 OHN
923 136 1090 177 LOUIS
1121 136 1289 176 VIVES
1643 135 1719 174 113

123 248 361 287 studiorum
387 253 431 287 et
455 260 611 287 merces
637 246 906 298 pulcherrimi
930 247 1085 286 laboris
1106 261 1113 293 ;
1156 247 1259 298 quid
1284 247 1404 285 labor
1428 249 1473 285 et
1497 245 1720 285 benefacta

123 302 313 342 iuuant?
375 302 498 350 Quod
535 301 587 340 de
624 314 831 352 puerpera
862 301 979 349 dicis,
1012 306 1103 340 tam
1135 301 1242 340 belle
1272 302 1317 340 in
1347 314 1415 340 me
1446 300 1641 351 congruit
1671 303 1722 338 vt

127 360 281 406 quarto
319 357 386 396 die
422 360 650 407 postquam
687 355 973 406 Augustinum
1011 355 1188 407 deposui
1221 355 1273 394 de
1310 354 1520 401 manibus,
1558 365 1721 393 nouum
1742 361 1779 394 15

124 410 280 450 librum
300 410 569 450 instituerim.
624 409 633 425 ‘
647 409 765 448 Adeo
781 410 790 425 '
811 411 989 461 inquies,
1014 409 1023 426 ‘
1042 411 1208 449 animus
1234 410 1422 461 pascitur
1442 421 1567 460 opere
1582 407 1591 423 '
1609 421 1616 447 :
1648 406 1722 446 sed

125 464 246 505 crede
276 465 379 504 mihi
408 468 523 503 totos
553 463 658 502 duos
689 468 766 503 aut
794 468 880 504 tres
909 477 1073 504 menses
1102 463 1348 515 reparandis
1376 463 1533 515 ingenii
1561 461 1722 501 viribus

124 519 222 558 volo
240 518 494 570 impendere,
515 522 565 557 vt
582 531 655 557 eae
673 530 748 569 per
765 519 953 569 quietem
971 523 1016 558 et
1033 520 1311 558 cessationem
1329 520 1594 564 reuocentur,
1612 517 1723 556 sicut

123 573 169 612 in
188 573 424 612 noualibus.

181 627 313 679 Cupio
333 627 475 666 videre
495 626 727 666 Carranzae
746 639 874 678 quem
892 627 938 666 in
957 627 1131 666 modum
1151 626 1428 678 responderis,
1449 629 1494 666 et
1512 625 1595 665 alia
1614 637 1724 676 quae
1741 631 1786 656 20

127 682 276 721 diceris
304 681 399 720 istic
427 681 720 732 conscripsisse
752 681 890 721 multa
915 681 1108 732 inprimis
1137 684 1182 721 e't
1209 694 1377 732 magna.
1434 680 1487 719 In
1515 680 1725 720 Carranza

126 736 251 788 plane
282 749 397 774 eram
427 735 587 782 falsus;
634 748 735 774 nam
765 736 1027 786 imposuerat
1057 735 1161 774 mihi
1191 735 1314 774 fucus
1345 735 1561 786 epistolae,
1594 746 1724 785 quam

126 790 259 829 solam
275 803 328 829 ex
344 793 438 829 toto
455 789 636 841 legeram
653 802 791 841 opere.
836 789 1000 829 Literas
1016 794 1114 829 tuas
1130 789 1186 829 ad
1201 789 1367 828 Morum
1385 802 1433 828 ac
1450 788 1723 828 Cantuarien-

126 845 260 894 s<em>
269 844 363 883 misi
374 844 500 883 hodie
511 844 556 883 in
568 843 836 883 Britanniam
850 858 858 891 3
878 844 997 883 breui
1009 844 1231 896 accipient,
1246 857 1346 883 nam
1359 857 1407 883 eo
1420 856 1533 882 nunc
1545 842 1726 881 redeunt

126 899 369 950 frequentes
408 911 462 937 ex
502 902 692 938 mercatu
735 898 1091 950 Antuerp<iensi>.
1173 898 1373 938 Gratulor
1413 897 1494 937 tibi
1534 896 1725 936 fauorem
1745 904 1782 937 25

128 953 422 1004 ampliss<imi>
441 952 612 999 ordinis,
628 953 718 1003 (in)
731 953 947 1005 ingenium
963 957 1007 992 et
1021 953 1303 993 eruditionem
1322 956 1444 992 tuam
1464 952 1527 991 ita
1546 963 1724 1002 propen-

127 1020 221 1046 sum
242 1020 250 1046 :
287 1007 322 1046 si
342 1006 469 1046 modo
489 1020 638 1046 verum
658 1011 723 1046 est
743 1007 859 1059 quod
878 1008 945 1047 hic
965 1008 1158 1047 narrauit
1178 1008 1281 1046 mihi
1301 1007 1476 1058 quidam
1497 1020 1522 1045 a
1542 1004 1726 1045 Corrado

128 1061 338 1108 auditum,
365 1061 418 1100 de
444 1074 587 1100 annua
611 1062 813 1113 pensione
841 1062 988 1101 oblata
1015 1062 1096 1101 tibi
1121 1062 1473 1111 honestiss<ime>.
1527 1060 1657 1099 Miror
1683 1062 1726 1098 te

127 1115 317 1156 inuidere
341 1115 543 1167 gaudium
572 1116 651 1155 hoc
676 1116 780 1155 mihi
809 1117 1147 1166 amantis<simo>
1170 1117 1248 1163 tui,
1274 1120 1326 1155 vt
1349 1114 1556 1155 eiusmodi
1581 1113 1636 1153 ad
1660 1126 1726 1152 me

127 1170 264 1209 solum
281 1183 367 1209 non
384 1170 544 1209 scribas
562 1183 571 1209 :
605 1183 681 1210 ceu
699 1183 798 1210 vero
817 1171 884 1210 vel
900 1171 991 1222 ipse
1007 1172 1147 1210 minus
1165 1170 1391 1222 gauderem
1409 1182 1539 1221 quam
1557 1168 1641 1215 alii,
1661 1168 1728 1207 vel
1748 1175 1792 1209 30

128 1225 163 1263 si
190 1223 420 1264 tacendum
448 1228 571 1271 esset,
599 1237 686 1264 non
712 1237 879 1276 possem
907 1225 1133 1265 continere.
1190 1224 1273 1265 Sed
1300 1228 1518 1275 vtcunque
1544 1223 1613 1269 sit,
1642 1222 1728 1261 tuis

127 1278 324 1318 omnibus
345 1279 614 1318 incrementis
638 1282 682 1318 et
702 1279 907 1319 felicitate
929 1280 1090 1319 meritis
1111 1279 1197 1319 tuis
1219 1279 1347 1330 digna
1368 1278 1574 1325 laetabor,
1597 1276 1728 1316 vnde·

127 1345 294 1384 cunque
314 1333 491 1372 resciam
510 1345 519 1380 ;
557 1345 610 1372 ex
630 1337 674 1373 te
695 1333 878 1381 mallem,
901 1347 986 1385 quo
1008 1334 1162 1373 certior
1180 1337 1292 1373 esset
1311 1334 1356 1372 in
1377 1333 1553 1372 certiore
1574 1331 1729 1371 nuncio

126 1387 307 1427 laeticia.

181 1441 367 1482 Pecunia
393 1453 494 1493 egeo
521 1441 708 1492 quidem,
737 1441 1046 1493 approbabitur
1072 1445 1219 1481 tamen
1246 1441 1350 1480 mihi
1377 1439 1582 1492 quicquid
1608 1442 1658 1478 tu
1685 1442 1729 1478 et
1749 1446 1786 1482 35

127 1495 360 1535 Frobenius
384 1496 585 1535 statuetis
605 1508 614 1542 ;
655 1496 691 1534 si
716 1496 821 1547 quid
846 1497 1032 1543 mittitis,
1058 1496 1202 1536 iubete
1227 1509 1358 1547 quam
1384 1496 1569 1547 primum
1594 1492 1727 1533 reddi.

125 1550 170 1590 Si
187 1549 292 1601 quid
309 1550 374 1589 vis
392 1549 448 1589 ad
465 1549 694 1601 Vergaram
711 1551 904 1598 scribere,
924 1551 1048 1591 mitte
1066 1551 1149 1590 huc
1167 1550 1223 1590 ad
1240 1564 1321 1590 me.
1368 1549 1567 1589 Proximo
1586 1560 1729 1587 mense

125 1605 265 1656 cogito
287 1604 332 1643 in
353 1604 622 1644 Britanniam
643 1605 948 1645 transmittere.
999 1605 1043 1646 si
1064 1605 1169 1657 quid
1190 1605 1382 1652 mandas,
1406 1604 1540 1643 scribe
1562 1615 1637 1655 per
1657 1602 1726 1649 N„

127 1672 225 1698 cum
237 1658 393 1698 redibit
403 1673 425 1698 e
434 1663 625 1699 mercatu
634 1659 988 1699 Francfordiensi.
1020 1659 1154 1700 Simul
1162 1663 1206 1699 te
1217 1672 1290 1699 oro
1300 1672 1375 1710 per
1385 1658 1567 1698 eundem
1578 1657 1729 1695 mittas

129 1713 232 1752 mihi
250 1713 396 1752 literas
417 1713 582 1764 aliquas
602 1713 657 1752 ad
677 1714 834 1753 amicos
857 1714 941 1754 illic
960 1718 1059 1753 tuos
1088 1714 1472 1760 commendatitias,
1498 1712 1649 1751 saltem
1679 1715 1728 1750 vt
1745 1720 1791 1752 40

127 1768 265 1807 sciant
288 1780 356 1807 me
379 1768 563 1807 amicum
587 1781 677 1807 esse
700 1772 837 1816 tuum,
864 1782 949 1820 quo
974 1782 1041 1808 me
1064 1769 1196 1820 pluris
1220 1768 1382 1808 faciant
1401 1781 1409 1814 ;
1450 1768 1531 1806 etsi
1554 1779 1640 1805 non
1664 1769 1730 1804 est

128 1821 348 1861 consilium
370 1835 539 1862 manere
561 1823 620 1861 ibi
641 1836 770 1874 supra
791 1827 878 1862 tres
900 1836 1076 1870 menses,
1101 1826 1177 1862 aut
1199 1822 1254 1861 ad
1277 1834 1490 1862 summum
1513 1824 1698 1872 quatuor
1718 1832 1726 1858 :

127 1889 213 1927 qua
243 1875 295 1915 de
325 1889 369 1916 re
399 1880 505 1927 puto
536 1890 603 1916 me
633 1877 713 1917 tibi
742 1877 934 1917 locutum
964 1891 1053 1916 esse
1083 1877 1248 1929 Brugis.
1306 1877 1375 1916 Me
1404 1879 1524 1915 tenet
1554 1877 1728 1913 tantum

127 1930 365 1970 scholarum
396 1931 601 1978 taedium,
634 1936 684 1970 vt
715 1931 885 1981 quiduis
915 1931 1107 1971 facturus
1137 1932 1216 1970 sim
1248 1931 1373 1970 citius
1404 1942 1534 1981 quam
1566 1928 1621 1967 ad
1652 1928 1729 1966 has

125 1984 259 2024 redire
277 1984 420 2024 sordes
443 1989 488 2024 et
510 1985 621 2025 inter
637 1998 789 2036 pueros
812 1986 983 2026 versari.
1029 1985 1256 2025 Ruffaldus
1272 1985 1434 2024 salutat
1449 1988 1493 2024 te
1510 1982 1728 2034 impensis·
1746 1991 1786 2025 45

126 2040 259 2086 sime;
304 2039 378 2090 qui
406 2039 511 2078 dicit
538 2052 582 2079 se
611 2040 730 2079 breui
757 2053 854 2079 cum
883 2044 1005 2092 patre
1033 2053 1353 2092 congressurum
1380 2044 1425 2078 et
1453 2052 1480 2078 a
1507 2041 1729 2090 praesente

126 2094 455 2144 impetraturum
488 2106 542 2133 ne
574 2094 655 2133 tibi
687 2094 841 2134 solutio
875 2095 979 2134 haec
1012 2095 1173 2134 diutius
1207 2094 1440 2133 differatur.

175 2147 266 2187 Ὧδε
281 2151 441 2198 εἰρηνικὰ
452 2150 587 2188 πάντα.
617 2148 772 2188 Mirum
785 2149 836 2189 de
849 2149 974 2189 rebus
989 2149 1186 2189 omnibus
1199 2149 1415 2188 silentium
1431 2162 1440 2195 ;
1461 2147 1584 2187 fauor
1596 2145 1727 2185 bono-

127 2214 221 2241 rum
233 2202 278 2241 in
289 2205 333 2242 136
345 2201 561 2242 ardentior
572 2215 702 2255 quam
716 2216 919 2255 anuam.
957 2207 1107 2244 Πολλοὶ
1121 2209 1192 2244 τῶν
1203 2206 1409 2255 κραζόντων
1421 2203 1647 2253 ἐσιώπησαν,
1668 2201 1727 2239 καὶ

593 2290 644 2322 16.
670 2291 807 2323 animus
824 2291 914 2333 scrip
963 2294 1091 2334 (aius):
1122 2292 1197 2325 auis
1227 2305 1258 2325 α.

178 2418 188 2440 1
200 2417 227 2450 5.
253 2419 385 2441 nouum
401 2409 544 2449 librum]
562 2409 714 2452 Perhaps
732 2410 791 2443 the
809 2411 895 2444 Inst.
956 2422 1011 2444 see
1028 2411 1094 2453 Ep.
1115 2420 1210 2449 1299.
1229 2419 1306 2454 45n.

122 2451 292 2494 foeminae
304 2453 536 2486 Christianae:
553 2463 608 2485 see
621 2454 688 2495 Ep.
703 2456 796 2495 1362.
818 2464 892 2495 31n.
1010 2455 1062 2495 36.
1088 2454 1268 2494 statuetis]
1298 2464 1336 2486 as
1371 2455 1542 2496 payment
1577 2452 1631 2484 for
1666 2451 1726 2483 the

177 2496 227 2528 16.
253 2495 405 2535 animus]
424 2496 473 2529 Of.
497 2497 560 2529 Ov.
582 2497 621 2529 P.
643 2506 669 2529 1.
690 2508 722 2538 4.
743 2507 830 2533 21.2.
962 2499 1039 2531 Ciu.
1057 2498 1145 2530 Dei:
1175 2497 1218 2530 cf.
1237 2498 1302 2539 Ep.
1324 2507 1418 2538 1303.
1436 2505 1532 2539 24-5.

174 2548 228 2572 20.
254 2540 460 2579 Carranzae]
471 2540 532 2572 See
543 2541 608 2582 Ep.
625 2550 718 2582 1277.
734 2552 890 2585 22,24nn.
1011 2551 1064 2584 37.
1091 2541 1135 2573 ad
1144 2541 1346 2582 Vergaram]
1357 2541 1406 2573 Cf.
1417 2541 1507 2582 Epp.
1520 2548 1615 2580 1277,
1628 2548 1723 2579 1312.

174 2592 227 2615 22.
253 2582 434 2625 epistolae]
451 2584 514 2615 His
528 2584 665 2625 prefaco
681 2587 718 2616 to
731 2585 892 2627 Vcrgara,
1008 2586 1062 2625 38.
1088 2585 1148 2624 N.]
1170 2584 1346 2625 Probably
1363 2584 1399 2616 F.
1426 2583 1644 2620 Berckman3
1679 2582 1722 2614 cf.

129 2626 235 2658 dated
252 2637 294 2668 27
312 2627 393 2658 Dec.
417 2630 514 2668 1523,
530 2627 652 2659 Rome.
966 2629 1056 2671 Epp.
1077 2630 1170 2670 1256.
1193 2637 1266 2670 125,
1288 2629 1381 2668 1362.
1398 2637 1453 2667 41,
1478 2628 1530 2667 56,
1553 2635 1606 2666 79,
1630 2626 1724 2665 1383·

175 2679 228 2710 23.
255 2669 403 2709 Literas]
449 2670 594 2704 Neither
641 2670 676 2703 of
723 2671 819 2704 these
865 2673 893 2704 is
969 2682 1047 2712 24n.

129 2717 263 2745 extant.
1007 2724 1061 2755 40.
1088 2713 1409 2753 commendatitias]
1444 2713 1517 2746 One
1556 2712 1591 2744 of
1629 2711 1725 2744 these

175 2757 229 2789 26.
255 2757 459 2798 amplissimi
473 2756 617 2796 ordinis]
627 2756 699 2789 The
710 2757 892 2797 σαι-(11111115,
962 2760 1141 2796 survives;
1176 2759 1240 2798 Ep.
1266 2767 1359 2797 1311.

130 2800 207 2832 who
234 2800 302 2832 had
329 2800 520 2842 supported
547 2801 712 2832 Erasmus
739 2801 787 2843 by
813 2812 890 2843 sup·
1004 2811 1060 2841 43.
1088 2801 1225 2843 Brugis]
1257 2799 1447 2842 Evidently
1478 2800 1602 2841 during
1624 2799 1724 2831 Eras-

129 2844 282 2885 pressing
298 2844 471 2876 Stunica's
495 2843 610 2876 book:
638 2854 693 2876 seo
709 2844 773 2886 Ep.
795 2854 888 2886 1302.
960 2846 1047 2877 mus’
1079 2846 1162 2876 visit
1189 2846 1225 2876 in
1254 2845 1341 2885 Aug.
1376 2853 1468 2885 1521.
1524 2844 1626 2876 Vives
1656 2842 1726 2874 had

132 2891 247 2928 59-61.
959 2889 1097 2921 written
1117 2892 1155 2920 to
1173 2888 1245 2919 him
1264 2888 1374 2919 about
1392 2888 1445 2919 his
1464 2886 1608 2928 English
1626 2886 1725 2928 pians

177 2939 230 2971 27.
256 2930 421 2970 Corrado]
444 2930 596 2973 Perhaps
613 2930 819 2964 Goclcnius:
855 2942 892 2964 as
959 2933 1048 2964 from
1070 2933 1199 2973 Bruges
1217 2932 1252 2963 in
1273 2931 1331 2964 tho
1350 2931 1511 2973 previous
1530 2931 1552 2963 J
1556 2930 1638 2972 uly:
1670 2940 1725 2961 see

132 2973 167 3005 in
184 2974 249 3015 Ep.
271 2983 363 3014 1303.
384 2983 437 3016 35,
455 2986 506 3017 39.
961 2976 1025 3017 Ep.
1046 2976 1221 3008 1222.1Sn.

178 3018 232 3048 28.
257 3028 374 3049 annua
387 3017 564 3060 pcnsmnc]
579 3017 774 3051 Schinncr's
789 3019 874 3051 offer
889 3031 898 3052 ε
1004 3027 1059 3060 45.
1085 3017 1286 3058 Ruffaldus]
1303 3018 1351 3051 Cf.
1371 3018 1436 3060 Ep.
1457 3027 1550 3059 1303.
1572 3026 1667 3057 54-5.

191 3088 284 3121 452·5
928 3089 943 3116 Ῑ
