2012 3370
88 151 210 202 1200]
599 151 671 190 To
701 151 867 191 ι106311
898 152 1163 193 LAURENS
1611 144 1678 196 '85

84 259 249 291 ostensive
265 259 408 291 alliance
424 259 580 291 between
595 258 702 300 Spain
718 259 788 291 and
803 259 965 301 England
979 260 1117 302 against
1132 261 1263 293 France
1279 262 1336 302 (cf.
1355 262 1420 303 Ep.
1442 265 1535 295 1228.
1556 265 1679 303 52n)—

83 303 142 334 the
158 313 228 334 war
244 306 281 335 to
304 303 406 344 begin
426 303 463 334 in
486 301 546 333 the
568 303 686 344 spring
710 301 744 334 of
771 311 853 343 1523
873 303 1023 342 (Brewer
1036 304 1085 335 iii.
1107 304 1216 345 1802).
1255 305 1298 336 In
1312 305 1433 337 March
1451 314 1533 347 1522
1550 306 1593 339 he
1609 317 1679 339 was

82 346 275 421 ³33⁰&ssssss
289 345 887 421 {fisssissssssfnffssssszszi'rnissffl'ffl
904 346 1102 422 Οξέἷῖῗῖῗ
1117 347 1375 423 13ἲᾷἲέἕὲῗὲ
1391 348 1594 433 ἳῖ“”ἓῖἀ3
1610 361 1680 426 ἔὲἓ

83 399 244 464 {anchard
257 433 294 470 ii,
312 433 447 464 Brewer
460 432 509 468 iii,
526 431 595 463 and
613 432 746 464 Henne.
788 414 863 464 Itis
872 400 1024 475 lfligssible
1036 434 1116 466 that
1128 435 1193 475 Ep.
1211 444 1293 477 1057
1306 436 1334 466 is
1347 404 1532 468 addies7s3e'd
1545 418 1583 468 to
1595 436 1677 468 him.

127 476 232 508 Later
248 476 412 508 Erasmus
429 485 526 507 came
544 479 581 507 to
597 475 719 507 realize
736 475 816 507 that
833 476 892 508 the
908 478 1087 509 strictness
1105 478 1140 509 of
1156 478 1319 510 Laurens’
1337 479 1426 520 legal
1442 480 1594 521 training
1611 480 1679 512 had

82 519 261 551 narrowed
276 519 330 550 his
346 518 490 551 outlook
506 518 576 550 and
593 518 694 550 made
711 519 784 550 him
800 519 944 561 bitterly
961 520 1085 552 hostile
1103 524 1140 552 to
1157 521 1216 552 the
1232 522 1340 564 study
1357 522 1392 554 of
1408 522 1594 565 languages
1611 524 1681 556 and

81 562 262 637 laiffigaxtssne
275 562 490 644 beffinIiffnd·
509 562 603 593 xxiii.
625 572 674 599 12,
692 563 761 593 LB.
783 564 878 603 1063,
895 564 930 594 of
945 574 961 595 2
981 564 1004 596 J
1006 564 1065 605 uly
1085 573 1179 605 1529,
1196 565 1307 596 which
1321 566 1417 607 gives
1433 577 1477 598 an
1493 567 1679 599 unfavour-

140 728 356 758 ERASMVS
386 728 738 758 ROTERODAMVS
767 727 960 765 IODOCO,
994 728 1204 758 SENATVS
1232 729 1609 762 MEOfflINIENSIS

687 785 927 824 PRAESIDI,
963 786 998 815 S.
1022 786 1066 815 D.

134 859 281 898 AVDIO
303 864 346 898 et
366 858 558 910 profecto
578 858 743 910 gaudeo
764 871 816 897 ex
836 859 992 905 animo,
1016 859 1080 897 vir
1100 859 1265 906 eximie,
1288 873 1500 900 summam
1521 863 1678 902 autori·

81 918 216 953 tatem
240 914 472 953 Lutherani
494 914 656 964 negocii
679 913 952 952 excellentiae
974 917 1076 952 tuae
1100 927 1189 953 esse
1213 916 1482 955 commissam
1503 930 1510 955 :
1551 930 1679 968 quem

80 981 157 1020 ego
176 969 276 1008 noui
295 972 463 1020 praeter
483 968 723 1007 absolutam
742 968 844 1006 iuris
863 967 1134 1019 prudentiam
1150 969 1289 1007 virum
1302 971 1477 1022 integris
1492 972 1680 1011 moribus

81 1036 331 1074 summaque
363 1022 605 1074 praeditum
637 1023 868 1073 aequitate.
927 1022 1039 1061 Nam
1072 1026 1122 1061 Vt
1160 1023 1303 1063 danda
1334 1029 1399 1064 est
1432 1038 1560 1077 opera
1592 1039 1678 1078 quo

82 1076 256 1116 Lutheri
273 1077 403 1116 factio
421 1077 624 1128 sopiatur,
643 1077 706 1115 ita
723 1076 962 1115 cauendum
979 1080 1044 1115 est
1061 1090 1113 1116 ne
1132 1077 1232 1116 boni
1249 1079 1342 1126 viri,
1362 1083 1406 1118 et
1423 1081 1508 1119 suis
1525 1080 1676 1120 labori-

82 1131 160 1170 bus
191 1131 243 1170 de
273 1131 425 1170 studiis
455 1131 634 1182 publicis
664 1131 924 1177 benemeriti,
958 1130 1168 1170 dedantur
1200 1133 1468 1183 quorundam
1499 1136 1678 1186 priuatis

80 1185 201 1224 odiis.

133 1239 173 1278 N
175 1239 332 1279 icolaus
348 1239 648 1278 Ecmondanus
662 1252 785 1278 nemo
800 1243 864 1278 est
879 1239 1058 1278 Louanii
1072 1241 1144 1290 qui
1158 1242 1320 1280 nesciat
1335 1254 1465 1292 quam
1479 1243 1535 1282 sit
1548 1243 1676 1283 homo

81 1294 309 1343 pertinacis
324 1298 368 1332 et
382 1293 564 1332 Vindicis
580 1294 725 1340 animi,
741 1295 775 1332 si
789 1295 1027 1344 conceperit
1040 1294 1185 1332 odium
1202 1296 1247 1333 in
1259 1295 1457 1346 aliquem.
1504 1298 1562 1337 Et
1580 1311 1677 1337 cum

78 1347 149 1387 illo
175 1348 278 1386 mihi
302 1349 387 1386 iam
414 1352 538 1387 vetus
563 1352 607 1386 et
632 1347 813 1398 capitale
840 1347 984 1386 odium
1009 1349 1259 1396 intercessit,
1287 1351 1418 1389 etiam
1443 1355 1676 1403 antequam

78 1402 261 1441 mundus
282 1403 406 1441 sciret
426 1406 578 1441 natum
600 1401 834 1440 Lutherum
855 1415 862 1447 3
894 1401 948 1440 ob
971 1402 1136 1454 linguas
1162 1415 1210 1441 ac
1231 1403 1365 1443 bonas
1385 1404 1542 1452 literas,
1568 1419 1675 1457 quas

77 1456 145 1495 ille
163 1456 389 1508 plusquam
408 1456 647 1507 capitaliter
665 1455 769 1495 odit.
817 1456 875 1495 Et
893 1469 1025 1507 quum
1044 1456 1123 1495 sibi
1141 1459 1378 1508 permiserit
1396 1463 1445 1498 vt
1463 1473 1530 1499 me
1548 1462 1676 1500 toties

77 1511 122 1549 in
139 1511 409 1550 concionibus
427 1515 471 1550 et
487 1510 739 1550 lectionibus
756 1511 842 1549 suis
860 1510 1096 1550 manifestis
1114 1512 1344 1552 mendaciis
1361 1515 1675 1567 perstringeret,

78 1578 153 1604 nec
173 1565 228 1604 ab
246 1565 464 1604 haereseos
484 1566 675 1604 conuicio
694 1569 937 1616 temperans
957 1579 965 1612 3
1002 1569 1149 1605 tamen
1167 1566 1275 1606 ferre
1294 1580 1381 1606 non
1399 1573 1543 1619 potest
1562 1570 1678 1621 quod

77 1619 283 1671 Apologia
308 1619 508 1670 quadam,
536 1620 680 1658 tacito*
696 1620 827 1658 etiam
852 1620 984 1671 ipsius
1009 1621 1192 1667 nomine,
1222 1621 1479 1661 calumniam
1504 1623 1674 1663 falsissi-

77 1686 192 1712 mam
206 1687 232 1713 a
246 1687 312 1713 me
327 1674 503 1725 depello.
547 1674 684 1721 Nunc,
701 1678 750 1712 vt
765 1674 905 1721 audio,
921 1675 966 1712 in
981 1675 1177 1713 omnibus
1192 1677 1410 1723 conuiuiis,
1427 1677 1676 1718 Mechliniae

76 1729 120 1767 in
143 1728 312 1780 publica
336 1729 547 1775 concione,
574 1741 640 1767 me
664 1741 750 1767 vna
773 1741 870 1767 cum
894 1728 1081 1768 Luthero
1104 1729 1323 1769 haereseos
1346 1733 1528 1771 notauit.
1582 1733 1676 1772 Hoc

76 1787 188 1821 certe
209 1796 295 1822 non
316 1783 447 1822 habet
467 1784 512 1821 in
534 1782 760 1829 mandatis,
784 1796 860 1821 nec
882 1796 907 1821 a
929 1783 1103 1822 Caesare
1126 1797 1202 1822 nec
1225 1797 1250 1823 a
1272 1784 1490 1833 Pontifice,
1515 1790 1564 1826 vt
1584 1788 1677 1827 istis

77 1837 212 1876 modis
232 1837 459 1876 vlciscatur
479 1837 623 1876 odium
644 1838 786 1875 animi.
836 1837 940 1876 Mihi
960 1837 1064 1876 nihil
1084 1850 1274 1889 vnquam
1294 1839 1378 1879 fuit
1397 1842 1559 1892 negocii
1579 1855 1675 1880 cum

76 1890 275 1940 Luthero,
293 1892 373 1930 nisi
389 1891 505 1942 quod
521 1904 685 1942 semper
700 1891 952 1930 dehortatus
968 1904 1061 1930 sum
1077 1905 1129 1931 ne
1145 1898 1337 1944 pergeret
1352 1894 1510 1934 talibus
1525 1895 1676 1935 libellis

75 1947 287 1985 concitare
308 1945 529 1992 mundum,
552 1946 791 1984 vaticinans
810 1946 896 1984 iam
917 1950 1011 1985 tum
1031 1946 1110 1985 hoc
1130 1946 1325 1986 futurum
1346 1949 1462 1999 quod
1482 1950 1676 1989 videmus

74 2001 274 2039 euenisse.
327 2001 417 2052 Ego
439 2004 482 2039 et
503 2000 570 2038 hic
593 2004 636 2038 et
657 2001 751 2038 istic
772 2001 930 2051 partim
953 2000 1089 2047 dictis,
1113 2002 1271 2052 partim
1293 2003 1494 2053 epistolis,
1519 2004 1676 2044 multos

75 2054 257 2093 alienaui
272 2067 297 2093 a
310 2054 497 2093 factione
512 2054 768 2093 Lutherana.
813 2054 901 2093 Nec
917 2054 1002 2093 vlla
1016 2068 1081 2093 res
1097 2057 1230 2107 magis
1245 2056 1398 2097 deiecit
1413 2057 1675 2098 Lutherano-

74 2121 168 2147 rum
190 2109 352 2147 animos
373 2122 502 2159 quam
523 2109 639 2159 quod
657 2108 800 2159 palam
821 2108 972 2147 aeditis
992 2109 1108 2148 libris
1129 2109 1342 2150 declaraui
1362 2125 1428 2151 me
1449 2112 1676 2152 adhaerere

73 2162 270 2202 Pontifici
285 2163 493 2210 Romano,
509 2168 552 2202 et
567 2163 742 2202 Lutheri
756 2163 977 2214 negocium
990 2164 1244 2215 improbare.
1289 2165 1413 2213 Quod
1426 2168 1461 2205 si
1474 2167 1675 2207 fauissem

75 2216 274 2264 Luthero,
295 2219 405 2256 sicut
420 2219 493 2256 isti
509 2218 686 2264 iactant,
706 2230 790 2256 non
810 2217 1043 2257 defuissent
1060 2219 1269 2269 praesidia
1287 2221 1539 2272 principum.
1587 2222 1675 2262 Nec

74 2271 213 2311 adhuc
235 2271 413 2311 affectus
434 2273 514 2311 iste
536 2276 627 2311 tam
649 2273 864 2311 extinctus
885 2276 950 2311 est
970 2273 1015 2311 in
1036 2274 1188 2311 animis
1209 2274 1431 2313 hominum
1453 2289 1583 2326 quam
1604 2278 1675 2316 isti

74 2329 233 2375 putant
247 2330 290 2365 et
304 2339 435 2377 quam
449 2339 526 2366 nos
541 2327 747 2378 cupimus.
783 2326 893 2366 Sunt
906 2326 974 2365 hic
987 2326 1215 2378 plusquam
1228 2333 1400 2368 centum
1414 2331 1529 2369 milia
1542 2331 1675 2370 homi-

74 2393 177 2419 num
202 2381 275 2431 qui
302 2381 483 2420 oderunt
509 2381 651 2420 sedem
678 2380 931 2428 Romanam,
960 2385 1004 2420 et
1030 2381 1265 2421 Lutherum
1293 2397 1447 2435 magna
1473 2398 1525 2423 ex
1551 2389 1672 2436 parte

74 2434 271 2485 probant.

128 2488 234 2528 Vide
254 2493 400 2529 autem
421 2502 552 2541 quam
572 2490 715 2541 inique
738 2503 903 2529 mecum
924 2494 1086 2542 agetur,
1110 2491 1144 2530 si
1166 2504 1299 2542 quum
1320 2505 1397 2543 ego
1419 2492 1673 2544 perdiderim

73 2544 306 2582 amicitiam
331 2548 400 2583 tot
425 2544 688 2583 eruditorum
715 2543 978 2591 Germaniae,
1007 2558 1140 2595 quum
1167 2545 1433 2586 Lutheranos
1460 2560 1606 2586 omncs
1631 2548 1675 2586 in

72 2610 140 2636 me
164 2599 442 2649 prouocarim,
469 2599 543 2649 qui
567 2611 680 2638 nunc
704 2598 980 2638 amarulentis
1005 2599 1156 2638 libellis
1179 2601 1225 2638 in
1249 2613 1316 2639 me
1341 2600 1676 2649 debacchantur,

72 2651 144 2690 isti
163 2653 342 2692 Victoria
359 2666 449 2700 sua,
469 2666 599 2704 quam
618 2653 721 2691 mihi
739 2666 825 2692 non
843 2654 1018 2692 minima
1036 2667 1088 2692 ex
1106 2658 1229 2704 parte
1248 2654 1418 2702 debent,
1439 2655 1677 2695 abutantur

75 2706 119 2743 in
145 2710 276 2756 caput
302 2720 456 2753 meum,
483 2711 527 2746 et
552 2707 647 2746 ideo
672 2706 872 2746 traducar
898 2711 947 2745 vt
972 2707 1221 2754 haereticus,
1250 2709 1350 2758 quia
1376 2709 1479 2748 mihi
1505 2710 1676 2761 placent

76 2759 211 2799 bonae
231 2760 377 2800 literae
397 2765 440 2800 et
459 2774 545 2800 non
564 2761 734 2812 placent
757 2774 892 2800 mores
918 2761 1196 2808 Ecmondani,
1224 2763 1297 2813 qui
1322 2763 1426 2802 nulli
1450 2763 1537 2803 fere
1562 2765 1674 2804 bono

174 2839 250 2879 9:12.
275 2832 380 2864 HN2:
406 2840 676 2863 MECHLINENSIS
692 2832 752 2863 Νι.
854 2839 907 2871 32.
933 2832 1140 2863 Germaniae
1157 2833 1214 2864 H:
1246 2833 1499 2867 Germanorum
1515 2835 1562 2867 N.

120 2917 146 2940 1.
173 2908 417 2950 autoritatem]
437 2909 499 2942 See
518 2910 538 2941 1.
563 2920 638 2953 73n.
1002 2911 1132 2942 tacito.
1153 2938 1157 2942 .
1175 2936 1181 2943 .
1198 2912 1351 2952 nomine]
1370 2913 1440 2945 But
1453 2911 1462 2925 ‘
1476 2913 1601 2946 Paucis
1613 2925 1666 2946 no-

119 2953 148 2983 8.
175 2952 436 2993 Ecmondanus]
451 2953 513 2986 See
528 2954 592 2995 Ep.
612 2957 703 2996 1263.
722 2957 797 2987 26n.
905 2957 951 2986 tis
964 2953 1141 2987 hominem
1156 2955 1361 2997 designabo,
1374 2960 1414 2989 vt
1425 2961 1619 2999 agnoscant
1631 2957 1651 2988 '.

123 3002 134 3024 1
147 3002 173 3034 5.
198 2995 382 3037 Apologia]
399 2997 438 3028 de
455 2998 523 3029 loco
543 2995 552 3009 ‘
566 2997 689 3029 Omnes
705 2996 837 3037 quidem
951 2998 1004 3029 28.
1031 3001 1173 3030 centum
1198 2999 1308 3039 milia]
1323 3000 1367 3032 In
1382 3001 1473 3042 Epp.
1494 3010 1588 3041 1300.
1608 3012 1667 3043 70»

77 3048 280 3079 resumemus
294 3040 301 3053 '
319 3052 326 3071 :
356 3051 411 3072 see
432 3041 493 3082 Ep.
517 3049 596 3082 1335
616 3041 744 3072 iutrod.
907 3044 960 3080 ὃο,
975 3050 1117 3085 130197
1129 3052 1149 3073 a
1162 3042 1264 3074 much
1275 3043 1506 3085 highcrligurc
1518 3045 1546 3076 is
1557 3045 1659 3084 given

1699 1359 1737 1381 lo

1700 1630 1733 1662 15

1696 1902 1739 1925 ΖΟ

1694 2175 1734 2206 25

1694 2446 1737 2477 30

1691 2717 1729 2749 35
