<?xml version="1.0" encoding="UTF-8"?>
<!DOCTYPE html PUBLIC "-//W3C//DTD XHTML 1.0 Transitional//EN"
    "http://www.w3.org/TR/xhtml1/DTD/xhtml1-transitional.dtd">
<html xmlns="http://www.w3.org/1999/xhtml" xml:lang="en" lang="en">
 <head>
  <title>
</title>
<meta http-equiv="Content-Type" content="text/html;charset=utf-8" />
  <meta name='ocr-system' content='tesseract 3.04.00' />
  <meta name='ocr-capabilities' content='ocr_page ocr_carea ocr_par ocr_line ocrx_word'/>
</head>
<body>
  <div class='ocr_page' id='page_1' title='image "./opusepistolarum05eras_0369.png"; bbox 0 0 2012 3370; ppageno 0'>
   <div class='ocr_carea' id='block_1_1' title="bbox 150 154 1742 205">
    <p class='ocr_par' dir='ltr' id='par_1_1' title="bbox 150 154 1742 205">
     <span class='ocr_line' id='line_1_1' title="bbox 150 154 1742 205; baseline -0.006 -2"><span class='ocrx_word' id='word_1_1' title='bbox 150 154 273 205; x_wconf 82' lang='lat'>1389]</span> <span class='ocrx_word' id='word_1_2' title='bbox 1664 155 1742 194; x_wconf 88' lang='lat'>335</span> 
     </span>
    </p>
   </div>
   <div class='ocr_carea' id='block_1_2' title="bbox 195 264 1694 437">
    <p class='ocr_par' dir='ltr' id='par_1_2' title="bbox 195 264 1694 437">
     <span class='ocr_line' id='line_1_2' title="bbox 628 264 1260 306; baseline 0 -1"><span class='ocrx_word' id='word_1_3' title='bbox 628 268 748 306; x_wconf 77' lang='lat'>1389.</span> <span class='ocrx_word' id='word_1_4' title='bbox 813 264 880 305; x_wconf 83' lang='lat' dir='ltr'>To</span> <span class='ocrx_word' id='word_1_5' title='bbox 913 276 1007 306; x_wconf 79' lang='lat' dir='ltr'>THE</span> <span class='ocrx_word' id='word_1_6' title='bbox 1041 265 1260 305; x_wconf 70' lang='lat' dir='ltr'>READER.</span> 
     </span>
     <span class='ocr_line' id='line_1_3' title="bbox 195 332 1590 379; baseline 0 -11"><span class='ocrx_word' id='word_1_7' title='bbox 195 334 366 379; x_wconf 80' lang='lat' dir='ltr'>Spongia.</span> <span class='ocrx_word' id='word_1_8' title='bbox 383 335 425 370; x_wconf 84' lang='lat' dir='ltr'>f0.</span> <span class='ocrx_word' id='word_1_9' title='bbox 443 334 490 370; x_wconf 71' lang='lat' dir='ltr'>a2.</span> <span class='ocrx_word' id='word_1_10' title='bbox 1425 332 1590 374; x_wconf 80' lang='lat' dir='ltr'>&lt;Bas1e.&gt;</span> 
     </span>
     <span class='ocr_line' id='line_1_4' title="bbox 1323 392 1694 437; baseline 0 -10"><span class='ocrx_word' id='word_1_11' title='bbox 1323 396 1374 434; x_wconf 89' lang='lat' dir='ltr'>&lt;c.</span> <span class='ocrx_word' id='word_1_12' title='bbox 1392 392 1552 428; x_wconf 85' lang='lat' dir='ltr'>October</span> <span class='ocrx_word' id='word_1_13' title='bbox 1569 395 1694 437; x_wconf 60' lang='lat'>1523&gt;</span> 
     </span>
    </p>
   </div>
   <div class='ocr_carea' id='block_1_3' title="bbox 148 477 1744 608">
    <p class='ocr_par' dir='ltr' id='par_1_3' title="bbox 148 477 1744 608">
     <span class='ocr_line' id='line_1_5' title="bbox 193 477 1744 522; baseline -0.001 -10"><span class='ocrx_word' id='word_1_14' title='bbox 193 479 278 520; x_wconf 88' lang='lat' dir='ltr'>[The</span> <span class='ocrx_word' id='word_1_15' title='bbox 295 480 430 522; x_wconf 81' lang='lat' dir='ltr'>preface</span> <span class='ocrx_word' id='word_1_16' title='bbox 447 484 484 512; x_wconf 87' lang='lat' dir='ltr'>to</span> <span class='ocrx_word' id='word_1_17' title='bbox 499 479 558 511; x_wconf 86' lang='lat' dir='ltr'>the</span> <span class='ocrx_word' id='word_1_18' title='bbox 573 479 699 511; x_wconf 88' lang='lat' dir='ltr'>second</span> <span class='ocrx_word' id='word_1_19' title='bbox 714 478 848 510; x_wconf 77' lang='lat' dir='ltr'>edition</span> <span class='ocrx_word' id='word_1_20' title='bbox 864 478 899 510; x_wconf 80' lang='lat' dir='ltr'>of</span> <span class='ocrx_word' id='word_1_21' title='bbox 915 479 973 510; x_wconf 89' lang='lat' dir='ltr'>the</span> <span class='ocrx_word' id='word_1_22' title='bbox 989 478 1141 519; x_wconf 70' lang='lat' dir='ltr'>Sponqia</span> <span class='ocrx_word' id='word_1_23' title='bbox 1157 491 1164 510; x_wconf 92' lang='lat'><strong>:</strong></span> <span class='ocrx_word' id='word_1_24' title='bbox 1192 488 1248 510; x_wconf 84' lang='lat' dir='ltr'>see</span> <span class='ocrx_word' id='word_1_25' title='bbox 1264 478 1331 520; x_wconf 87' lang='lat' dir='ltr'>Ep.</span> <span class='ocrx_word' id='word_1_26' title='bbox 1351 479 1445 519; x_wconf 85' lang='lat'>1378.</span> <span class='ocrx_word' id='word_1_27' title='bbox 1484 478 1514 511; x_wconf 88' lang='lat' dir='ltr'>A</span> <span class='ocrx_word' id='word_1_28' title='bbox 1529 477 1744 520; x_wconf 76' lang='lat' dir='ltr'>coniectural</span> 
     </span>
     <span class='ocr_line' id='line_1_6' title="bbox 149 522 1743 565; baseline 0.001 -12"><span class='ocrx_word' id='word_1_29' title='bbox 149 523 231 554; x_wconf 86' lang='lat' dir='ltr'>date</span> <span class='ocrx_word' id='word_1_30' title='bbox 257 534 322 555; x_wconf 86' lang='lat' dir='ltr'>can</span> <span class='ocrx_word' id='word_1_31' title='bbox 346 524 387 556; x_wconf 89' lang='lat' dir='ltr'>be</span> <span class='ocrx_word' id='word_1_32' title='bbox 410 523 569 565; x_wconf 75' lang='lat' dir='ltr'><strong>assigned</strong></span> <span class='ocrx_word' id='word_1_33' title='bbox 594 523 684 554; x_wconf 75' lang='lat' dir='ltr'>from</span> <span class='ocrx_word' id='word_1_34' title='bbox 709 522 773 564; x_wconf 89' lang='lat' dir='ltr'>Ep.</span> <span class='ocrx_word' id='word_1_35' title='bbox 804 532 897 562; x_wconf 81' lang='lat'>1397.</span> <span class='ocrx_word' id='word_1_36' title='bbox 925 532 1015 565; x_wconf 87' lang='lat'>3-4;</span> <span class='ocrx_word' id='word_1_37' title='bbox 1046 522 1157 554; x_wconf 83' lang='lat' dir='ltr'>which</span> <span class='ocrx_word' id='word_1_38' title='bbox 1182 526 1292 554; x_wconf 81' lang='lat' dir='ltr'>states</span> <span class='ocrx_word' id='word_1_39' title='bbox 1316 522 1389 553; x_wconf 77' lang='lat' dir='ltr'>also</span> <span class='ocrx_word' id='word_1_40' title='bbox 1414 523 1494 554; x_wconf 85' lang='lat' dir='ltr'>that</span> <span class='ocrx_word' id='word_1_41' title='bbox 1517 522 1587 554; x_wconf 87' lang='lat' dir='ltr'>this</span> <span class='ocrx_word' id='word_1_42' title='bbox 1609 522 1743 555; x_wconf 76' lang='lat' dir='ltr'>edition</span> 
     </span>
     <span class='ocr_line' id='line_1_7' title="bbox 148 566 648 608; baseline 0 -10"><span class='ocrx_word' id='word_1_43' title='bbox 148 567 322 599; x_wconf 74' lang='lat' dir='ltr'>consisted</span> <span class='ocrx_word' id='word_1_44' title='bbox 338 567 374 600; x_wconf 85' lang='lat' dir='ltr'>of</span> <span class='ocrx_word' id='word_1_45' title='bbox 390 576 491 608; x_wconf 87' lang='lat'>3,000</span> <span class='ocrx_word' id='word_1_46' title='bbox 506 566 648 608; x_wconf 73' lang='lat' dir='ltr'>copies]</span> 
     </span>
    </p>
   </div>
   <div class='ocr_carea' id='block_1_4' title="bbox 338 659 1558 692">
    <p class='ocr_par' dir='ltr' id='par_1_4' title="bbox 338 659 1558 692">
     <span class='ocr_line' id='line_1_8' title="bbox 338 659 1558 692; baseline -0.002 0"><span class='ocrx_word' id='word_1_47' title='bbox 338 661 553 692; x_wconf 83' lang='lat' dir='ltr'>ERASMVS</span> <span class='ocrx_word' id='word_1_48' title='bbox 586 661 809 691; x_wconf 85' lang='lat' dir='ltr'><strong>ROTEROD</strong></span> <span class='ocrx_word' id='word_1_49' title='bbox 814 659 940 689; x_wconf 89' lang='lat' dir='ltr'>AMVS</span> <span class='ocrx_word' id='word_1_50' title='bbox 973 659 1191 689; x_wconf 83' lang='lat' dir='ltr'>OANDIDO</span> <span class='ocrx_word' id='word_1_51' title='bbox 1223 659 1427 690; x_wconf 85' lang='lat' dir='ltr'>LECTORI</span> <span class='ocrx_word' id='word_1_52' title='bbox 1459 660 1495 690; x_wconf 85' lang='lat' dir='ltr'>S.</span> <span class='ocrx_word' id='word_1_53' title='bbox 1513 661 1558 691; x_wconf 91' lang='lat' dir='ltr'>D.</span> 
     </span>
    </p>
   </div>
   <div class='ocr_carea' id='block_1_5' title="bbox 148 730 1748 1760">
    <p class='ocr_par' dir='ltr' id='par_1_5' title="bbox 148 730 1748 1760">
     <span class='ocr_line' id='line_1_9' title="bbox 204 730 1743 784; baseline 0 -13"><span class='ocrx_word' id='word_1_54' title='bbox 204 731 411 771; x_wconf 75' lang='lat' dir='ltr'>HVTTENI</span> <span class='ocrx_word' id='word_1_55' title='bbox 436 731 627 771; x_wconf 80' lang='lat' dir='ltr'>decessus</span> <span class='ocrx_word' id='word_1_56' title='bbox 651 731 812 782; x_wconf 85' lang='lat' dir='ltr'>gratiae</span> <span class='ocrx_word' id='word_1_57' title='bbox 836 730 1027 769; x_wconf 91' lang='lat' dir='ltr'>nonnihil</span> <span class='ocrx_word' id='word_1_58' title='bbox 1052 730 1240 770; x_wconf 85' lang='lat' dir='ltr'>detraxit</span> <span class='ocrx_word' id='word_1_59' title='bbox 1264 735 1435 770; x_wconf 87' lang='lat' dir='ltr'>nostrae</span> <span class='ocrx_word' id='word_1_60' title='bbox 1460 731 1682 784; x_wconf 88' lang='lat' dir='ltr'>Spongiae,</span> <span class='ocrx_word' id='word_1_61' title='bbox 1709 733 1743 771; x_wconf 91' lang='lat' dir='ltr'>si</span> 
     </span>
     <span class='ocr_line' id='line_1_10' title="bbox 150 784 1742 837; baseline 0.001 -13"><span class='ocrx_word' id='word_1_62' title='bbox 150 790 295 826; x_wconf 88' lang='lat' dir='ltr'>tamen</span> <span class='ocrx_word' id='word_1_63' title='bbox 321 785 561 826; x_wconf 88' lang='lat' dir='ltr'>huiusmodi</span> <span class='ocrx_word' id='word_1_64' title='bbox 586 785 822 824; x_wconf 80' lang='lat' dir='ltr'>libellorum</span> <span class='ocrx_word' id='word_1_65' title='bbox 849 784 935 823; x_wconf 85' lang='lat' dir='ltr'>vlla</span> <span class='ocrx_word' id='word_1_66' title='bbox 961 788 1026 824; x_wconf 89' lang='lat' dir='ltr'>est</span> <span class='ocrx_word' id='word_1_67' title='bbox 1052 785 1201 836; x_wconf 86' lang='lat' dir='ltr'>gratia.</span> <span class='ocrx_word' id='word_1_68' title='bbox 1256 785 1368 824; x_wconf 90' lang='lat' dir='ltr'>Nam</span> <span class='ocrx_word' id='word_1_69' title='bbox 1396 786 1431 824; x_wconf 88' lang='lat' dir='ltr'>si</span> <span class='ocrx_word' id='word_1_70' title='bbox 1458 787 1742 837; x_wconf 82' lang='lat' dir='ltr'>praescissem,</span> 
     </span>
     <span class='ocr_line' id='line_1_11' title="bbox 152 839 1742 892; baseline 0 -12"><span class='ocrx_word' id='word_1_71' title='bbox 152 844 229 880; x_wconf 86' lang='lat' dir='ltr'>aut</span> <span class='ocrx_word' id='word_1_72' title='bbox 262 854 348 880; x_wconf 92' lang='lat' dir='ltr'>non</span> <span class='ocrx_word' id='word_1_73' title='bbox 384 840 690 892; x_wconf 75' lang='lat' dir='ltr'>respondissem</span> <span class='ocrx_word' id='word_1_74' title='bbox 726 843 803 878; x_wconf 89' lang='lat' dir='ltr'>aut</span> <span class='ocrx_word' id='word_1_75' title='bbox 837 839 1145 890; x_wconf 86' lang='lat' dir='ltr'>respondissem</span> <span class='ocrx_word' id='word_1_76' title='bbox 1182 839 1332 886; x_wconf 89' lang='lat' dir='ltr'>aliter;</span> <span class='ocrx_word' id='word_1_77' title='bbox 1384 853 1496 879; x_wconf 90' lang='lat' dir='ltr'>nunc</span> <span class='ocrx_word' id='word_1_78' title='bbox 1533 841 1742 892; x_wconf 84' lang='lat' dir='ltr'>quaedam</span> 
     </span>
     <span class='ocr_line' id='line_1_12' title="bbox 150 893 1743 946; baseline 0 -12"><span class='ocrx_word' id='word_1_79' title='bbox 150 895 297 934; x_wconf 88' lang='lat' dir='ltr'>insunt</span> <span class='ocrx_word' id='word_1_80' title='bbox 335 907 444 946; x_wconf 85' lang='lat' dir='ltr'>quae</span> <span class='ocrx_word' id='word_1_81' title='bbox 483 894 595 933; x_wconf 90' lang='lat' dir='ltr'>solus</span> <span class='ocrx_word' id='word_1_82' title='bbox 635 894 855 933; x_wconf 85' lang='lat' dir='ltr'>Huttenus</span> <span class='ocrx_word' id='word_1_83' title='bbox 895 897 987 932; x_wconf 90' lang='lat' dir='ltr'>erat</span> <span class='ocrx_word' id='word_1_84' title='bbox 1026 893 1329 933; x_wconf 71' lang='lat' dir='ltr'>intellecturus.</span> <span class='ocrx_word' id='word_1_85' title='bbox 1399 893 1476 934; x_wconf 84' lang='lat' dir='ltr'>Cui</span> <span class='ocrx_word' id='word_1_86' title='bbox 1515 894 1743 946; x_wconf 83' lang='lat' dir='ltr'>Spongiam</span> 
     </span>
     <span class='ocr_line' id='line_1_13' title="bbox 151 947 1742 1000; baseline 0 -12"><span class='ocrx_word' id='word_1_87' title='bbox 151 948 339 988; x_wconf 88' lang='lat' dir='ltr'>nondum</span> <span class='ocrx_word' id='word_1_88' title='bbox 355 949 536 988; x_wconf 89' lang='lat' dir='ltr'>arbitror</span> <span class='ocrx_word' id='word_1_89' title='bbox 551 948 678 988; x_wconf 85' lang='lat' dir='ltr'>fuisse</span> <span class='ocrx_word' id='word_1_90' title='bbox 693 948 922 1000; x_wconf 73' lang='lat' dir='ltr'>perlectam</span> <span class='ocrx_word' id='word_1_91' title='bbox 943 961 951 986; x_wconf 91' lang='lat'>:</span> <span class='ocrx_word' id='word_1_92' title='bbox 984 947 1100 999; x_wconf 91' lang='lat' dir='ltr'>quod</span> <span class='ocrx_word' id='word_1_93' title='bbox 1114 951 1261 987; x_wconf 90' lang='lat' dir='ltr'>tamen</span> <span class='ocrx_word' id='word_1_94' title='bbox 1276 947 1538 988; x_wconf 89' lang='lat' dir='ltr'>affirmauere</span> <span class='ocrx_word' id='word_1_95' title='bbox 1554 949 1742 1000; x_wconf 89' lang='lat' dir='ltr'>quidam,</span> 
     </span>
     <span class='ocr_line' id='line_1_14' title="bbox 150 1001 1745 1055; baseline 0.001 -13"><span class='ocrx_word' id='word_1_96' title='bbox 150 1003 358 1054; x_wconf 89' lang='lat' dir='ltr'>siquidem</span> <span class='ocrx_word' id='word_1_97' title='bbox 381 1003 599 1043; x_wconf 90' lang='lat' dir='ltr'>Huttenus</span> <span class='ocrx_word' id='word_1_98' title='bbox 621 1003 747 1054; x_wconf 89' lang='lat' dir='ltr'>periit</span> <span class='ocrx_word' id='word_1_99' title='bbox 769 1002 970 1054; x_wconf 83' lang='lat' dir='ltr'>vigesimo</span> <span class='ocrx_word' id='word_1_100' title='bbox 994 1015 1106 1041; x_wconf 88' lang='lat' dir='ltr'>nono</span> <span class='ocrx_word' id='word_1_101' title='bbox 1129 1001 1196 1041; x_wconf 90' lang='lat' dir='ltr'>die</span> <span class='ocrx_word' id='word_1_102' title='bbox 1219 1003 1374 1042; x_wconf 87' lang='lat' dir='ltr'>mensis</span> <span class='ocrx_word' id='word_1_103' title='bbox 1395 1002 1590 1055; x_wconf 83' lang='lat' dir='ltr'>Augusti,</span> <span class='ocrx_word' id='word_1_104' title='bbox 1616 1007 1745 1055; x_wconf 89' lang='lat' dir='ltr'>atque</span> 
     </span>
     <span class='ocr_line' id='line_1_15' title="bbox 150 1056 1743 1108; baseline 0.001 -12"><span class='ocrx_word' id='word_1_105' title='bbox 150 1057 297 1096; x_wconf 91' lang='lat' dir='ltr'>eodem</span> <span class='ocrx_word' id='word_1_106' title='bbox 329 1057 459 1097; x_wconf 85' lang='lat' dir='ltr'>ferme</span> <span class='ocrx_word' id='word_1_107' title='bbox 490 1061 680 1108; x_wconf 90' lang='lat' dir='ltr'>tempore</span> <span class='ocrx_word' id='word_1_108' title='bbox 711 1056 944 1096; x_wconf 88' lang='lat' dir='ltr'>Frobenius</span> <span class='ocrx_word' id='word_1_109' title='bbox 976 1056 1205 1108; x_wconf 84' lang='lat' dir='ltr'>Spongiam</span> <span class='ocrx_word' id='word_1_110' title='bbox 1236 1056 1348 1096; x_wconf 87' lang='lat' dir='ltr'>finiit</span> <span class='ocrx_word' id='word_1_111' title='bbox 1377 1069 1462 1108; x_wconf 92' lang='lat' dir='ltr'>quo</span> <span class='ocrx_word' id='word_1_112' title='bbox 1494 1057 1562 1096; x_wconf 91' lang='lat' dir='ltr'>ille</span> <span class='ocrx_word' id='word_1_113' title='bbox 1594 1058 1743 1097; x_wconf 86' lang='lat' dir='ltr'>vitam.</span> 
     </span>
     <span class='ocr_line' id='line_1_16' title="bbox 150 1110 1744 1163; baseline -0.001 -12"><span class='ocrx_word' id='word_1_114' title='bbox 150 1111 292 1163; x_wconf 89' lang='lat' dir='ltr'>Atque</span> <span class='ocrx_word' id='word_1_115' title='bbox 321 1113 486 1151; x_wconf 81' lang='lat' dir='ltr'>vtinam</span> <span class='ocrx_word' id='word_1_116' title='bbox 516 1125 640 1159; x_wconf 87' lang='lat' dir='ltr'>mors,</span> <span class='ocrx_word' id='word_1_117' title='bbox 672 1111 1033 1163; x_wconf 89' lang='lat' dir='ltr'>quemadmodum</span> <span class='ocrx_word' id='word_1_118' title='bbox 1063 1110 1259 1150; x_wconf 89' lang='lat' dir='ltr'>Hutteno</span> <span class='ocrx_word' id='word_1_119' title='bbox 1289 1112 1469 1163; x_wconf 90' lang='lat' dir='ltr'>contigit</span> <span class='ocrx_word' id='word_1_120' title='bbox 1498 1112 1601 1151; x_wconf 89' lang='lat' dir='ltr'>satis</span> <span class='ocrx_word' id='word_1_121' title='bbox 1630 1111 1744 1159; x_wconf 78' lang='lat' dir='ltr'>felix,</span> 
     </span>
     <span class='ocr_line' id='line_1_17' title="bbox 149 1165 1747 1218; baseline 0 -13"><span class='ocrx_word' id='word_1_122' title='bbox 149 1167 306 1217; x_wconf 77' lang='lat' dir='ltr'>quippe</span> <span class='ocrx_word' id='word_1_123' title='bbox 328 1180 437 1218; x_wconf 88' lang='lat' dir='ltr'>quae</span> <span class='ocrx_word' id='word_1_124' title='bbox 460 1166 658 1205; x_wconf 90' lang='lat' dir='ltr'>miserum</span> <span class='ocrx_word' id='word_1_125' title='bbox 680 1170 749 1205; x_wconf 86' lang='lat' dir='ltr'>tot</span> <span class='ocrx_word' id='word_1_126' title='bbox 770 1165 891 1204; x_wconf 90' lang='lat' dir='ltr'>malis</span> <span class='ocrx_word' id='word_1_127' title='bbox 913 1165 980 1204; x_wconf 84' lang='lat' dir='ltr'>vel</span> <span class='ocrx_word' id='word_1_128' title='bbox 1002 1165 1159 1204; x_wconf 82' lang='lat' dir='ltr'>exemit</span> <span class='ocrx_word' id='word_1_129' title='bbox 1181 1165 1429 1217; x_wconf 83' lang='lat' dir='ltr'>vrgentibus</span> <span class='ocrx_word' id='word_1_130' title='bbox 1452 1165 1519 1205; x_wconf 85' lang='lat' dir='ltr'>vel</span> <span class='ocrx_word' id='word_1_131' title='bbox 1540 1166 1747 1205; x_wconf 83' lang='lat' dir='ltr'>subduxit</span> 
     </span>
     <span class='ocr_line' id='line_1_18' title="bbox 149 1220 1745 1272; baseline 0 -13"><span class='ocrx_word' id='word_1_132' title='bbox 149 1220 481 1267; x_wconf 86' lang='lat' dir='ltr'>imminentibus,</span> <span class='ocrx_word' id='word_1_133' title='bbox 511 1221 574 1259; x_wconf 90' lang='lat' dir='ltr'>ita</span> <span class='ocrx_word' id='word_1_134' title='bbox 603 1221 847 1272; x_wconf 81' lang='lat' dir='ltr'>contigisset</span> <span class='ocrx_word' id='word_1_135' title='bbox 876 1220 1095 1271; x_wconf 90' lang='lat' dir='ltr'>aliquanto</span> <span class='ocrx_word' id='word_1_136' title='bbox 1125 1220 1358 1259; x_wconf 86' lang='lat' dir='ltr'>maturior!</span> <span class='ocrx_word' id='word_1_137' title='bbox 1405 1220 1602 1260; x_wconf 74' lang='lat' dir='ltr'>videficet</span> <span class='ocrx_word' id='word_1_138' title='bbox 1630 1221 1745 1272; x_wconf 85' lang='lat' dir='ltr'>prius</span> 
     </span>
     <span class='ocr_line' id='line_1_19' title="bbox 149 1274 1745 1326; baseline 0 -12"><span class='ocrx_word' id='word_1_139' title='bbox 149 1287 278 1326; x_wconf 90' lang='lat' dir='ltr'>quam</span> <span class='ocrx_word' id='word_1_140' title='bbox 299 1275 381 1314; x_wconf 90' lang='lat' dir='ltr'>huc</span> <span class='ocrx_word' id='word_1_141' title='bbox 403 1275 613 1314; x_wconf 87' lang='lat' dir='ltr'>amentiae</span> <span class='ocrx_word' id='word_1_142' title='bbox 634 1274 885 1321; x_wconf 89' lang='lat' dir='ltr'>deuenisset‚</span> <span class='ocrx_word' id='word_1_143' title='bbox 907 1278 957 1313; x_wconf 85' lang='lat' dir='ltr'>vt</span> <span class='ocrx_word' id='word_1_144' title='bbox 976 1274 1115 1313; x_wconf 88' lang='lat' dir='ltr'>libello</span> <span class='ocrx_word' id='word_1_145' title='bbox 1137 1278 1227 1313; x_wconf 90' lang='lat' dir='ltr'>tam</span> <span class='ocrx_word' id='word_1_146' title='bbox 1249 1274 1553 1325; x_wconf 89' lang='lat' dir='ltr'>sycophantico</span> <span class='ocrx_word' id='word_1_147' title='bbox 1574 1279 1745 1314; x_wconf 89' lang='lat' dir='ltr'>tantum</span> 
     </span>
     <span class='ocr_line' id='line_1_20' title="bbox 148 1328 1745 1379; baseline -0.001 -11"><span class='ocrx_word' id='word_1_148' title='bbox 148 1328 333 1368; x_wconf 89' lang='lat' dir='ltr'>inuidiae</span> <span class='ocrx_word' id='word_1_149' title='bbox 352 1333 608 1379; x_wconf 88' lang='lat' dir='ltr'>tantumque</span> <span class='ocrx_word' id='word_1_150' title='bbox 628 1329 736 1367; x_wconf 90' lang='lat' dir='ltr'>labis</span> <span class='ocrx_word' id='word_1_151' title='bbox 755 1328 997 1367; x_wconf 87' lang='lat' dir='ltr'>conciliaret</span> <span class='ocrx_word' id='word_1_152' title='bbox 1017 1332 1110 1367; x_wconf 87' lang='lat' dir='ltr'>tum</span> <span class='ocrx_word' id='word_1_153' title='bbox 1130 1328 1210 1366; x_wconf 88' lang='lat' dir='ltr'>sibi</span> <span class='ocrx_word' id='word_1_154' title='bbox 1230 1332 1324 1366; x_wconf 91' lang='lat' dir='ltr'>tum</span> <span class='ocrx_word' id='word_1_155' title='bbox 1346 1329 1467 1367; x_wconf 90' lang='lat' dir='ltr'>bonis</span> <span class='ocrx_word' id='word_1_156' title='bbox 1486 1329 1631 1376; x_wconf 78' lang='lat' dir='ltr'>literis,</span> <span class='ocrx_word' id='word_1_157' title='bbox 1652 1333 1745 1369; x_wconf 86' lang='lat' dir='ltr'>tum</span> 
     </span>
     <span class='ocr_line' id='line_1_21' title="bbox 148 1382 1747 1434; baseline 0 -12"><span class='ocrx_word' id='word_1_158' title='bbox 148 1383 319 1434; x_wconf 90' lang='lat' dir='ltr'>negocio</span> <span class='ocrx_word' id='word_1_159' title='bbox 349 1382 617 1434; x_wconf 89' lang='lat' dir='ltr'>Euangelico,</span> <span class='ocrx_word' id='word_1_160' title='bbox 656 1386 751 1421; x_wconf 89' lang='lat' dir='ltr'>tum</span> <span class='ocrx_word' id='word_1_161' title='bbox 790 1382 1039 1421; x_wconf 83' lang='lat' dir='ltr'>Germanico</span> <span class='ocrx_word' id='word_1_162' title='bbox 1078 1382 1258 1433; x_wconf 88' lang='lat' dir='ltr'>denique</span> <span class='ocrx_word' id='word_1_163' title='bbox 1297 1383 1486 1421; x_wconf 91' lang='lat' dir='ltr'>nomini:</span> <span class='ocrx_word' id='word_1_164' title='bbox 1540 1396 1641 1422; x_wconf 88' lang='lat' dir='ltr'>nam</span> <span class='ocrx_word' id='word_1_165' title='bbox 1680 1383 1747 1422; x_wconf 92' lang='lat' dir='ltr'>hic</span> 
     </span>
     <span class='ocr_line' id='line_1_22' title="bbox 150 1435 1747 1488; baseline 0 -12"><span class='ocrx_word' id='word_1_166' title='bbox 150 1437 325 1476; x_wconf 90' lang='lat' dir='ltr'>minima</span> <span class='ocrx_word' id='word_1_167' title='bbox 348 1436 556 1476; x_wconf 84' lang='lat' dir='ltr'>malorum</span> <span class='ocrx_word' id='word_1_168' title='bbox 581 1437 720 1488; x_wconf 87' lang='lat' dir='ltr'>portio</span> <span class='ocrx_word' id='word_1_169' title='bbox 745 1436 856 1476; x_wconf 90' lang='lat' dir='ltr'>redit</span> <span class='ocrx_word' id='word_1_170' title='bbox 880 1436 936 1475; x_wconf 90' lang='lat' dir='ltr'>ad</span> <span class='ocrx_word' id='word_1_171' title='bbox 960 1449 1040 1475; x_wconf 91' lang='lat' dir='ltr'>me.</span> <span class='ocrx_word' id='word_1_172' title='bbox 1096 1435 1350 1487; x_wconf 81' lang='lat' dir='ltr'>Quanquam</span> <span class='ocrx_word' id='word_1_173' title='bbox 1375 1437 1411 1475; x_wconf 91' lang='lat' dir='ltr'>si</span> <span class='ocrx_word' id='word_1_174' title='bbox 1434 1437 1560 1476; x_wconf 88' lang='lat' dir='ltr'>rectis</span> <span class='ocrx_word' id='word_1_175' title='bbox 1583 1437 1747 1476; x_wconf 87' lang='lat' dir='ltr'>iudiciis</span> 
     </span>
     <span class='ocr_line' id='line_1_23' title="bbox 150 1490 1748 1542; baseline 0 -12"><span class='ocrx_word' id='word_1_176' title='bbox 150 1491 339 1530; x_wconf 89' lang='lat' dir='ltr'>homines</span> <span class='ocrx_word' id='word_1_177' title='bbox 364 1490 630 1538; x_wconf 86' lang='lat' dir='ltr'>ducerentur,</span> <span class='ocrx_word' id='word_1_178' title='bbox 657 1504 744 1530; x_wconf 90' lang='lat' dir='ltr'>non</span> <span class='ocrx_word' id='word_1_179' title='bbox 768 1503 952 1542; x_wconf 90' lang='lat' dir='ltr'>aequum</span> <span class='ocrx_word' id='word_1_180' title='bbox 978 1494 1088 1529; x_wconf 88' lang='lat' dir='ltr'>esset</span> <span class='ocrx_word' id='word_1_181' title='bbox 1112 1503 1357 1542; x_wconf 89' lang='lat' dir='ltr'>quenquam</span> <span class='ocrx_word' id='word_1_182' title='bbox 1381 1491 1633 1542; x_wconf 82' lang='lat' dir='ltr'>iniquiorem</span> <span class='ocrx_word' id='word_1_183' title='bbox 1658 1490 1748 1531; x_wconf 89' lang='lat' dir='ltr'>fieri</span> 
     </span>
     <span class='ocr_line' id='line_1_24' title="bbox 150 1545 1747 1597; baseline -0.001 -12"><span class='ocrx_word' id='word_1_184' title='bbox 150 1546 270 1585; x_wconf 89' lang='lat' dir='ltr'>bonis</span> <span class='ocrx_word' id='word_1_185' title='bbox 288 1545 432 1593; x_wconf 88' lang='lat' dir='ltr'>literis,</span> <span class='ocrx_word' id='word_1_186' title='bbox 454 1546 489 1585; x_wconf 87' lang='lat' dir='ltr'>si</span> <span class='ocrx_word' id='word_1_187' title='bbox 508 1545 603 1597; x_wconf 90' lang='lat' dir='ltr'>quis</span> <span class='ocrx_word' id='word_1_188' title='bbox 623 1545 769 1585; x_wconf 85' lang='lat' dir='ltr'>extitit</span> <span class='ocrx_word' id='word_1_189' title='bbox 788 1545 862 1596; x_wconf 89' lang='lat' dir='ltr'>qui</span> <span class='ocrx_word' id='word_1_190' title='bbox 881 1545 946 1584; x_wconf 89' lang='lat' dir='ltr'>his</span> <span class='ocrx_word' id='word_1_191' title='bbox 965 1558 1160 1596; x_wconf 89' lang='lat' dir='ltr'>peruerse</span> <span class='ocrx_word' id='word_1_192' title='bbox 1180 1549 1329 1584; x_wconf 83' lang='lat' dir='ltr'>Vtatur</span> <span class='ocrx_word' id='word_1_193' title='bbox 1349 1558 1357 1584; x_wconf 75' lang='grc' dir='ltr'>ε</span> <span class='ocrx_word' id='word_1_194' title='bbox 1394 1558 1470 1585; x_wconf 90' lang='lat' dir='ltr'>nec</span> <span class='ocrx_word' id='word_1_195' title='bbox 1491 1545 1747 1597; x_wconf 88' lang='lat' dir='ltr'>Euangelieo</span> 
     </span>
     <span class='ocr_line' id='line_1_25' title="bbox 150 1599 1747 1651; baseline -0.001 -12"><span class='ocrx_word' id='word_1_196' title='bbox 150 1601 335 1651; x_wconf 88' lang='lat' dir='ltr'>negocio,</span> <span class='ocrx_word' id='word_1_197' title='bbox 371 1600 439 1639; x_wconf 90' lang='lat' dir='ltr'>cui</span> <span class='ocrx_word' id='word_1_198' title='bbox 473 1613 562 1639; x_wconf 88' lang='lat' dir='ltr'>sese</span> <span class='ocrx_word' id='word_1_199' title='bbox 596 1599 817 1639; x_wconf 89' lang='lat' dir='ltr'>Huttenus</span> <span class='ocrx_word' id='word_1_200' title='bbox 849 1599 1120 1651; x_wconf 85' lang='lat' dir='ltr'>impudenter</span> <span class='ocrx_word' id='word_1_201' title='bbox 1153 1600 1340 1651; x_wconf 86' lang='lat' dir='ltr'>ingessit,</span> <span class='ocrx_word' id='word_1_202' title='bbox 1376 1612 1510 1651; x_wconf 89' lang='lat' dir='ltr'>quum</span> <span class='ocrx_word' id='word_1_203' title='bbox 1544 1600 1662 1639; x_wconf 91' lang='lat' dir='ltr'>illum</span> <span class='ocrx_word' id='word_1_204' title='bbox 1698 1605 1747 1639; x_wconf 77' lang='lat' dir='ltr'>vt</span> 
     </span>
     <span class='ocr_line' id='line_1_26' title="bbox 150 1653 1746 1701; baseline -0.001 -8"><span class='ocrx_word' id='word_1_205' title='bbox 150 1655 316 1694; x_wconf 89' lang='lat' dir='ltr'>hostem</span> <span class='ocrx_word' id='word_1_206' title='bbox 361 1667 460 1693; x_wconf 88' lang='lat' dir='ltr'>suae</span> <span class='ocrx_word' id='word_1_207' title='bbox 505 1667 657 1694; x_wconf 88' lang='lat' dir='ltr'>causae</span> <span class='ocrx_word' id='word_1_208' title='bbox 702 1658 969 1693; x_wconf 87' lang='lat' dir='ltr'>auersaretur</span> <span class='ocrx_word' id='word_1_209' title='bbox 1012 1654 1143 1693; x_wconf 87' lang='lat' dir='ltr'>etiam</span> <span class='ocrx_word' id='word_1_210' title='bbox 1188 1653 1400 1693; x_wconf 88' lang='lat' dir='ltr'>Lutherus</span> <span class='ocrx_word' id='word_1_211' title='bbox 1420 1667 1428 1701; x_wconf 87' lang='lat'>;</span> <span class='ocrx_word' id='word_1_212' title='bbox 1474 1654 1610 1694; x_wconf 89' lang='lat' dir='ltr'>multo</span> <span class='ocrx_word' id='word_1_213' title='bbox 1647 1668 1746 1694; x_wconf 84' lang='lat' dir='ltr'>vero</span> 
     </span>
     <span class='ocr_line' id='line_1_27' title="bbox 149 1708 1747 1760; baseline -0.003 -12"><span class='ocrx_word' id='word_1_214' title='bbox 149 1709 333 1760; x_wconf 88' lang='lat' dir='ltr'>iniquius</span> <span class='ocrx_word' id='word_1_215' title='bbox 360 1723 411 1748; x_wconf 81' lang='lat' dir='ltr'>ex</span> <span class='ocrx_word' id='word_1_216' title='bbox 439 1709 563 1748; x_wconf 86' lang='lat' dir='ltr'>vnius</span> <span class='ocrx_word' id='word_1_217' title='bbox 590 1709 695 1748; x_wconf 89' lang='lat' dir='ltr'>vitio</span> <span class='ocrx_word' id='word_1_218' title='bbox 722 1709 856 1748; x_wconf 90' lang='lat' dir='ltr'>totius</span> <span class='ocrx_word' id='word_1_219' title='bbox 883 1709 1019 1759; x_wconf 89' lang='lat' dir='ltr'>gentis</span> <span class='ocrx_word' id='word_1_220' title='bbox 1045 1709 1260 1759; x_wconf 85' lang='lat' dir='ltr'>ingenium</span> <span class='ocrx_word' id='word_1_221' title='bbox 1288 1708 1524 1747; x_wconf 88' lang='lat' dir='ltr'>aestimare.</span> <span class='ocrx_word' id='word_1_222' title='bbox 1580 1708 1747 1748; x_wconf 63' lang='lat' dir='ltr'>Habuit„</span> 
     </span>
    </p>
   </div>
   <div class='ocr_carea' id='block_1_6' title="bbox 148 1762 1783 1814">
    <p class='ocr_par' dir='ltr' id='par_1_6' title="bbox 148 1762 1783 1814">
     <span class='ocr_line' id='line_1_28' title="bbox 148 1762 1783 1814; baseline -0.002 -11"><span class='ocrx_word' id='word_1_223' title='bbox 148 1763 323 1814; x_wconf 81' lang='lat' dir='ltr'>Scythia</span> <span class='ocrx_word' id='word_1_224' title='bbox 345 1776 468 1802; x_wconf 89' lang='lat' dir='ltr'>suum</span> <span class='ocrx_word' id='word_1_225' title='bbox 490 1763 834 1810; x_wconf 88' lang='lat' dir='ltr'>Anacharsidem,</span> <span class='ocrx_word' id='word_1_226' title='bbox 858 1767 901 1802; x_wconf 88' lang='lat' dir='ltr'>et</span> <span class='ocrx_word' id='word_1_227' title='bbox 923 1763 1080 1801; x_wconf 91' lang='lat' dir='ltr'>multos</span> <span class='ocrx_word' id='word_1_228' title='bbox 1102 1762 1253 1801; x_wconf 88' lang='lat' dir='ltr'>bliteos</span> <span class='ocrx_word' id='word_1_229' title='bbox 1282 1767 1518 1814; x_wconf 90' lang='lat' dir='ltr'>genuerunt</span> <span class='ocrx_word' id='word_1_230' title='bbox 1538 1763 1745 1802; x_wconf 87' lang='lat' dir='ltr'>Athenae.</span> <span class='ocrx_word' id='word_1_231' title='bbox 1768 1785 1783 1806; x_wconf 82' lang='lat'><em>2</em></span> 
     </span>
    </p>
   </div>
   <div class='ocr_carea' id='block_1_7' title="bbox 149 1816 1749 2030">
    <p class='ocr_par' dir='ltr' id='par_1_7' title="bbox 149 1816 1749 2030">
     <span class='ocr_line' id='line_1_29' title="bbox 149 1816 1747 1868; baseline 0 -12"><span class='ocrx_word' id='word_1_232' title='bbox 149 1817 215 1856; x_wconf 91' lang='lat' dir='ltr'>Ab</span> <span class='ocrx_word' id='word_1_233' title='bbox 246 1817 325 1856; x_wconf 90' lang='lat' dir='ltr'>hoc</span> <span class='ocrx_word' id='word_1_234' title='bbox 356 1830 456 1856; x_wconf 89' lang='lat' dir='ltr'>sane</span> <span class='ocrx_word' id='word_1_235' title='bbox 487 1817 689 1856; x_wconf 91' lang='lat' dir='ltr'>dedecore</span> <span class='ocrx_word' id='word_1_236' title='bbox 719 1821 888 1868; x_wconf 86' lang='lat' dir='ltr'>praeter</span> <span class='ocrx_word' id='word_1_237' title='bbox 917 1829 1086 1856; x_wconf 88' lang='lat' dir='ltr'>omnem</span> <span class='ocrx_word' id='word_1_238' title='bbox 1118 1829 1289 1855; x_wconf 90' lang='lat' dir='ltr'>causam</span> <span class='ocrx_word' id='word_1_239' title='bbox 1321 1816 1505 1855; x_wconf 81' lang='lat' dir='ltr'>violatae</span> <span class='ocrx_word' id='word_1_240' title='bbox 1537 1817 1747 1856; x_wconf 83' lang='lat' dir='ltr'>amicitia-e</span> 
     </span>
     <span class='ocr_line' id='line_1_30' title="bbox 150 1870 1746 1922; baseline 0 -12"><span class='ocrx_word' id='word_1_241' title='bbox 150 1871 428 1911; x_wconf 83' lang='lat' dir='ltr'>vindicassem</span> <span class='ocrx_word' id='word_1_242' title='bbox 454 1872 651 1918; x_wconf 90' lang='lat' dir='ltr'>amicum,</span> <span class='ocrx_word' id='word_1_243' title='bbox 677 1872 757 1910; x_wconf 90' lang='lat' dir='ltr'>nisi</span> <span class='ocrx_word' id='word_1_244' title='bbox 781 1870 956 1922; x_wconf 89' lang='lat' dir='ltr'>quidam</span> <span class='ocrx_word' id='word_1_245' title='bbox 982 1871 1112 1910; x_wconf 87' lang='lat' dir='ltr'>etiam</span> <span class='ocrx_word' id='word_1_246' title='bbox 1137 1871 1279 1910; x_wconf 89' lang='lat' dir='ltr'>studio</span> <span class='ocrx_word' id='word_1_247' title='bbox 1305 1875 1523 1910; x_wconf 88' lang='lat' dir='ltr'>curassent</span> <span class='ocrx_word' id='word_1_248' title='bbox 1546 1885 1599 1910; x_wconf 91' lang='lat' dir='ltr'>ne</span> <span class='ocrx_word' id='word_1_249' title='bbox 1624 1871 1746 1910; x_wconf 90' lang='lat' dir='ltr'>collo-</span> 
     </span>
     <span class='ocr_line' id='line_1_31' title="bbox 149 1924 1749 1978; baseline 0 -13"><span class='ocrx_word' id='word_1_250' title='bbox 149 1939 385 1978; x_wconf 89' lang='lat' dir='ltr'>queremur.</span> <span class='ocrx_word' id='word_1_251' title='bbox 439 1925 564 1965; x_wconf 91' lang='lat' dir='ltr'>Nunc</span> <span class='ocrx_word' id='word_1_252' title='bbox 588 1925 693 1964; x_wconf 89' lang='lat' dir='ltr'>illud</span> <span class='ocrx_word' id='word_1_253' title='bbox 719 1930 830 1965; x_wconf 88' lang='lat' dir='ltr'>certe</span> <span class='ocrx_word' id='word_1_254' title='bbox 856 1925 959 1964; x_wconf 90' lang='lat' dir='ltr'>mihi</span> <span class='ocrx_word' id='word_1_255' title='bbox 985 1925 1185 1976; x_wconf 78' lang='lat' dir='ltr'>gratulor,</span> <span class='ocrx_word' id='word_1_256' title='bbox 1213 1924 1329 1976; x_wconf 85' lang='lat' dir='ltr'>qued</span> <span class='ocrx_word' id='word_1_257' title='bbox 1354 1925 1559 1964; x_wconf 90' lang='lat' dir='ltr'>hactenus</span> <span class='ocrx_word' id='word_1_258' title='bbox 1584 1925 1749 1965; x_wconf 89' lang='lat' dir='ltr'>licuerit</span> 
     </span>
     <span class='ocr_line' id='line_1_32' title="bbox 149 1978 1747 2030; baseline -0.001 -10"><span class='ocrx_word' id='word_1_259' title='bbox 149 1980 259 2020; x_wconf 89' lang='lat' dir='ltr'>tueri</span> <span class='ocrx_word' id='word_1_260' title='bbox 279 1984 467 2019; x_wconf 83' lang='lat' dir='ltr'>veterem</span> <span class='ocrx_word' id='word_1_261' title='bbox 486 1980 602 2018; x_wconf 82' lang='lat' dir='ltr'>illam</span> <span class='ocrx_word' id='word_1_262' title='bbox 624 1993 762 2019; x_wconf 87' lang='lat' dir='ltr'>meam</span> <span class='ocrx_word' id='word_1_263' title='bbox 790 1980 835 2018; x_wconf 94' lang='lat' dir='ltr'>in</span> <span class='ocrx_word' id='word_1_264' title='bbox 862 1978 1155 2030; x_wconf 87' lang='lat' dir='ltr'>respondendo</span> <span class='ocrx_word' id='word_1_265' title='bbox 1177 1979 1525 2018; x_wconf 86' lang='lat' dir='ltr'>moderationem.</span> <span class='ocrx_word' id='word_1_266' title='bbox 1576 1980 1747 2018; x_wconf 87' lang='lat' dir='ltr'>Etenim</span> 
     </span>
    </p>
   </div>
   <div class='ocr_carea' id='block_1_8' title="bbox 150 2033 1805 2086">
    <p class='ocr_par' dir='ltr' id='par_1_8' title="bbox 150 2033 1805 2086">
     <span class='ocr_line' id='line_1_33' title="bbox 150 2033 1805 2086; baseline -0.001 -12"><span class='ocrx_word' id='word_1_267' title='bbox 150 2036 185 2074; x_wconf 88' lang='lat' dir='ltr'>si</span> <span class='ocrx_word' id='word_1_268' title='bbox 214 2048 281 2074; x_wconf 90' lang='lat' dir='ltr'>me</span> <span class='ocrx_word' id='word_1_269' title='bbox 308 2035 529 2074; x_wconf 87' lang='lat' dir='ltr'>Huttenus</span> <span class='ocrx_word' id='word_1_270' title='bbox 555 2034 948 2086; x_wconf 68' lang='lat' dir='ltr'>repetisset—quod</span> <span class='ocrx_word' id='word_1_271' title='bbox 976 2033 1168 2073; x_wconf 84' lang='lat' dir='ltr'>facturus</span> <span class='ocrx_word' id='word_1_272' title='bbox 1193 2038 1299 2081; x_wconf 88' lang='lat' dir='ltr'>erat,</span> <span class='ocrx_word' id='word_1_273' title='bbox 1319 2035 1480 2085; x_wconf 86' lang='lat' dir='ltr'>opinor,</span> <span class='ocrx_word' id='word_1_274' title='bbox 1500 2035 1534 2074; x_wconf 91' lang='lat' dir='ltr'>si</span> <span class='ocrx_word' id='word_1_275' title='bbox 1557 2036 1747 2081; x_wconf 84' lang='lat' dir='ltr'>vixisset,</span> <span class='ocrx_word' id='word_1_276' title='bbox 1794 2055 1805 2061; x_wconf 90' lang='lat'><em>-</em></span> 
     </span>
    </p>
   </div>
   <div class='ocr_carea' id='block_1_9' title="bbox 149 2088 1750 2790">
    <p class='ocr_par' dir='ltr' id='par_1_9' title="bbox 149 2088 1748 2249">
     <span class='ocr_line' id='line_1_34' title="bbox 151 2088 1748 2140; baseline -0.001 -12"><span class='ocrx_word' id='word_1_277' title='bbox 151 2089 219 2128; x_wconf 86' lang='lat' dir='ltr'>vel</span> <span class='ocrx_word' id='word_1_278' title='bbox 250 2090 351 2140; x_wconf 88' lang='lat' dir='ltr'>quia</span> <span class='ocrx_word' id='word_1_279' title='bbox 384 2089 513 2128; x_wconf 90' lang='lat' dir='ltr'>semel</span> <span class='ocrx_word' id='word_1_280' title='bbox 545 2089 822 2140; x_wconf 86' lang='lat' dir='ltr'>perfricuerat</span> <span class='ocrx_word' id='word_1_281' title='bbox 851 2102 910 2135; x_wconf 91' lang='lat' dir='ltr'>os,</span> <span class='ocrx_word' id='word_1_282' title='bbox 944 2088 1012 2127; x_wconf 85' lang='lat' dir='ltr'>vel</span> <span class='ocrx_word' id='word_1_283' title='bbox 1044 2089 1145 2140; x_wconf 91' lang='lat' dir='ltr'>quia</span> <span class='ocrx_word' id='word_1_284' title='bbox 1176 2101 1261 2127; x_wconf 91' lang='lat' dir='ltr'>non</span> <span class='ocrx_word' id='word_1_285' title='bbox 1301 2092 1423 2127; x_wconf 86' lang='lat' dir='ltr'>erant</span> <span class='ocrx_word' id='word_1_286' title='bbox 1455 2088 1643 2128; x_wconf 86' lang='lat' dir='ltr'>defuturi</span> <span class='ocrx_word' id='word_1_287' title='bbox 1676 2090 1748 2140; x_wconf 89' lang='lat' dir='ltr'>qui</span> 
     </span>
     <span class='ocr_line' id='line_1_35' title="bbox 149 2143 1748 2195; baseline 0 -13"><span class='ocrx_word' id='word_1_288' title='bbox 149 2143 402 2194; x_wconf 89' lang='lat' dir='ltr'>plaustrum,</span> <span class='ocrx_word' id='word_1_289' title='bbox 420 2143 535 2194; x_wconf 91' lang='lat' dir='ltr'>quod</span> <span class='ocrx_word' id='word_1_290' title='bbox 551 2144 685 2189; x_wconf 87' lang='lat' dir='ltr'>aiunt,</span> <span class='ocrx_word' id='word_1_291' title='bbox 705 2143 1045 2195; x_wconf 86' lang='lat' dir='ltr'>percellerent—,</span> <span class='ocrx_word' id='word_1_292' title='bbox 1063 2144 1261 2182; x_wconf 90' lang='lat' dir='ltr'>sensisset</span> <span class='ocrx_word' id='word_1_293' title='bbox 1276 2156 1415 2182; x_wconf 90' lang='lat' dir='ltr'>meam</span> <span class='ocrx_word' id='word_1_294' title='bbox 1433 2144 1748 2194; x_wconf 87' lang='lat' dir='ltr'>responsionem</span> 
     </span>
     <span class='ocr_line' id='line_1_36' title="bbox 152 2197 1062 2249; baseline 0 -13"><span class='ocrx_word' id='word_1_295' title='bbox 152 2211 249 2236; x_wconf 85' lang='lat' dir='ltr'>vere</span> <span class='ocrx_word' id='word_1_296' title='bbox 266 2197 371 2236; x_wconf 88' lang='lat' dir='ltr'>nihil</span> <span class='ocrx_word' id='word_1_297' title='bbox 391 2197 506 2236; x_wconf 89' lang='lat' dir='ltr'>aliud</span> <span class='ocrx_word' id='word_1_298' title='bbox 526 2197 655 2237; x_wconf 87' lang='lat' dir='ltr'>fuisse</span> <span class='ocrx_word' id='word_1_299' title='bbox 676 2211 806 2249; x_wconf 88' lang='lat' dir='ltr'>quam</span> <span class='ocrx_word' id='word_1_300' title='bbox 828 2198 1062 2249; x_wconf 87' lang='lat' dir='ltr'>spongiam.</span> 
     </span>
    </p>

    <p class='ocr_par' dir='ltr' id='par_1_10' title="bbox 149 2251 1750 2790">
     <span class='ocr_line' id='line_1_37' title="bbox 203 2251 1748 2303; baseline -0.001 -12"><span class='ocrx_word' id='word_1_301' title='bbox 203 2252 265 2290; x_wconf 91' lang='lat' dir='ltr'>Ac</span> <span class='ocrx_word' id='word_1_302' title='bbox 294 2264 368 2303; x_wconf 87' lang='lat' dir='ltr'>per</span> <span class='ocrx_word' id='word_1_303' title='bbox 396 2265 463 2291; x_wconf 90' lang='lat' dir='ltr'>me</span> <span class='ocrx_word' id='word_1_304' title='bbox 492 2252 664 2303; x_wconf 91' lang='lat' dir='ltr'>quidem</span> <span class='ocrx_word' id='word_1_305' title='bbox 694 2252 879 2291; x_wconf 84' lang='lat' dir='ltr'>Hutteni</span> <span class='ocrx_word' id='word_1_306' title='bbox 908 2265 1054 2291; x_wconf 89' lang='lat' dir='ltr'>manes</span> <span class='ocrx_word' id='word_1_307' title='bbox 1083 2251 1247 2303; x_wconf 86' lang='lat' dir='ltr'>placide</span> <span class='ocrx_word' id='word_1_308' title='bbox 1276 2253 1508 2302; x_wconf 87' lang='lat' dir='ltr'>quiescent,</span> <span class='ocrx_word' id='word_1_309' title='bbox 1539 2251 1667 2290; x_wconf 90' lang='lat' dir='ltr'>modo</span> <span class='ocrx_word' id='word_1_310' title='bbox 1696 2265 1748 2290; x_wconf 87' lang='lat' dir='ltr'>ne</span> 
     </span>
     <span class='ocr_line' id='line_1_38' title="bbox 150 2306 1749 2358; baseline -0.001 -13"><span class='ocrx_word' id='word_1_311' title='bbox 150 2306 379 2358; x_wconf 89' lang='lat' dir='ltr'>posthumo</span> <span class='ocrx_word' id='word_1_312' title='bbox 406 2307 609 2358; x_wconf 87' lang='lat' dir='ltr'>quopiam</span> <span class='ocrx_word' id='word_1_313' title='bbox 637 2306 778 2346; x_wconf 90' lang='lat' dir='ltr'>libello</span> <span class='ocrx_word' id='word_1_314' title='bbox 807 2311 1000 2346; x_wconf 88' lang='lat' dir='ltr'>mortuus</span> <span class='ocrx_word' id='word_1_315' title='bbox 1029 2307 1159 2345; x_wconf 85' lang='lat' dir='ltr'>etiam</span> <span class='ocrx_word' id='word_1_316' title='bbox 1189 2306 1397 2353; x_wconf 88' lang='lat' dir='ltr'>mordeat,</span> <span class='ocrx_word' id='word_1_317' title='bbox 1427 2310 1505 2345; x_wconf 89' lang='lat' dir='ltr'>aut</span> <span class='ocrx_word' id='word_1_318' title='bbox 1533 2307 1749 2345; x_wconf 82' lang='lat' dir='ltr'>exoriatur</span> 
     </span>
     <span class='ocr_line' id='line_1_39' title="bbox 149 2360 1749 2412; baseline -0.001 -12"><span class='ocrx_word' id='word_1_319' title='bbox 149 2360 301 2412; x_wconf 80' lang='lat' dir='ltr'>aliquis</span> <span class='ocrx_word' id='word_1_320' title='bbox 338 2362 412 2412; x_wconf 87' lang='lat' dir='ltr'>qui</span> <span class='ocrx_word' id='word_1_321' title='bbox 444 2361 707 2412; x_wconf 84' lang='lat' dir='ltr'>tragoediam</span> <span class='ocrx_word' id='word_1_322' title='bbox 740 2361 1012 2412; x_wconf 84' lang='lat' dir='ltr'>redintegret.</span> <span class='ocrx_word' id='word_1_323' title='bbox 1073 2360 1178 2399; x_wconf 89' lang='lat' dir='ltr'>Mihi</span> <span class='ocrx_word' id='word_1_324' title='bbox 1211 2360 1382 2399; x_wconf 85' lang='lat' dir='ltr'>videtur</span> <span class='ocrx_word' id='word_1_325' title='bbox 1414 2361 1621 2399; x_wconf 84' lang='lat' dir='ltr'>hactenus</span> <span class='ocrx_word' id='word_1_326' title='bbox 1654 2360 1749 2411; x_wconf 84' lang='lat' dir='ltr'>plus</span> 
     </span>
     <span class='ocr_line' id='line_1_40' title="bbox 149 2413 1746 2466; baseline -0.001 -12"><span class='ocrx_word' id='word_1_327' title='bbox 149 2416 253 2454; x_wconf 87' lang='lat' dir='ltr'>satis</span> <span class='ocrx_word' id='word_1_328' title='bbox 278 2416 525 2454; x_wconf 87' lang='lat' dir='ltr'>insanitum.</span> <span class='ocrx_word' id='word_1_329' title='bbox 580 2415 736 2455; x_wconf 86' lang='lat' dir='ltr'>Postea</span> <span class='ocrx_word' id='word_1_330' title='bbox 761 2429 892 2466; x_wconf 90' lang='lat' dir='ltr'>quam</span> <span class='ocrx_word' id='word_1_331' title='bbox 918 2415 1034 2466; x_wconf 90' lang='lat' dir='ltr'>quod</span> <span class='ocrx_word' id='word_1_332' title='bbox 1059 2414 1224 2454; x_wconf 85' lang='lat' dir='ltr'>factum</span> <span class='ocrx_word' id='word_1_333' title='bbox 1251 2419 1328 2461; x_wconf 89' lang='lat' dir='ltr'>est,</span> <span class='ocrx_word' id='word_1_334' title='bbox 1356 2415 1401 2453; x_wconf 88' lang='lat' dir='ltr'>id</span> <span class='ocrx_word' id='word_1_335' title='bbox 1426 2414 1633 2454; x_wconf 85' lang='lat' dir='ltr'>infectum</span> <span class='ocrx_word' id='word_1_336' title='bbox 1659 2413 1746 2452; x_wconf 89' lang='lat' dir='ltr'>fieri</span> 
     </span>
     <span class='ocr_line' id='line_1_41' title="bbox 149 2469 1748 2521; baseline -0.001 -13"><span class='ocrx_word' id='word_1_337' title='bbox 149 2482 233 2509; x_wconf 90' lang='grc'><strong>11011</strong></span> <span class='ocrx_word' id='word_1_338' title='bbox 248 2473 404 2520; x_wconf 86' lang='lat' dir='ltr'>potest,</span> <span class='ocrx_word' id='word_1_339' title='bbox 421 2473 614 2521; x_wconf 85' lang='lat' dir='ltr'>superest</span> <span class='ocrx_word' id='word_1_340' title='bbox 629 2474 678 2509; x_wconf 91' lang='lat' dir='ltr'>vt</span> <span class='ocrx_word' id='word_1_341' title='bbox 697 2471 870 2515; x_wconf 85' lang='lat' dir='ltr'>malum,</span> <span class='ocrx_word' id='word_1_342' title='bbox 887 2469 1031 2520; x_wconf 87' lang='lat' dir='ltr'>quoad</span> <span class='ocrx_word' id='word_1_343' title='bbox 1048 2469 1160 2516; x_wconf 85' lang='lat' dir='ltr'>licet,</span> <span class='ocrx_word' id='word_1_344' title='bbox 1181 2469 1422 2520; x_wconf 84' lang='lat' dir='ltr'>sepeliatur.</span> <span class='ocrx_word' id='word_1_345' title='bbox 1470 2469 1528 2507; x_wconf 77' lang='lat' dir='ltr'>Et,</span> <span class='ocrx_word' id='word_1_346' title='bbox 1546 2469 1748 2519; x_wconf 82' lang='lat' dir='ltr'>quoniam</span> 
     </span>
     <span class='ocr_line' id='line_1_42' title="bbox 150 2522 1746 2575; baseline -0.001 -12"><span class='ocrx_word' id='word_1_347' title='bbox 150 2524 264 2563; x_wconf 86' lang='lat' dir='ltr'>haud</span> <span class='ocrx_word' id='word_1_348' title='bbox 292 2523 401 2563; x_wconf 88' lang='lat' dir='ltr'>male</span> <span class='ocrx_word' id='word_1_349' title='bbox 427 2524 655 2563; x_wconf 88' lang='lat' dir='ltr'>consulunt</span> <span class='ocrx_word' id='word_1_350' title='bbox 681 2526 755 2575; x_wconf 84' lang='lat' dir='ltr'>qui</span> <span class='ocrx_word' id='word_1_351' title='bbox 783 2528 958 2563; x_wconf 84' lang='lat' dir='ltr'>monent</span> <span class='ocrx_word' id='word_1_352' title='bbox 985 2528 1034 2562; x_wconf 79' lang='lat' dir='ltr'>vt</span> <span class='ocrx_word' id='word_1_353' title='bbox 1061 2537 1112 2562; x_wconf 83' lang='lat' dir='ltr'>ex</span> <span class='ocrx_word' id='word_1_354' title='bbox 1141 2523 1275 2569; x_wconf 83' lang='lat' dir='ltr'>malis,</span> <span class='ocrx_word' id='word_1_355' title='bbox 1304 2524 1338 2562; x_wconf 80' lang='lat' dir='ltr'>si</span> <span class='ocrx_word' id='word_1_356' title='bbox 1365 2523 1468 2573; x_wconf 87' lang='lat' dir='ltr'>quid</span> <span class='ocrx_word' id='word_1_357' title='bbox 1496 2524 1607 2561; x_wconf 83' lang='lat' dir='ltr'>inest</span> <span class='ocrx_word' id='word_1_358' title='bbox 1633 2522 1746 2562; x_wconf 85' lang='lat' dir='ltr'>boni.</span> 
     </span>
     <span class='ocr_line' id='line_1_43' title="bbox 149 2577 1746 2629; baseline -0.002 -12"><span class='ocrx_word' id='word_1_359' title='bbox 149 2578 438 2629; x_wconf 86' lang='lat' dir='ltr'>decerpamus,</span> <span class='ocrx_word' id='word_1_360' title='bbox 465 2591 542 2629; x_wconf 90' lang='lat' dir='ltr'>ego</span> <span class='ocrx_word' id='word_1_361' title='bbox 567 2580 752 2629; x_wconf 87' lang='lat' dir='ltr'>primum</span> <span class='ocrx_word' id='word_1_362' title='bbox 778 2592 830 2617; x_wconf 85' lang='lat' dir='ltr'>ex</span> <span class='ocrx_word' id='word_1_363' title='bbox 856 2579 936 2617; x_wconf 90' lang='lat' dir='ltr'>hoc</span> <span class='ocrx_word' id='word_1_364' title='bbox 961 2577 1232 2617; x_wconf 85' lang='lat' dir='ltr'>incommodo</span> <span class='ocrx_word' id='word_1_365' title='bbox 1256 2577 1361 2616; x_wconf 82' lang='lat' dir='ltr'>illud</span> <span class='ocrx_word' id='word_1_366' title='bbox 1387 2589 1610 2627; x_wconf 81' lang='lat' dir='ltr'>excerpam</span> <span class='ocrx_word' id='word_1_367' title='bbox 1637 2589 1746 2615; x_wconf 87' lang='lat' dir='ltr'>com-</span> 
     </span>
     <span class='ocr_line' id='line_1_44' title="bbox 151 2630 1750 2683; baseline -0.001 -13"><span class='ocrx_word' id='word_1_368' title='bbox 151 2632 292 2671; x_wconf 89' lang='lat' dir='ltr'>modi:</span> <span class='ocrx_word' id='word_1_369' title='bbox 333 2645 404 2671; x_wconf 89' lang='lat' dir='ltr'>ero</span> <span class='ocrx_word' id='word_1_370' title='bbox 427 2633 606 2683; x_wconf 88' lang='lat' dir='ltr'>posthac</span> <span class='ocrx_word' id='word_1_371' title='bbox 628 2634 672 2671; x_wconf 92' lang='lat' dir='ltr'>in</span> <span class='ocrx_word' id='word_1_372' title='bbox 696 2632 972 2683; x_wconf 86' lang='lat' dir='ltr'>suscipiendis</span> <span class='ocrx_word' id='word_1_373' title='bbox 996 2633 1193 2670; x_wconf 86' lang='lat' dir='ltr'>amicitiis</span> <span class='ocrx_word' id='word_1_374' title='bbox 1217 2632 1472 2677; x_wconf 84' lang='lat' dir='ltr'>eontantior,</span> <span class='ocrx_word' id='word_1_375' title='bbox 1497 2632 1541 2669; x_wconf 90' lang='lat' dir='ltr'>in</span> <span class='ocrx_word' id='word_1_376' title='bbox 1565 2630 1750 2669; x_wconf 78' lang='lat' dir='ltr'>colendis</span> 
     </span>
     <span class='ocr_line' id='line_1_45' title="bbox 149 2685 1748 2738; baseline -0.001 -14"><span class='ocrx_word' id='word_1_377' title='bbox 149 2687 326 2732; x_wconf 90' lang='lat' dir='ltr'>cautior,</span> <span class='ocrx_word' id='word_1_378' title='bbox 358 2687 403 2724; x_wconf 92' lang='lat' dir='ltr'>in</span> <span class='ocrx_word' id='word_1_379' title='bbox 434 2686 719 2737; x_wconf 89' lang='lat' dir='ltr'>praedicando</span> <span class='ocrx_word' id='word_1_380' title='bbox 751 2687 928 2738; x_wconf 89' lang='lat' dir='ltr'>parcior,</span> <span class='ocrx_word' id='word_1_381' title='bbox 961 2687 1005 2725; x_wconf 90' lang='lat' dir='ltr'>in</span> <span class='ocrx_word' id='word_1_382' title='bbox 1037 2685 1376 2724; x_wconf 88' lang='lat' dir='ltr'>commendando</span> <span class='ocrx_word' id='word_1_383' title='bbox 1408 2686 1748 2735; x_wconf 84' lang='lat' dir='ltr'>cireunspeetior.</span> 
     </span>
     <span class='ocr_line' id='line_1_46' title="bbox 151 2738 1749 2790; baseline -0.001 -11"><span class='ocrx_word' id='word_1_384' title='bbox 151 2739 262 2788; x_wconf 84' lang='lat' dir='ltr'>Quid</span> <span class='ocrx_word' id='word_1_385' title='bbox 277 2741 388 2779; x_wconf 89' lang='lat' dir='ltr'>enim</span> <span class='ocrx_word' id='word_1_386' title='bbox 404 2744 526 2780; x_wconf 84' lang='lat' dir='ltr'>vetat</span> <span class='ocrx_word' id='word_1_387' title='bbox 542 2753 620 2787; x_wconf 88' lang='lat' dir='ltr'>me,</span> <span class='ocrx_word' id='word_1_388' title='bbox 637 2742 760 2780; x_wconf 86' lang='lat' dir='ltr'>iuxta</span> <span class='ocrx_word' id='word_1_389' title='bbox 775 2740 938 2780; x_wconf 87' lang='lat' dir='ltr'>Solonis</span> <span class='ocrx_word' id='word_1_390' title='bbox 955 2740 1115 2779; x_wconf 85' lang='lat' dir='ltr'>celebre</span> <span class='ocrx_word' id='word_1_391' title='bbox 1131 2740 1308 2785; x_wconf 85' lang='lat' dir='ltr'>dictum,</span> <span class='ocrx_word' id='word_1_392' title='bbox 1325 2739 1516 2790; x_wconf 86' lang='lat' dir='ltr'>quotidie</span> <span class='ocrx_word' id='word_1_393' title='bbox 1533 2738 1749 2778; x_wconf 82' lang='lat' dir='ltr'>addiscen-</span> 
     </span>
    </p>
   </div>
   <div class='ocr_carea' id='block_1_10' title="bbox 202 2866 1188 2909">
    <p class='ocr_par' dir='ltr' id='par_1_11' title="bbox 202 2866 1188 2909">
     <span class='ocr_line' id='line_1_47' title="bbox 202 2866 1188 2909; baseline -0.002 -10"><span class='ocrx_word' id='word_1_394' title='bbox 202 2879 226 2900; x_wconf 86' lang='lat'>1.</span> <span class='ocrx_word' id='word_1_395' title='bbox 252 2866 400 2908; x_wconf 76' lang='lat' dir='ltr'>gratiae]</span> <span class='ocrx_word' id='word_1_396' title='bbox 419 2866 469 2898; x_wconf 79' lang='lat' dir='ltr'>Of.</span> <span class='ocrx_word' id='word_1_397' title='bbox 491 2866 555 2907; x_wconf 84' lang='lat' dir='ltr'>Ep.</span> <span class='ocrx_word' id='word_1_398' title='bbox 580 2867 672 2906; x_wconf 77' lang='lat'>1388.</span> <span class='ocrx_word' id='word_1_399' title='bbox 701 2877 748 2908; x_wconf 87' lang='lat'>13.</span> <span class='ocrx_word' id='word_1_400' title='bbox 990 2877 1087 2909; x_wconf 87' lang='lat'>1331.</span> <span class='ocrx_word' id='word_1_401' title='bbox 1111 2875 1188 2907; x_wconf 85' lang='lat' dir='ltr'>57n.</span> 
     </span>
    </p>
   </div>
   <div class='ocr_carea' id='block_1_11' title="bbox 152 2908 1654 3038">
    <p class='ocr_par' dir='ltr' id='par_1_12' title="bbox 152 2908 1654 3038">
     <span class='ocr_line' id='line_1_48' title="bbox 195 2908 1654 2953; baseline -0.001 -10"><span class='ocrx_word' id='word_1_402' title='bbox 195 2924 225 2953; x_wconf 75' lang='lat'>4.</span> <span class='ocrx_word' id='word_1_403' title='bbox 251 2910 344 2942; x_wconf 82' lang='lat' dir='ltr'>solus</span> <span class='ocrx_word' id='word_1_404' title='bbox 368 2908 564 2948; x_wconf 74' lang='lat' dir='ltr'>Huttenus]</span> <span class='ocrx_word' id='word_1_405' title='bbox 588 2909 638 2941; x_wconf 69' lang='lat' dir='ltr'>(ff.</span> <span class='ocrx_word' id='word_1_406' title='bbox 666 2909 731 2951; x_wconf 76' lang='lat' dir='ltr'>Ep.</span> <span class='ocrx_word' id='word_1_407' title='bbox 762 2919 842 2950; x_wconf 69' lang='lat'>1033</span> <span class='ocrx_word' id='word_1_408' title='bbox 867 2910 917 2940; x_wconf 86' lang='grc'><strong>111-</strong></span> <span class='ocrx_word' id='word_1_409' title='bbox 1030 2921 1081 2951; x_wconf 78' lang='lat'>25.</span> <span class='ocrx_word' id='word_1_410' title='bbox 1107 2908 1305 2950; x_wconf 70' lang='lat' dir='ltr'>repetisset]</span> <span class='ocrx_word' id='word_1_411' title='bbox 1324 2909 1373 2940; x_wconf 65' lang='grc' dir='ltr'>(Ὺ.</span> <span class='ocrx_word' id='word_1_412' title='bbox 1396 2909 1458 2950; x_wconf 84' lang='lat' dir='ltr'>Ep.</span> <span class='ocrx_word' id='word_1_413' title='bbox 1486 2911 1578 2950; x_wconf 81' lang='lat'>1378.</span> <span class='ocrx_word' id='word_1_414' title='bbox 1601 2919 1654 2943; x_wconf 80' lang='lat'>22.</span> 
     </span>
     <span class='ocr_line' id='line_1_49' title="bbox 152 2953 1632 3038; baseline 0.001 -9"><span class='ocrx_word' id='word_1_415' title='bbox 152 2953 418 3038; x_wconf 29' lang='grc' dir='ltr'>ῑι(ἒξ.νίςεξσῑεείιῑιο</span> <span class='ocrx_word' id='word_1_416' title='bbox 434 2995 540 3035; x_wconf 83' lang='grc'><strong>110110]</strong></span> <span class='ocrx_word' id='word_1_417' title='bbox 557 2996 607 3027; x_wconf 66' lang='lat' dir='ltr'>Of.</span> <span class='ocrx_word' id='word_1_418' title='bbox 627 2996 690 3037; x_wconf 78' lang='lat' dir='ltr'>Ep.</span> <span class='ocrx_word' id='word_1_419' title='bbox 715 2998 808 3035; x_wconf 70' lang='lat'>1388.</span> <span class='ocrx_word' id='word_1_420' title='bbox 833 3007 908 3029; x_wconf 88' lang='lat' dir='ltr'>12n.</span> <span class='ocrx_word' id='word_1_421' title='bbox 1029 2964 1083 3038; x_wconf 50' lang='grc' dir='ltr'>ἐξ).</span> <span class='ocrx_word' id='word_1_422' title='bbox 1106 2953 1565 3038; x_wconf 39' lang='grc' dir='ltr'>ἕξιιὲῗξξιὲᾒῃὲὶὃεὲρίίΐᾟ8ς</span> <span class='ocrx_word' id='word_1_423' title='bbox 1575 2964 1632 3030; x_wconf 75' lang='lat'>1232</span> 
     </span>
    </p>
   </div>
   <div class='ocr_carea' id='block_1_12' title="bbox 202 3039 1532 3082">
    <p class='ocr_par' dir='ltr' id='par_1_13' title="bbox 202 3039 1532 3082">
     <span class='ocr_line' id='line_1_50' title="bbox 202 3039 1532 3082; baseline -0.003 -9"><span class='ocrx_word' id='word_1_424' title='bbox 202 3052 254 3075; x_wconf 78' lang='lat'>22.</span> <span class='ocrx_word' id='word_1_425' title='bbox 282 3052 324 3073; x_wconf 80' lang='lat' dir='ltr'>ne</span> <span class='ocrx_word' id='word_1_426' title='bbox 357 3041 644 3082; x_wconf 58' lang='lat' dir='ltr'>colloqueremur]</span> <span class='ocrx_word' id='word_1_427' title='bbox 681 3042 741 3071; x_wconf 75' lang='lat' dir='ltr'>ssut</span> <span class='ocrx_word' id='word_1_428' title='bbox 778 3040 819 3072; x_wconf 59' lang='lat' dir='ltr'>vs.</span> <span class='ocrx_word' id='word_1_429' title='bbox 850 3040 914 3081; x_wconf 66' lang='lat' dir='ltr'>Ep.</span> <span class='ocrx_word' id='word_1_430' title='bbox 1030 3043 1079 3081; x_wconf 69' lang='lat'>38.</span> <span class='ocrx_word' id='word_1_431' title='bbox 1107 3039 1256 3077; x_wconf 75' lang='lat' dir='ltr'>Solonis]</span> <span class='ocrx_word' id='word_1_432' title='bbox 1272 3040 1320 3071; x_wconf 79' lang='lat' dir='ltr'>(⁴f.</span> <span class='ocrx_word' id='word_1_433' title='bbox 1343 3041 1532 3081; x_wconf 58' lang='lat' dir='ltr'>;1d1·1{1.7-¹:0</span> 
     </span>
    </p>
   </div>
   <div class='ocr_carea' id='block_1_13' title="bbox 1770 1241 1808 1263">
    <p class='ocr_par' dir='ltr' id='par_1_14' title="bbox 1770 1241 1808 1263">
     <span class='ocr_line' id='line_1_51' title="bbox 1770 1241 1808 1263; baseline 0 0"><span class='ocrx_word' id='word_1_434' title='bbox 1770 1241 1808 1263; x_wconf 87' lang='lat'>10</span> 
     </span>
    </p>
   </div>
   <div class='ocr_carea' id='block_1_14' title="bbox 1771 1513 1804 1544">
    <p class='ocr_par' dir='ltr' id='par_1_15' title="bbox 1771 1513 1804 1544">
     <span class='ocr_line' id='line_1_52' title="bbox 1771 1513 1804 1544; baseline 0 0"><span class='ocrx_word' id='word_1_435' title='bbox 1771 1513 1804 1544; x_wconf 70' lang='grc' dir='ltr'>[ὃ</span> 
     </span>
    </p>
   </div>
   <div class='ocr_carea' id='block_1_15' title="bbox 1769 2323 1812 2354">
    <p class='ocr_par' dir='ltr' id='par_1_16' title="bbox 1769 2323 1812 2354">
     <span class='ocr_line' id='line_1_53' title="bbox 1769 2323 1812 2354; baseline 0 -9"><span class='ocrx_word' id='word_1_436' title='bbox 1769 2323 1812 2354; x_wconf 80' lang='lat'>30</span> 
     </span>
    </p>
   </div>
   <div class='ocr_carea' id='block_1_16' title="bbox 1769 2592 1811 2623">
    <p class='ocr_par' dir='ltr' id='par_1_17' title="bbox 1769 2592 1811 2623">
     <span class='ocr_line' id='line_1_54' title="bbox 1769 2592 1811 2623; baseline -0.024 0"><span class='ocrx_word' id='word_1_437' title='bbox 1769 2592 1811 2623; x_wconf 84' lang='lat'>35</span> 
     </span>
    </p>
   </div>
  </div>
 </body>
</html>
