2012 3370
217 119 297 157 364
693 117 946 158 LETTERS
979 118 1050 157 OF
1080 119 1343 158 ERASMUS
1693 120 1816 170 [1523

161 247 199 269 10
217 227 401 267 reddidit
423 229 563 278 potius
585 241 592 265 :
630 240 729 265 nam
751 231 795 266 ct
815 227 914 266 olim
934 228 978 266 in
999 227 1181 266 Dodona
1200 241 1378 280 quercus
1401 227 1612 267 aedebant
1632 229 1815 268 oracula.

218 283 334 329 Mihi,
353 283 526 321 tametsi
543 281 794 332 iampridem
813 282 867 320 ab
885 282 964 321 hoc
982 295 1130 333 genere
1148 283 1386 321 studiorum
1405 282 1672 330 alienissimo,
1690 283 1817 322 libuit

218 350 387 375 carmen
411 341 501 375 tam
526 335 729 375 festiuum
753 339 797 375 et
820 336 1035 375 eruditum
1060 336 1208 376 addito
1232 336 1580 377 commentariolo
1605 350 1814 377 commen-

219 390 319 429 dare
334 390 546 429 studiosis.
591 390 679 429 Nee
695 403 761 429 me
777 389 954 429 fallebat
968 390 1056 429 fore
1072 391 1145 442 qui
1160 392 1354 442 protinus
1369 391 1678 430 succlamarent
1692 391 1817 442 plane

219 445 341 483 iuxta
369 444 625 483 Graecorum
654 449 778 483 vetus
802 445 1091 496 prouerbium5
1121 448 1183 485 τὸν
1212 448 1449 496 παλίμπαιδυ.
1479 449 1635 498 γέροντα
1661 445 1817 485 redisse

163 518 197 549 13
220 498 275 538 ad
295 512 435 537 nuces.
486 499 577 550 Ego
597 512 698 538 sane
719 512 795 538 nec
816 500 956 550 pueris
976 499 1125 538 inutile
1146 513 1222 539 nec
1243 501 1332 539 seni
1353 501 1552 551 cuiquam
1572 499 1818 539 indecorum

220 553 402 591 arbitror
425 553 668 592 huiusmodi
690 553 868 592 nucibus
891 553 1047 600 ludere,
1072 554 1233 605 talique
1256 554 1501 593 laxamento
1524 554 1681 605 ingenii
1702 554 1817 593 lassi-

220 606 413 646 tudinem
437 620 488 646 ex
510 608 626 646 seriis
648 607 801 646 studiis
824 612 1088 647 contractam
1111 608 1290 648 reficere.

275 661 499 700 Caeterum
535 661 639 713 quid
675 662 747 700 alii
782 662 941 709 dicant,
979 676 1066 701 non
1102 676 1355 714 magnopere
1392 663 1550 701 laboro.
1615 662 1724 709 Tibi,
1762 662 1820 701 mi

222 715 416 762 Ioannes,
454 728 701 767 persuasum
737 730 826 755 esse
861 717 988 755 velim
1023 717 1286 768 praeclarum
1322 717 1527 756 artificem
1564 716 1721 768 vbique
1756 716 1822 756 sui

162 769 401 812 zosimilem
428 783 529 817 esse,
559 783 632 809 seu
661 770 868 810 colossum
896 771 1042 822 fingat,
1072 784 1145 810 seu
1173 771 1471 822 semipedalem
1499 775 1704 817 statuam,
1733 771 1822 810 siue

225 824 372 864 Iouem
400 825 560 876 pingat,
588 825 677 864 siue
703 825 938 871 Τ1181811811,
966 826 1054 864 81118
1084 826 1169 864 3811
1198 826 1446 887 vulgarique
1475 838 1578 864 saxo
1607 825 1822 876 insculpat

223 879 464 930 imaginem,
485 880 573 918 siue
593 880 769 930 gemmis
789 884 865 918 aut
885 892 1012 926 auro;
1048 880 1126 917 nisi
1148 880 1291 930 quod
1282 893 1327 918 111
1346 881 1525 919 111318113
1545 879 1619 918 vili
1639 880 1822 918 minuta-

226 946 306 983 que
336 934 471 972 maior
499 938 564 972 est
593 934 696 972 31118
726 933 965 972 admiratio.
1025 932 1222 972 Laudata
1251 938 1316 972 est
1344 934 1526 973 Nasonis
1556 934 1718 980 Medea,
1749 933 1823 972 sed

224 987 387 1026 videbis
413 992 457 1026 et
481 988 525 1026 in
550 988 668 1026 Nuce
694 988 907 1026 Nasonem
934 1001 1034 1026 8888.
1090 987 1181 1027 11118
1207 989 1385 1027 materia
1411 988 1717 1040 suppeditabat
1741 987 1823 1026 elo-

163 1060 202 1092 35
224 1042 458 1092 quentiam,
489 1055 537 1080 ac
567 1042 679 1080 bona
707 1055 805 1092 pars
832 1041 970 1080 laudis
998 1045 1090 1080 erat
1118 1041 1352 1082 decidenda
1380 1041 1562 1089 Graecis,
1593 1043 1667 1093 qui
1695 1042 1823 1082 toties

224 1099 465 1134 tractarant
498 1095 611 1134 idem
648 1100 960 1147 argumentum.
1026 1095 1107 1135 Hie
1143 1096 1347 1147 quicquid
1381 1100 1448 1136 est
1482 1096 1620 1135 laudis
1654 1096 1822 1148 ingenio

224 1154 376 1200 poetae
399 1149 590 1189 debetur.
643 1150 854 1201 Equidem
876 1163 963 1189 non
985 1163 1079 1189 sum
1101 1150 1136 1189 is
1159 1151 1233 1201 qui
1255 1150 1413 1190 soleam
1436 1150 1488 1190 de
1511 1150 1659 1190 eadem
1681 1150 1823 1190 fidelia

224 1203 363 1254 plures
388 1203 585 1243 dealbare
608 1205 790 1256 parietes
810 1217 817 1243 :
859 1208 1053 1244 attamen
1076 1208 1120 1244 et
1143 1209 1193 1243 tu
1217 1205 1423 1244 candidus
1445 1205 1655 1244 videberis
1679 1209 1723 1244 et
1745 1217 1822 1256 ego

225 1259 364 1297 minus
399 1259 604 1310 ingratus,
642 1259 677 1297 si
712 1259 876 1298 Nucem
912 1259 1035 1306 hanc,
1073 1259 1192 1298 cuius
1227 1258 1415 1299 fructum
1451 1264 1607 1299 natura
1641 1259 1744 1299 feeit
1778 1260 1822 1298 in

165 1332 208 1364 30
226 1316 412 1363 quatuor
426 1317 569 1364 partes
584 1313 785 1360 sectilem,
802 1314 836 1352 si
852 1313 991 1352 minus
1005 1313 1146 1364 placet
1161 1313 1354 1353 arborem
1369 1314 1540 1361 findere,
1557 1314 1825 1365 Margaritae,

226 1366 483 1414 Elizabetae,
513 1367 701 1414 Ceciliae,
731 1367 982 1407 dulcissimis
1009 1368 1221 1407 sororibus
1248 1369 1348 1415 tuis,
1377 1372 1422 1407 81
1447 1368 1598 1407 harum
1627 1367 1823 1407 sodalitio

224 1420 336 1460 felici
360 1420 533 1472 Gygiae,
559 1421 674 1460 voles
698 1435 787 1460 8888
811 1435 1079 1461 communem
1099 1435 1108 1468 3
1149 1435 1259 1473 quae
1283 1436 1350 1461 me
1374 1423 1502 1462 toties
1525 1422 1714 1474 epistolis
1737 1422 1823 1460 suis

224 1475 450 1522 lacessunt,
474 1480 564 1514 tam
586 1477 699 1514 831118
721 1476 964 1527 argutisque
986 1476 1189 1523 sensibus,
1212 1481 1303 1515 tam
1326 1481 1468 1516 castae
1490 1476 1750 1523 Latinitatis,
1774 1480 1824 1514 vt

225 1529 291 1568 his
318 1530 474 1569 nostris
507 1543 628 1581 aegre
665 1530 943 1581 persuadeam
981 1531 1169 1582 ipsarum
1196 1531 1333 1570 Marte
1361 1531 1589 1578 confectas,
1618 1543 1751 1582 quum
1778 1530 1822 1569 id

166 1604 183 1635 3
191 1602 204 1635 5
225 1583 407 1623 habeam
429 1584 824 1635 compertissimum.

281 1637 463 1677 Proinde
483 1651 686 1689 quorsum
708 1639 866 1677 attinet
886 1639 1047 1677 hortari
1067 1642 1124 1685 te,
1147 1639 1206 1677 mi
1226 1639 1420 1686 Ioannes,
1443 1639 1511 1678 vel
1533 1639 1587 1678 ad
1607 1639 1824 1678 literarum

227 1692 418 1731 studium
442 1692 510 1731 vel
533 1692 589 1731 ad
612 1693 831 1740 virtutem,
856 1705 990 1743 quum
1013 1692 1091 1731 tali
1114 1693 1333 1744 praeditus
1354 1693 1495 1732 indole
1519 1693 1634 1732 domi
1657 1697 1823 1744 patrem

226 1746 396 1793 habeas,
423 1759 556 1797 quum
581 1746 829 1786 eruditionis
855 1747 1050 1786 omnibus
1075 1748 1260 1787 numeris
1285 1748 1542 1794 absolutum,
1568 1752 1662 1787 tum
1688 1748 1824 1786 omnis

225 1800 452 1851 probitatis
470 1805 515 1840 et
532 1801 790 1852 integritatis
808 1801 1160 1853 perfectissimum
1179 1802 1406 1854 exemplar,
1427 1815 1453 1841 a
1470 1815 1555 1853 quo
1574 1801 1825 1854 degenerare

163 1875 209 1906 40
226 1855 518 1906 turpissimum
550 1855 715 1894 fuerit?
765 1856 1013 1907 praesertim
1045 1869 1179 1908 quum
1212 1856 1267 1895 ab
1298 1856 1369 1896 1110
1401 1856 1506 1896 nihil
1537 1869 1624 1896 non
1655 1857 1822 1896 affatim

226 1913 465 1960 praestetur
486 1910 602 1961 quod
623 1909 856 1950 conducere
876 1911 1011 1961 possit
1031 1910 1088 1949 ad
1107 1914 1152 1950 te
1172 1911 1289 1950 omni
1309 1915 1655 1950 ornamentorum
1676 1923 1826 1962 genere

226 1963 559 2015 perpoliendum.
621 1964 772 2004 Latere
804 1978 891 2003 non
922 1969 1057 2016 potes,
1091 1965 1307 2016 praelucet
1337 1966 1418 2005 tibi
1449 1969 1652 2017 paternae
1684 1965 1824 2004 famae

226 2017 436 2068 splendor,
457 2031 584 2069 quem
614 2022 692 2058 aut
719 2032 886 2057 summa
909 2032 1006 2058 cum
1034 2019 1160 2059 laude
1179 2019 1334 2059 referas
1356 2024 1539 2071 oportet,
1561 2023 1638 2059 aut
1657 2032 1823 2058 summo

227 2085 323 2110 811111
344 2071 548 2111 dedecore
567 2072 690 2111 fallas
711 2074 901 2112 omnium
922 2073 975 2112 de
995 2077 1040 2113 te
1060 2074 1415 2125 expectationem.

164 2145 204 2177 45
281 2126 535 2178 Quanquam
555 2131 599 2165 et
620 2140 809 2166 sororum
831 2127 1060 2166 aemulatio
1081 2128 1161 2167 tibi
1182 2129 1363 2168 cessanti
1384 2132 1554 2180 poterat
1575 2141 1669 2167 acre
1691 2127 1828 2168 calcar

226 2179 393 2219 addere.
441 2180 629 2228 Quaium
646 2182 906 2228 8011111318111,
925 2181 1191 2229 modestiam,
1210 2183 1474 2234 pudicitiam,
1493 2182 1824 2234 simplicitatem

226 2238 421 2273 mutuam
443 2235 710 2274 concordiam
731 2235 765 2274 si
785 2236 880 2286 quis
898 2212 1224 2298 'contempletun
1245 2238 1346 2276 treis
1365 2237 1477 2276 iuret
1496 2250 1584 2276 esse
1605 2237 1823 2276 Charites·
1816 2267 1824 2282 ,

226 2288 260 2326 si
289 2289 428 2328 varias
456 2290 711 2328 musicorum
740 2303 993 2341 organorum
1019 2291 1179 2340 speeies
1207 2291 1310 2330 scite
1338 2295 1574 2330 tractantes
1602 2290 1761 2336 videat,
1791 2291 1824 2328 81

226 2355 300 2393 per
320 2355 443 2382 omne
469 2356 599 2395 genus
629 2348 827 2382 autorum
847 2344 1068 2394 111-1111811118
1085 2344 1253 2395 linguae
1272 2345 1391 2384 velut
1410 2345 1597 2396 apiculas
1616 2344 1825 2396 quasdam

168 2416 210 2448 5ο
227 2397 457 2436 volitantes
481 2397 839 2437 consideret—hic
863 2402 1119 2437 annotantes
1144 2399 1304 2450 aliquid
1327 2399 1444 2450 quod
1466 2400 1700 2445 imitentur,
1726 2398 1823 2437 hinc

228 2450 499 2503 decerpentes
517 2452 678 2504 insigne
697 2452 860 2491 (lictum
879 2452 995 2504 quod
1013 2452 1058 2491 in
1076 2466 1212 2492 mores
1231 2453 1503 2500 transferant,
1525 2453 1621 2492 hinc
1640 2452 1825 2504 lepidam

228 2505 415 2556 aliquam
435 2506 697 2545 historiolam
717 2506 963 2554 ediscenteS,
978 2519 1108 2558 quam
1127 2507 1238 2547 inter
1256 2507 1420 2547 sodales
1439 2507 1691 2554 referant—-,
1710 2506 1826 2546 dicas

228 2559 460 2599 Camoenas
474 2561 519 2599 in
534 2561 838 2600 amoenissimis
853 2561 1015 2600 Aoniae
1029 2562 1190 2613 campis
1205 2563 1393 2601 8113111181·
1407 2561 1614 2609 111(1811188,
1631 2561 1826 2600 flosculos

227 2618 272 2652 et
311 2627 555 2654 amaracum
594 2615 896 2655 concinnandis
935 2616 1057 2655 sertis
1096 2615 1300 2668 colligere.
1369 2616 1490 2656 Certe
1529 2616 1587 2655 sic
1627 2615 1824 2654 omnibus

171 2686 208 2718 55
228 2668 466 2708 animorum
485 2669 657 2709 dotibus
675 2674 851 2709 ornatae
868 2674 983 2717 sunt,
1002 2674 1052 2709 vt
1068 2669 1230 2710 formae
1248 2671 1397 2723 gratia,
1417 2671 1614 2722 quamuis
1632 2670 1825 2731 eximiae,

229 2722 451 2762 minimum
484 2723 651 2763 adierat
683 2724 1076 2764 commendationis.
1138 2724 1232 2764 Hae
1264 2725 1383 2764 velut
1413 2738 1466 2764 ex
1499 2724 1734 2776 composito
1766 2723 1825 2762 sic

229 2782 459 2827 properant
482 2778 527 2816 in
552 2778 632 2817 hoe
657 2778 794 2817 laudis
819 2778 972 2825 stadio,
1000 2779 1122 2830 quasi
1146 2779 1323 2818 fratrem
1349 2779 1484 2819 velint
1508 2792 1534 2818 a
1558 2783 1676 2830 tergo
1701 2777 1823 2816 relin-

229 2841 369 2880 quere.
418 2831 510 2879 Quo
529 2833 664 2884 magis
681 2836 851 2884 oportet
868 2836 911 2872 te
929 2845 1082 2872 neruos
1101 2846 1246 2873 omnes
1264 2833 1320 2873 ad
1338 2846 1506 2873 cursum
1523 2831 1755 2879 intendere,
1775 2835 1827 2870 vt

859 2913 913 2936 21.
940 2901 1135 2934 Thersitem
1150 2905 1184 2938 β.

283 2981 331 3013 14.
356 2972 594 3012 prouerbium]
612 2974 673 3005 See
691 2974 797 3014 Adaq.
815 2983 858 3014 43
864 2976 927 3014 5‚6.
1064 2975 1327 3013 construction;
1365 2974 1476 3007 which
1500 2973 1562 3005 has
1585 2972 1653 3005 lost
1675 2972 1770 3005 itself
1792 2973 1827 3005 in

277 3025 329 3056 52.
354 3014 464 3054 dicas]
493 3015 582 3048 dicat
609 3017 639 3048 is
668 3017 828 3058 required
859 3017 906 3058 by
935 3016 996 3048 1-118
1064 3017 1264 3059 wandering
1281 3028 1335 3050 on.
