2012 3370
224 149 275 187 92
695 151 950 190 1111111113
982 152 1053 190 oF
1083 152 1347 192 ERASMUS
1696 154 1819 204 [1522

223 264 399 310 peccata
428 260 624 299 mortalia
653 260 808 306 omnia,
849 260 922 299 sed
960 264 1133 300 tanturn
1173 261 1412 300 manifesta.
1472 261 1653 301 Proinde
1682 276 1820 302 sermo

222 315 340 365 pueri
368 314 551 353 multum
580 314 771 352 dissonat
799 327 824 352 a
852 314 1051 366 dogmate
1079 315 1267 354 Lutheri.
1327 315 1489 355 Deinde
1518 329 1622 366 puer
1649 321 1822 368 rogatus

222 381 277 407 an
306 369 387 420 ipsi
417 368 599 407 sufficiat
629 368 820 407 confiteri
850 368 1031 416 Christo,
1062 370 1291 420 respondet
1321 371 1425 409 satis
1454 370 1649 409 futurum
1680 371 1821 410 animo

222 436 312 470 suo,
338 423 373 462 si
396 422 509 461 idem
534 423 672 461 visum
697 422 847 462 fuisset
866 423 1079 462 Ecclesiae
1103 424 1360 475 proceribus,
1419 425 1486 463 Ex
1511 424 1591 464 hoc
1617 424 1822 476 colligunt

140 501 142 503 ·
164 493 202 526 35
223 490 289 516 1110
311 476 520 515 affirmare
541 477 650 515 hanc
673 477 976 516 confessionem
998 491 1084 529 qua
1104 491 1217 518 nunc
1240 479 1411 525 vtimur,
1434 492 1521 518 non
1542 492 1630 518 esse
1652 479 1820 518 institu-

222 535 313 570 tam
335 531 389 570 ab
409 531 500 582 ipso
522 530 701 570 Christo.
762 531 820 570 Et
838 532 1018 571 istorum
1039 532 1229 572 collectio
1249 538 1393 584 posset
1413 546 1501 573 esse
1521 533 1766 584 probabilis,
1787 534 1823 572 31

223 585 412 624 Christus
446 598 532 624 non
564 590 674 624 esset
707 599 816 624 vnus
848 587 1081 637 primatum
1115 587 1339 634 Ecclesiae,
1374 600 1508 638 quum
1540 588 1597 626 sit
1628 588 1824 639 princeps

222 643 456 690 pastorum.
516 640 628 691 Ergo
657 641 731 690 qui
760 653 951 691 proceres
979 641 1191 680 Ecclesiae
1219 641 1336 688 dicit,
1367 655 1454 680 non
1491 641 1681 681 excludit
1707 642 1821 682 Chri—

222 698 352 741 stum,
391 694 465 732 sed
503 694 800 745 complectitur
829 699 873 734 et
909 695 1029 734 illum
1068 709 1164 734 cum
1194 695 1410 747 Apostolis
1447 700 1492 735 et
1519 695 1822 748 Apostolorum

161 765 207 795 40
223 748 545 788 suecessoribus.
603 748 697 787 Iam
728 753 779 788 vt
810 763 862 788 ex
894 749 1105 801 superfluo
1138 750 1286 789 demus
1318 750 1398 789 hoc
1429 750 1593 789 dictum
1624 750 1677 790 de
1708 751 1825 802 puris

223 803 478 850 hominibus,
505 803 791 854 pontificibus,
820 817 875 842 an
900 817 1031 855 puero
1056 818 1143 843 non
1168 808 1233 844 est
1258 805 1362 844 satis
1382 804 1499 856 quod
1517 805 1562 843 in
1581 804 1823 844 confitendo

223 858 414 908 sequitur
437 858 715 897 autoritatem
737 858 918 905 illorum,
944 859 1111 898 etiamsi
1133 872 1219 898 non
1241 859 1400 898 habeat
1423 863 1586 898 certum
1610 872 1665 898 an
1684 859 1823 911 ponti-

222 912 320 950 fices
343 912 423 951 1100
446 913 665 963 potuerint
687 913 909 952 instituere
933 913 985 952 de
1008 927 1097 961 suo,
1124 927 1179 952 an
1202 913 1457 952 tradiderint
1479 927 1532 952 ex
1554 914 1825 953 institutione

223 966 410 1005 Christi?
441 979 573 1017 quum
594 967 653 1005 illi
674 967 728 1006 sit
749 968 915 1007 animus
935 981 1093 1019 parere,
1119 981 1388 1019 quocumque
1409 968 1535 1006 modo
1555 968 1824 1007 tradiderint.

162 1036 202 1068 45
223 1020 328 1059 Mihi
362 1021 552 1059 nondum
590 1021 645 1060 ad
680 1022 853 1072 plenum
889 1026 1060 1061 constat
1094 1022 1211 1073 quod
1247 1022 1436 1061 Ecclesia
1471 1022 1681 1061 definierit
1715 1022 1825 1061 hanc

223 1074 542 1122 confessionem,
568 1079 618 1114 vt
641 1088 753 1114 nunc
779 1075 840 1123 fit,
866 1089 955 1115 esse
979 1090 1031 1115 ex
1059 1077 1329 1115 institutione
1353 1076 1521 1116 Christi.
1579 1076 1689 1116 Sunt
1712 1077 1825 1115 enim

224 1128 361 1167 multa
409 1133 660 1179 argumenta
708 1130 811 1168 mihi
858 1130 1112 1177 insolubilia,
1161 1144 1271 1182 quae
1319 1130 1502 1170 suadent
1549 1131 1823 1170 contrarium.

224 1182 283 1221 Et
298 1186 445 1222 tamen
461 1184 574 1223 hunc
592 1184 723 1223 animi
739 1184 823 1224 mei
839 1197 1007 1224 sensum
1026 1185 1183 1236 vbique
1200 1185 1409 1224 submitto
1425 1184 1581 1224 iudicio
1599 1185 1825 1232 Ecclesiae,

222 1236 403 1276 libenter
441 1242 698 1289 sequuturus
738 1239 811 1278 vbi
851 1239 1007 1278 claram
1045 1239 1158 1278 illius
1195 1252 1344 1279 vocem
1384 1239 1568 1279 audiero.
1629 1239 1752 1287 Quod
1791 1239 1826 1278 si

166 1308 207 1341 50
224 1292 409 1331 maxime
426 1292 506 1331 1100
524 1293 797 1344 expressisset
814 1293 943 1340 bulla,
963 1298 1007 1332 et
1024 1307 1100 1346 ego
1118 1293 1187 1333 vel
1203 1294 1407 1333 nescirem
1424 1293 1492 1333 vel
1509 1307 1595 1332 non
1613 1294 1824 1334 meminis-

224 1359 325 1393 sem,
365 1346 575 1386 sufficeret
612 1348 782 1386 interim
821 1348 997 1399 obsequi
1034 1348 1260 1387 autoritati
1297 1348 1509 1387 Ecclesiae
1547 1361 1643 1387 cum
1683 1349 1825 1387 animo

224 1400 413 1451 parendi,
436 1401 470 1440 si
490 1402 621 1440 etiam
640 1402 745 1441 illud
766 1406 993 1441 constaret.
1051 1402 1150 1442 Non
1169 1403 1373 1454 sequitur,
1396 1402 1514 1442 Haec
1535 1402 1741 1442 confessio
1762 1407 1828 1441 est

224 1468 277 1493 ex
303 1454 573 1495 institutione
600 1456 834 1503 hominum,
863 1456 975 1508 Ergo
1002 1470 1088 1496 non
1115 1460 1180 1496 est
1205 1470 1258 1497 ex
1284 1456 1516 1496 traditione
1542 1456 1709 1496 Christi.
1769 1457 1827 1495 Et

224 1512 371 1548 tamen
389 1509 505 1560 quod
524 1510 774 1550 confitemur
793 1511 920 1550 semel
937 1512 982 1550 in
1000 1524 1125 1558 anno,
1146 1511 1262 1562 quod
1279 1515 1471 1562 tempore
1489 1511 1690 1558 Paschae,
1710 1511 1827 1562 quod

167 1581 203 1614 55
224 1563 302 1602 tali
338 1568 415 1602 aut
450 1564 527 1602 tali
563 1565 771 1604 sacerdoti
806 1565 971 1612 idoneo,
1010 1570 1172 1604 certum
1209 1570 1273 1604 cst
1309 1579 1396 1604 esse
1433 1579 1485 1604 ex
1522 1566 1827 1605 constitutione

224 1618 488 1668 pontificum.

278 1672 377 1711 Non
409 1672 459 1711 fit
490 1673 548 1712 ibi
581 1674 740 1713 mentio
774 1673 825 1713 de
856 1674 1026 1722 ieiunio,
1059 1674 1174 1726 quod
1212 1674 1333 1713 nobis
1366 1688 1439 1725 per
1472 1673 1752 1726 Euangelium
1785 1678 1830 1714 et

224 1725 490 1777 Apostolicas
523 1727 688 1767 litteras
722 1729 1067 1768 commendatum
1109 1733 1185 1775 est,
1223 1729 1296 1768 sed
1331 1729 1383 1768 de
1421 1729 1588 1768 delectu
1622 1729 1826 1776 ciborum,

272 1823 323 1853 51.
352 1818 496 1856 peccata
513 1840 518 1846 .
539 1840 545 1847 .
566 1840 572 1847 .
593 1816 777 1848 manifesta
796 1817 823 1848 O
839 1829 845 1848 :
877 1817 994 1848 omnia
1009 1817 1154 1848 crimina
1173 1817 1337 1858 capitalia
1356 1829 1384 1848 a.
1541 1827 1653 1848 sermo
1668 1817 1766 1858 pueri
1782 1817 1828 1848 0:

227 1869 279 1889 res
297 1859 373 1900 ipsa
393 1859 547 1891 declarat
563 1859 657 1891 1111110
677 1861 775 1902 pueri
792 1870 986 1892 sermonem
1004 1874 1034 1891 α.
1161 1869 1213 1900 32.
1241 1861 1417 1892 dissonare
1435 1874 1464 1890 ιι.
1613 1860 1757 1892 Lutheri
1777 1860 1804 1892 0
1820 1871 1827 1891 ι

227 1902 322 1943 quod
341 1913 403 1934 vos
422 1902 599 1935 damnatis
618 1916 648 1934 α.
792 1903 926 1936 Deinde
941 1914 1028 1945 puer
1045 1904 1091 1936 O:
1123 1904 1205 1936 Mox
1222 1915 1308 1946 puer
1322 1904 1416 1936 idem
1432 1916 1463 1936 α,
1580 1912 1633 1944 34.
1660 1904 1828 1946 colligunt

228 1955 282 1976 me
299 1945 471 1978 affirmare
489 1946 538 1978 0:
572 1947 813 1985 ratiocinatur,
831 1958 902 1979 non
925 1958 987 1989 per
1008 1950 1120 1979 artem
1144 1947 1363 1979 dialecticam
1379 1947 1439 1979 sed
1458 1958 1518 1989 per
1538 1947 1712 1979 maliciam
1730 1958 1827 1989 syco—

227 1989 444 2030 phanticam,
464 2000 517 2021 me
537 1990 699 2022 videlicet
716 1994 875 2023 autorem
891 2001 963 2023 esse
981 2005 1010 2022 α.
1119 1991 1172 2031 36.
1199 1991 1243 2023 ab
1257 1991 1334 2033 ipso
1350 1991 1497 2024 Christo.
1546 1991 1594 2022 Et
1608 1991 1755 2023 istorum
1775 1991 1802 2021 Ο
1818 2002 1825 2022 :

227 2042 248 2063 a
265 2032 402 2065 Christo
418 2033 479 2064 sed
489 2033 533 2065 ab
546 2033 707 2066 ecclesiae
720 2034 947 2075 praesulibus.
995 2034 1070 2066 Ista
1088 2047 1119 2065 cz.
1222 2045 1294 2066 esse
1308 2035 1353 2066 0:
1370 2034 1481 2066 videri
1492 2047 1521 2066 α.
1617 2043 1670 2075 37.
1697 2034 1824 2075 prima-

229 2079 305 2107 tum
319 2076 346 2107 O
361 2088 368 2107 ε
394 2087 413 2107 0
424 2077 634 2117 primatibus
646 2090 675 2109 a.
817 2088 927 2119 quum
940 2078 967 2110 Ο
981 2090 988 2110 ι
1013 2088 1093 2110 011111
1106 2079 1207 2110 iuxta
1230 2078 1326 2110 Petri
1348 2078 1483 2110 dictum
1497 2090 1526 2109 o.
1669 2078 1721 2117 38.
1748 2088 1827 2119 pas·

226 2121 344 2150 torum
359 2119 386 2151 Ο
401 2131 408 2151 :
435 2124 617 2161 pastorum
631 2131 670 2152 ac
684 2121 785 2153 iuxta
798 2131 920 2153 vocem
937 2121 1184 2163 Euangelieam
1204 2125 1325 2163 pastor
1345 2122 1457 2154 bonus
1480 2134 1511 2153 α.
1605 2129 1661 2160 40.
1682 2121 1760 2153 Iam
1773 2145 1780 2152 .
1797 2145 1803 2152 .
1820 2144 1828 2153 .

226 2162 362 2194 dictum
384 2163 411 2194 O
425 2175 432 2194 ε
456 2164 753 2204 quemadmodum
775 2165 835 2205 qui
850 2165 1037 2206 praecipua
1053 2166 1205 2206 corporis
1223 2165 1379 2197 membra
1396 2166 1570 2203 nominat,
1585 2175 1656 2197 non
1672 2164 1830 2196 excludit

227 2209 345 2247 caput.
393 2206 494 2245 Quod
513 2207 542 2238 si
561 2208 617 2238 cui
636 2207 814 2239 videbitur
832 2208 916 2239 haec
936 2208 1112 2249 responsio
1142 2219 1212 2240 non
1232 2219 1346 2240 carere
1376 2209 1535 2250 stropha,
1564 2219 1627 2249 age
1657 2208 1828 2240 donemus

228 2259 375 2290 puerum
388 2249 487 2282 illum
506 2251 649 2282 sensisse
668 2264 697 2282 (1.
800 2259 856 2289 41.
883 2251 1118 2293 pontificibUS,
1139 2262 1183 2283 an
1204 2252 1253 2283 0:
1287 2252 1448 2284 ecclesiae
1467 2251 1676 2293 proceribus.
1720 2251 1775 2283 An
1794 2265 1824 2282 (ι.

228 2301 284 2331 43.
310 2294 489 2334 potuerint
521 2294 585 2326 hoc
616 2307 645 2326 a.
825 2305 867 2326 ex
900 2295 949 2326 O:
994 2295 1094 2326 nobis
1125 2305 1168 2326 ex
1198 2308 1228 2326 a.
1394 2303 1448 2336 45.
1475 2295 1562 2327 Mihi
1591 2294 1749 2326 nondum
1781 2295 1826 2326 ad

228 2336 369 2377 plenum
393 2337 442 2369 O:
480 2337 532 2369 Ne
556 2338 641 2369 mihi
662 2338 804 2379 quidem
826 2338 893 2380 ipsi
912 2338 998 2369 satis
1020 2338 1134 2370 adhuc
1157 2338 1256 2380 plene
1280 2351 1310 2369 a.
1445 2347 1499 2379 47.
1528 2338 1640 2370 multa
1664 2338 1713 2370 O:
1751 2349 1827 2379 per-

230 2379 341 2411 multa
358 2393 387 2411 α.
568 2381 653 2413 1111111
671 2382 719 2413 O:
751 2381 837 2413 mihi
853 2382 995 2423 quidem
1019 2394 1048 2413 (ι.
1207 2391 1263 2420 49.
1289 2382 1349 2413 vbi
1368 2382 1394 2413 Ο
1409 2394 1416 2413 z
1447 2381 1551 2413 simul
1567 2385 1673 2423 atque
1691 2385 1825 2413 certum

230 2423 376 2464 vigilans
392 2436 420 2455 α.
550 2425 652 2463 Quod
668 2425 695 2456 0
710 2437 717 2456 z
748 2425 825 2456 Iam
841 2438 870 2456 α.
920 2463 924 2467 ῃ
1009 2433 1061 2465 50.
1088 2424 1182 2457 bulla
1199 2425 1245 2457 O:
1277 2425 1378 2457 Bulla
1395 2426 1518 2457 Leonis
1534 2437 1563 2456 α.
1692 2435 1755 2466 ego
1773 2424 1801 2456 O
1817 2437 1824 2456 ι

229 2467 354 2508 aliquis
372 2479 402 2498 a.
559 2469 707 2500 nesciret
729 2480 758 2499 α.
927 2469 1140 2500 meminisset
1158 2481 1189 2500 α.
1351 2476 1403 2508 51.
1428 2469 1570 2500 interim
1589 2469 1616 2500 O
1632 2480 1639 2499 :
1673 2469 1824 2506 interim,

230 2510 364 2551 opinor,
383 2510 447 2542 hac
465 2512 502 2542 in
525 2522 561 2543 re
581 2524 611 2544 α.
795 2519 846 2552 52.
872 2513 981 2544 etiam
1000 2512 1050 2544 O:
1083 2515 1119 2543 et
1141 2524 1171 2542 α.
1342 2512 1423 2544 Νο11
1447 2512 1604 2553 sequitur
1628 2511 1679 2544 O:
1703 2512 1826 2554 Neque

231 2564 312 2584 vcro
340 2557 431 2586 recte
459 2554 573 2596 colligi
600 2559 719 2597 potest
754 2570 783 2587 α.
946 2563 997 2595 53.
1023 2558 1077 2587 est
1093 2566 1135 2587 ex
1163 2555 1352 2587 traditione
1379 2555 1518 2588 Chn'sti.
1564 2555 1612 2587 Et
1636 2558 1756 2587 tamen
1773 2556 1824 2587 O:

231 2596 338 2628 habet
365 2601 523 2630 autorem
552 2598 738 2631 Christum.
790 2599 949 2640 Apostoli
976 2599 1210 2630 instituebant
1236 2599 1457 2631 ecclesiarum
1485 2599 1703 2641 disciplinam
1731 2598 1825 2630 haud

231 2640 334 2672 dubie
371 2642 456 2682 quin
501 2652 543 2673 ex
578 2643 800 2674 institutione
836 2642 961 2674 Christi
977 2654 985 2673 ι
1034 2642 1269 2674 instituebant
1305 2642 1519 2684 baptismum
1535 2654 1542 2674 :
1593 2642 1827 2674 instituebant

230 2684 420 2725 episcopos,
437 2685 497 2716 sed
512 2696 554 2717 ex
571 2686 761 2718 autoritate
776 2685 913 2718 Christi.
953 2686 1001 2717 Et
1016 2688 1135 2717 tamen
1150 2686 1267 2727 negari
1282 2697 1353 2718 non
1368 2689 1486 2728 potest
1501 2685 1613 2717 multa
1628 2685 1730 2717 huius
1746 2695 1826 2717 con-

230 2726 386 2759 fessionis
404 2728 553 2769 pendere
572 2739 614 2761 ex
634 2730 884 2761 constitutione
898 2729 1117 2772 pontificum,
1136 2729 1298 2761 videlicet
1318 2742 1347 2761 α.
1591 2736 1642 2768 54.
1669 2732 1825 2769 tempore

232 2769 384 2802 Paschae
409 2771 457 2803 O:
484 2772 530 2803 ad
553 2772 686 2804 Pascha
709 2786 739 2803 α.
967 2780 1017 2812 55.
1045 2772 1108 2804 tali
1130 2776 1193 2805 aut
1217 2797 1224 2804 .
1251 2797 1257 2804 .
1284 2797 1292 2805 .
1322 2780 1373 2816 57.
1396 2773 1477 2804 Non
1501 2773 1550 2805 O:
1577 2772 1656 2804 huic
1669 2775 1732 2803 aut
1744 2772 1825 2803 huic

232 2813 414 2852 sacerdoti,
428 2815 522 2855 quod
534 2826 604 2847 non
616 2817 730 2857 quiuis
742 2816 900 2848 sacerdos
912 2816 1062 2847 absoluit
1078 2826 1099 2847 a
1109 2816 1322 2857 quibuslibet
1334 2816 1504 2848 admissis.
1543 2816 1598 2847 Ex
1610 2815 1664 2846 1113
1675 2814 1827 2847 arbitror

230 2855 361 2896 liquere
391 2867 498 2897 quam
520 2858 567 2890 sit
592 2859 778 2890 manifesta
808 2858 983 2890 calumnia
1012 2859 1108 2900 quod
1133 2859 1180 2891 ad
1201 2859 1451 2891 consessionem
1473 2859 1614 2890 attinet.
1670 2857 1778 2889 Porro
1791 2870 1822 2888 a.

232 2898 281 2931 ibi
292 2898 319 2930 Ο
334 2910 341 2929 :
356 2899 425 2930 illic
441 2912 471 2931 a.
632 2902 727 2944 quod
743 2927 751 2934 .
773 2927 778 2933 .
799 2926 806 2934 .
831 2903 883 2943 58.
907 2902 1192 2934 commendatum
1208 2905 1261 2935 est
1277 2902 1305 2934 O
1321 2902 1430 2944 (quod
1447 2901 1557 2934 O²LB
1571 2913 1579 2932 ε
1603 2900 1733 2940 om.O²)
1750 2912 1758 2932 ε
1778 2900 1823 2932 ad

234 2941 329 2983 quod
344 2952 406 2974 nos
421 2942 583 2975 hortatur
598 2945 828 2987 Euangelium
843 2948 879 2977 et
894 2945 1104 2987 apostolicae
1119 2945 1239 2978 literae
1255 2958 1286 2977 α.

800 3041 852 3074 57.
877 3032 1019 3072 ieiunio]
1037 3033 1086 3064 Cf.
1107 3033 1171 3074 Ep.
1194 3042 1286 3073 1300.
1307 3043 1382 3072 2911.
