2012 3370
244 104 320 143 182
711 101 966 143 LETTERS
998 102 1070 143 OF
1100 102 1364 144 ERASMUS
1713 105 1836 155 [1523

241 226 312 253 eos
339 214 413 265 qui
441 213 625 258 Patrem,
652 211 806 250 Filium
831 214 875 250 et
898 210 1104 262 Spiritum
1130 215 1325 250 sanctum
1350 211 1557 250 auderent
1585 211 1721 251 dicere
1750 217 1836 252 tres

240 267 380 308 Deos:
431 268 520 307 siue
552 268 654 318 quia
685 266 851 318 putarit
882 269 977 305 tum
1010 266 1144 317 magis
1177 266 1532 317 patrocinandum
1565 266 1685 313 Filio,
1720 268 1840 306 cuius

239 322 428 361 humana
449 326 604 361 natura
625 320 812 360 faciebat
832 324 882 359 vt
903 320 1113 359 difficilius
1135 321 1458 371 persuaderetur
1480 320 1619 359 Deum
1641 334 1742 368 esse,
1766 322 1839 372 qui

239 377 352 416 idem
386 380 498 416 esset
530 376 759 415 homo—et
792 374 904 414 hunc
939 374 1086 414 Ariani
1119 375 1346 414 diuinitate
1381 375 1560 426 spoliare
1594 375 1838 422 tentabant,

158 448 224 479 420
240 443 373 482 quum
395 430 448 470 de
470 430 631 481 Spiritu
655 433 803 468 sancto
832 428 1023 467 nondum
1045 433 1156 468 esset
1177 430 1341 480 agitata
1363 430 1557 480 quaestio
1578 443 1586 476 ;
1626 431 1713 468 siue
1736 430 1839 469 haee

240 490 433 524 veterum
461 484 604 535 religio
631 483 727 531 fuit,
753 488 816 530 vt,
844 483 944 522 licet
968 483 1107 522 Deum
1135 484 1202 535 pie
1226 488 1539 531 venerarentur,
1562 484 1666 522 nihil
1692 488 1839 523 tamen

240 539 292 578 dc
326 553 375 578 eo
409 540 688 590 pronunciare
722 538 929 577 auderent
962 538 1078 589 quod
1111 551 1197 577 non
1231 543 1340 577 esset
1374 543 1519 589 aperte
1553 539 1762 577 traditum
1795 539 1839 577 in

239 595 367 633 saeris
402 593 702 632 voluminibus.
761 592 814 632 In
848 592 1004 644 quibus
1039 597 1089 631 vt
1123 593 1347 644 aliquoties
1381 593 1487 632 Filio
1522 593 1726 632 tribuitur
1760 593 1840 632 Dei

239 661 485 699 cognomen,
523 648 586 687 ita
622 647 799 699 Spiritui
841 651 989 686 sancto
1026 660 1238 699 nusquam
1275 652 1449 699 aperte;
1502 649 1633 687 etiam
1670 649 1705 686 si
1741 652 1839 699 post

155 718 197 747 42
205 719 219 751 5
239 702 575 742 orthodoxorum
602 703 674 754 pia
702 702 922 741 curiositas
950 701 1112 741 idoneis
1140 703 1400 753 argumentis
1428 703 1635 754 comperit
1661 715 1684 741 e
1712 703 1840 741 saeris

238 757 370 796 literis
396 758 441 796 in
468 756 675 808 Spiritum
699 760 895 795 sanctum
919 761 1157 808 competere
1186 756 1389 808 quicquid
1418 757 1525 796 Filio
1554 757 1837 803 tribuebatur,

238 816 418 863 excepta
435 824 710 863 personarum
734 812 1007 862 proprietate.
1066 811 1148 851 Sed
1171 812 1226 850 ob
1247 812 1677 863 imperuestigabilem
1699 824 1838 850 rerum

238 866 484 905 diuinarum
506 866 815 905 obscuritatem
835 866 880 904 in
901 865 1147 904 nominibus
1164 865 1404 904 tribuendis
1422 870 1515 904 erat
1530 866 1676 917 religio
1695 879 1703 904 ε
1726 865 1778 904 (16
1795 878 1839 904 16

238 921 385 959 diuina
413 921 532 960 nefas
561 934 651 960 esse
679 920 896 959 ducebant
924 920 1016 958 aliis
1045 920 1184 959 verbis
1213 920 1329 970 loqui
1358 933 1488 971 quam
1518 933 1661 959 sacrae
1693 920 1840 959 literae

155 991 176 1021 4
180 990 222 1022 30
238 975 513 1026 loquerentur
557 979 601 1014 et
646 975 817 1026 publica
862 974 1074 1013 Ecclesiae
1119 974 1309 1013 traderet
1353 975 1575 1013 autoritas.
1633 974 1839 1025 Spiritum

239 1034 435 1069 sanctum
454 1030 656 1080 legerant,
678 1028 884 1080 Spiritum
914 1028 993 1067 Dei
1012 1028 1213 1080 legerant,
1236 1028 1442 1080 Spiritum
1462 1029 1617 1068 Christi
1636 1029 1837 1080 legerant.

238 1083 487 1123 Didicerant
509 1097 562 1122 ex
591 1083 824 1134 Euangelio
853 1083 1059 1134 Spiritum
1084 1087 1280 1122 sanctum
1302 1096 1389 1122 non
1412 1084 1574 1134 seiungi
1597 1096 1623 1122 a
1646 1083 1773 1122 Patre
1796 1087 1840 1122 et

238 1138 357 1178 Filio.
416 1138 635 1177 Doeentur
658 1139 770 1177 enim
794 1137 989 1189 Apostoli
1013 1138 1231 1189 baptizare
1253 1139 1298 1177 in
1321 1139 1491 1178 nomine
1515 1138 1655 1177 Patris
1678 1142 1722 1176 et
1744 1137 1840 1176 Filii

237 1197 282 1231 et
301 1192 483 1244 Spiritus
504 1193 653 1232 sancti.
711 1192 895 1232 Seruant
922 1193 1054 1231 trium
1073 1205 1349 1243 personarum
1369 1193 1629 1232 consortium
1649 1192 1839 1232 solennes

154 1262 217 1294 435
236 1247 332 1286 illae
356 1247 563 1299 preculae,
591 1261 643 1286 ex
668 1247 964 1298 antiquissimo
989 1246 1201 1286 Ecclesiae
1224 1248 1310 1286 ritu
1335 1247 1457 1286 nobis
1480 1247 1664 1294 relictae,
1691 1247 1840 1286 breues

236 1302 360 1341 iuxta
392 1315 441 1341 ae
474 1302 638 1349 doctae,
672 1303 717 1340 in
749 1301 904 1353 quibus
937 1301 1065 1341 Pater
1096 1306 1272 1353 rogatur
1303 1315 1377 1353 per
1409 1302 1563 1341 Filium
1595 1303 1640 1340 in
1672 1302 1840 1340 vnitate

236 1356 419 1408 Spiritus
457 1358 605 1395 saneti.
675 1355 804 1395 Pater
838 1355 1179 1407 frequentissime
1215 1356 1331 1396 Deus
1367 1360 1558 1404 vocatur,
1598 1356 1729 1395 Filius
1765 1356 1838 1395 ali·

236 1412 416 1462 quoties,
441 1411 624 1462 Spiritus
648 1414 821 1450 sanctus
842 1414 986 1450 exerte
1007 1424 1241 1462 nunquam.

291 1466 434 1517 Atque
467 1466 570 1504 haee
602 1465 795 1513 dixerim,
829 1478 915 1504 non
947 1469 998 1504 vt
1028 1466 1073 1504 111
1105 1466 1283 1504 dubium
1316 1479 1478 1513 vocem,
1513 1465 1629 1517 quod
1659 1465 1782 1504 nobis
1814 1479 1837 1503 e

153 1533 221 1566 440
237 1520 392 1559 diuinis
432 1520 563 1559 literis
603 1524 776 1571 patrum
817 1519 1152 1559 orthodoxorum
1191 1520 1372 1559 tradidit
1411 1521 1633 1567 autoritas,
1675 1520 1749 1559 sed
1789 1524 1839 1558 vt

237 1575 461 1614 ostendam
500 1578 665 1625 quanta
701 1574 830 1613 fuerit
868 1575 1056 1625 antiquis
1093 1574 1237 1626 religio
1275 1574 1585 1626 pronunciandi
1623 1574 1676 1613 de
1712 1574 1838 1613 rebus

237 1629 405 1676 diuinis,
442 1641 575 1681 quum
611 1629 800 1668 sanetius
834 1629 965 1667 etiam
1000 1642 1071 1668 eas
1106 1629 1292 1668 colerent
1326 1642 1456 1680 quam
1491 1642 1596 1668 nos:
1647 1629 1722 1680 qui
1755 1629 1838 1667 hue

237 1683 440 1723 audaciae
470 1684 754 1734 prorupimus,
786 1687 836 1722 vt
866 1696 952 1723 non
983 1696 1205 1722 vereamur
1234 1684 1341 1723 Filio
1371 1683 1653 1735 praescribere
1684 1683 1839 1734 quibus

237 1738 374 1777 modis
426 1737 622 1777 debuerit
673 1738 880 1777 honorare
934 1742 1115 1777 matrem
1168 1751 1303 1777 suam.
1361 1738 1580 1777 Audemus
1633 1738 1838 1788 Spiritum

152 1805 216 1838 445
238 1797 434 1832 sanetum
464 1792 677 1844 appellare
704 1792 844 1832 Deum
872 1805 1033 1839 verum,
1064 1806 1115 1832 ex
1149 1792 1277 1832 Patre
1305 1792 1496 1844 Filioque
1524 1792 1837 1843 procedentem,

236 1847 353 1899 quod
373 1851 538 1887 veteres
559 1847 652 1886 ausi
672 1860 759 1886 non
780 1850 905 1887 sunt:
944 1847 1018 1886 sed
1038 1847 1167 1886 iidem
1189 1861 1275 1887 non
1296 1860 1491 1886 veremur
1510 1847 1630 1886 11111111
1660 1846 1839 1886 subinde

236 1903 392 1941 nostris
417 1901 641 1941 sceleribus
668 1915 720 1940 ex
746 1902 877 1941 animi
901 1903 1037 1941 nostri
1062 1902 1223 1953 templo
1249 1902 1488 1949 deturbare,
1516 1901 1689 1953 perinde
1714 1901 1837 1952 quasi

237 1957 500 1996 crederemus
524 1955 731 2008 Spiritum
760 1960 956 1996 sanctum
983 1956 1089 1995 nihil
1112 1957 1229 1996 aliud
1251 1970 1341 1996 esse
1364 1969 1495 2008 quam
1517 1958 1644 1995 inane
1667 1969 1835 1995 nomen,=

239 2011 608 2058 Quemadmodum
648 2011 836 2062 plerique
874 2015 1081 2059 veterum,
1123 2012 1197 2063 qui
1234 2024 1402 2051 summa
1440 2012 1601 2062 pietate
1640 2010 1839 2050 colebant

152 2077 220 2110 450
237 2064 404 2112 Filium,
430 2069 576 2104 tamen
599 2065 824 2104 homusion
847 2065 984 2104 dicere
1008 2066 1278 2113 verebantur,
1304 2065 1420 2117 quod
1443 2079 1493 2105 ea
1515 2079 1601 2105 vox
1623 2078 1837 2116 nusquam

237 2121 282 2158 in
308 2121 436 2159 sacris
462 2120 594 2159 literis
620 2119 861 2158 haberetur.
919 2120 1038 2160 Adeo
1064 2121 1178 2172 prior
1204 2121 1288 2159 fuit
1314 2120 1526 2159 Ecclesiae
1552 2120 1768 2171 profectus
1792 2120 1838 2158 in

237 2175 426 2225 puritate
446 2175 562 2213 vitae
582 2186 713 2224 quam
732 2175 778 2213 in
797 2178 950 2213 exacta
974 2176 1213 2226 cognitione
1243 2175 1484 2214 diuinitatis
1503 2188 1511 2222 ;
1548 2187 1626 2214 1166
1646 2186 1836 2225 vnquam

238 2228 332 2280 plus
372 2229 537 2280 aceepit
576 2228 787 2279 dispendii
826 2241 956 2279 quam
997 2242 1130 2280 quum
1169 2230 1214 2268 in
1254 2229 1490 2268 eruditione
1530 2229 1834 2280 philosophica,

237 2283 410 2322 demum
429 2287 473 2322 et
489 2284 534 2322 in
552 2283 704 2334 opibus
722 2283 847 2322 huius
865 2283 1014 2322 mundi
1032 2296 1162 2334 quam
1181 2285 1366 2323 maxime
1383 2285 1645 2334 promouisse
1663 2282 1834 2321 videba-

154 2349 175 2380 4
179 2349 217 2382 55
237 2341 308 2377 tur
327 2350 336 2377 :
367 2351 455 2377 non
469 2337 586 2389 quod
599 2350 674 2389 per
688 2350 732 2376 se
747 2337 883 2377 malae
899 2339 985 2377 sint
1000 2351 1112 2390 opes,
1130 2338 1204 2377 sed
1218 2338 1334 2390 quod
1348 2338 1596 2390 plerumque
1610 2337 1836 2376 inuoluant

237 2392 452 2432 hominem
473 2393 583 2431 euris
603 2392 728 2431 huius
748 2392 911 2431 mundi.

290 2446 380 2486 Nee
406 2460 481 2498 per
507 2460 550 2486 se
577 2446 691 2486 mala
716 2450 782 2487 est
808 2447 1003 2494 eruditio,
1033 2447 1106 2486 sed
1132 2447 1366 2499 plerunque
1392 2447 1527 2499 gignit
1551 2446 1760 2485 factiones
1786 2458 1835 2485 ae

237 2500 423 2541 dissidia.
481 2501 752 2541 Praetexitur
767 2501 868 2540 fidei
883 2501 1116 2541 catholicae
1133 2501 1336 2550 defensio,
1352 2505 1398 2541 et
1412 2502 1583 2540 interim
1600 2501 1837 2540 admiscent

237 2568 326 2595 sese
348 2555 527 2595 affectus
548 2556 720 2607 priuati,
743 2559 788 2596 et
809 2556 888 2595 sub
911 2556 1066 2596 Christi
1086 2556 1216 2596 titulo
1237 2556 1421 2597 Satanae
1442 2557 1665 2607 negocium
1681 2556 1834 2607 agitur.

154 2613 223 2652 460
237 2609 336 2649 Non
352 2610 468 2661 quod
484 2610 570 2649 tale
587 2610 809 2662 quippiam
826 2611 1012 2662 suspicer
1028 2611 1081 2650 de
1098 2611 1262 2651 Hilario
1280 2611 1404 2662 quale
1422 2615 1537 2650 certo
1556 2611 1836 2661 comperimus

236 2665 282 2703 in
300 2665 557 2716 quibusdam
576 2664 702 2704 huius
721 2665 890 2704 aetatis.
947 2665 1031 2705 Sed
1049 2669 1196 2706 tamen
1215 2679 1348 2717 quum
1367 2666 1544 2712 viueret,
1566 2665 1694 2704 homo
1713 2667 1806 2703 erat
1825 2676 1834 2710 3

237 2731 324 2758 non
352 2719 526 2759 carebat
553 2719 751 2759 humanis
780 2719 1033 2767 affectibus;
1077 2720 1168 2760 falli
1196 2724 1379 2772 poterat,
1411 2720 1623 2771 corrumpi
1650 2721 1834 2770 poterat.

239 2772 411 2813 Eiectus
443 2777 536 2813 erat
567 2786 616 2813 66
648 2774 880 2813 damnatus
911 2778 1004 2814 erat
1035 2787 1109 2826 per
1141 2774 1448 2822 Saturninum3
1496 2773 1613 2826 apud
1644 2773 1835 2823 Phrygas

239 2827 432 2867 barbarie
458 2828 620 2868 nobiles
646 2828 850 2868 exulabat
876 2841 1009 2868 annos
1036 2829 1228 2882 aliquot3
1272 2829 1451 2881 vrgebat
1476 2828 1613 2868 modis
1639 2827 1836 2866 omnibus

283 2966 356 2998 430.
382 2958 418 2987 et
436 2956 576 2997 publiea
595 2980 603 2988 .
625 2979 632 2988 .
656 2981 662 2988 .
685 2957 856 2989 autoritas
875 2958 950 2990 add.
972 2959 1005 2991 B.
1082 2959 1155 3000 438.
1182 2960 1298 2990 exerte
1317 2957 1391 2990 add.
1413 2959 1447 2991 β.
1523 2966 1597 2999 445.
1623 2965 1745 2988 verum
1764 2978 1772 2986 .
1795 2979 1803 2987 .
1825 2978 1833 2987 .

240 2999 484 3041 procedentem
506 3001 579 3032 add.
603 3002 636 3034 β.
737 3004 811 3044 446.
837 3001 913 3034 ausi
933 3011 1003 3034 non
1024 3005 1107 3033 sunt
1126 3013 1169 3033 a:
1204 3000 1407 3043 aliquandiu
1428 3010 1497 3033 non
1519 3000 1683 3032 videntur
1703 2999 1778 3031 ausi
1799 3002 1833 3034 β.
