2012 3370
197 140 277 180 294
675 142 930 181 LETTERS
961 141 1034 182 OF
1063 143 1327 185 ERASMUS
1679 146 1805 197 [1523

200 252 323 290 aiunt
342 252 522 291 decretis
541 255 691 290 contra
711 264 777 290 me
798 252 1153 291 executorialibus
1174 252 1407 292 Adrianum
1429 253 1648 299 ademisse,
1671 266 1800 304 quam

200 310 270 345 tot
305 306 508 345 molestiis
545 307 718 345 viuente
754 306 894 345 Leone
929 310 1100 345 tutatus
1135 320 1243 346 sum.
1301 307 1435 358 Atqui
1471 307 1662 346 nondum
1699 308 1803 346 mihi

200 361 414 399 insinuate
441 364 569 406 sunt3
612 373 749 411 neque
776 360 828 399 de
854 364 979 400 tanto
1005 360 1224 408 Pontifice,
1252 363 1325 412 qui
1352 375 1559 413 pauperes
1584 361 1802 400 literarum

140 432 185 456 20
202 419 414 453 amatores
449 415 690 453 euehendos
725 416 924 466 suscepit,
962 415 1129 454 credere
1163 416 1207 455 id
1242 416 1374 455 libet:
1427 417 1507 455 nisi
1543 416 1659 466 quod
1695 416 1804 454 male

203 473 348 508 metuo
381 473 424 508 et
456 469 619 508 Romae
651 469 843 508 fortassis
874 469 1015 509 locum
1047 483 1136 509 esse
1167 471 1455 522 syeophantis.
1515 470 1609 509 Scio
1642 471 1806 509 miraris

203 523 439 574 consylium
474 536 629 570 meum,
666 525 739 574 qui
773 524 968 564 exclusus
1002 527 1297 576 praepositura
1330 526 1459 564 etiam
1495 524 1572 563 tali
1606 525 1704 563 aula
1739 537 1805 562 me

203 577 396 624 excludo,
425 579 547 628 quasi
574 578 789 617 obstinate
816 578 943 618 velim
970 579 1026 618 ad
1052 581 1297 631 pauperiem
1324 579 1525 618 affectare
1551 580 1680 626 viam,
1709 592 1805 617 cum

203 645 256 671 ne
290 633 502 671 teruntius
536 632 708 683 quidem
742 634 938 684 supersit.
996 633 1130 685 Atqui
1163 635 1377 673 sententia
1410 634 1530 672 sedet
1562 633 1666 672 nihil
1701 633 1808 672 velle

142 703 180 736 25
204 686 386 737 amplius
433 688 613 738 experiri
660 691 751 726 tam
803 689 1286 738 inconstantiss<imam>
1338 688 1556 727 fortunam
1610 688 1805 726 aulicam.

203 741 317 779 Malo
351 742 512 792 egregie
546 742 702 781 esurire
735 755 865 793 quam
899 743 1030 782 toties
1062 747 1229 782 mutare
1263 743 1446 782 vultum.
1504 742 1569 781 Tu
1603 755 1670 781 me
1704 742 1809 780 data

204 795 423 834 occasione
446 795 644 835 Pontifici
668 797 951 835 commendes.

259 849 444 889 Hutteni
462 850 650 889 libellum
670 864 872 890 excusum
892 852 1026 890 aiunt.
1085 851 1237 890 Nescio
1256 851 1359 902 quid
1378 852 1539 890 homini
1557 851 1602 890 in
1620 854 1807 890 mentem

205 906 370 943 venerit
394 908 445 943 vt
468 908 525 951 te,
553 909 746 944 autorem
773 919 868 944 cum
893 906 1205 944 renascentium
1230 906 1449 945 literarum
1474 910 1569 945 tum
1593 905 1811 944 redeuntis

145 974 189 1007 30
206 959 392 1009 pietatis,
417 959 711 1010 impetendum
735 963 958 998 statueret.
1017 960 1227 999 Fortassis
1250 960 1411 999 homini
1434 960 1551 999 dolet
1574 960 1811 999 moderatio

205 1014 290 1052 ista
309 1026 317 1052 τ
353 1026 484 1064 quam
503 1015 753 1053 existimant
771 1014 842 1052 alii
861 1013 1118 1053 callidiorem
1138 1027 1268 1065 quam
1287 1018 1338 1054 vt
1356 1015 1435 1054 hoc
1453 1014 1594 1054 seculo
1613 1014 1811 1066 prodesse

206 1068 354 1118 possit,
386 1080 490 1118 qum
520 1069 664 1107 omnia
693 1067 749 1107 ad
778 1069 1019 1107 nouitatem
1049 1073 1258 1120 spectent,
1289 1081 1427 1120 neque
1457 1082 1552 1120 spes
1582 1070 1639 1108 sit
1668 1069 1812 1108 omnia

208 1121 414 1160 hactenus
442 1126 615 1173 recepta
644 1135 752 1173 eque
779 1122 966 1162 valitura
995 1123 1111 1174 apud
1140 1128 1346 1174 posteros.
1405 1123 1509 1162 Vale
1537 1125 1582 1162 in
1610 1124 1809 1169 Domino,

207 1175 636 1225 obseruandiss<ime>
656 1181 919 1228 praeceptor.

147 1248 184 1281 35
260 1229 519 1282 Argentinae
542 1231 592 1271 18
615 1230 729 1270 Iunii
749 1231 874 1271 Anno
896 1232 1038 1272 xxiiio.

551 1393 739 1434 13671369
800 1392 869 1434 ΤΟ
902 1392 1164 1436 CUTHBERT
1197 1394 1466 1437 TUNSTALL.

257 1474 358 1518 Opus
375 1473 626 1518 Epistolarum
641 1485 676 1519 p.
694 1476 774 1519 883.
1525 1476 1643 1511 Basle.

256 1532 301 1566 N.
319 1543 353 1575 p.
371 1532 464 1576 836:
492 1531 609 1567 Lond.
627 1532 715 1566 xxii.
731 1541 802 1575 23:
830 1530 904 1566 LB.
920 1541 1001 1576 793.
1422 1534 1542 1575 <June
1557 1534 1619 1569 fin.
1640 1537 1765 1578 1523>

254 1604 362 1645 [That
378 1604 449 1635 this
464 1603 568 1635 letter
583 1614 733 1636 answers
750 1604 815 1646 Ep.
839 1606 922 1646 1367
938 1605 967 1636 is
984 1604 1075 1636 clear
1092 1605 1177 1638 both
1194 1606 1284 1638 from
1300 1607 1346 1639 its
1363 1607 1517 1649 position
1531 1607 1569 1639 in
1586 1607 1620 1638 H
1637 1606 1707 1639 and
1724 1606 1813 1638 from

211 1649 271 1680 the
289 1647 408 1679 verbal
427 1648 643 1688 quotations,
662 1658 726 1690 eg.
746 1648 783 1679 in
800 1647 834 1679 ll.
858 1651 911 1688 38,
930 1660 950 1690 5
955 1657 984 1688 3.
1028 1649 1064 1680 It
1081 1649 1110 1680 is
1127 1650 1388 1683 inconceivable
1407 1651 1488 1682 that
1506 1651 1671 1682 Erasmus
1690 1649 1814 1682 should

211 1692 300 1723 have
318 1691 446 1722 waited
463 1695 533 1723 two
549 1701 650 1733 years
669 1694 706 1723 to
723 1691 821 1733 reply
839 1694 877 1723 to
894 1692 979 1723 such
997 1702 1018 1723 a
1034 1692 1139 1724 letter
1153 1705 1161 1725 z
1192 1704 1232 1726 so
1249 1694 1330 1726 that
1343 1694 1402 1726 the
1420 1694 1602 1736 year-date
1614 1693 1718 1735 given
1730 1694 1766 1725 in
1780 1693 1814 1725 H

211 1738 306 1767 must
324 1734 366 1766 be
385 1744 512 1776 wrong.
554 1734 610 1766 An
629 1735 875 1776 approximate
893 1735 1116 1768 mouth-date
1136 1747 1218 1779 may
1237 1737 1280 1770 be
1297 1738 1468 1780 assigned.

255 1778 327 1810 The
354 1778 510 1810 firmness
536 1778 623 1810 with
649 1778 762 1810 which
789 1778 956 1810 Erasmus
982 1779 1172 1812 maintains
1197 1781 1252 1812 his
1278 1781 1471 1823 mediating
1497 1780 1652 1812 attitude
1679 1779 1817 1822 against

211 1822 270 1854 the
287 1821 428 1853 suasion
444 1821 479 1854 of
495 1821 550 1853 his
570 1821 715 1863 English
731 1825 876 1864 patrons
890 1822 920 1853 is
935 1822 1158 1863 noticeable]

270 1921 486 1952 ERASMVS
521 1922 876 1953 ROTERODAMVS
911 1921 1158 1953 CVTBERTO
1193 1922 1481 1961 TONSTALLO,
1519 1921 1746 1952 EPISCOPO

768 1980 1116 2018 LONDONIENSI,
1152 1981 1187 2010 S.
1211 1983 1256 2010 D.

269 2043 404 2082 ISTVD
435 2046 526 2081 tam
556 2043 675 2094 pium
706 2043 911 2090 studium,
942 2047 1033 2082 tam
1063 2042 1315 2095 flagrantem
1345 2055 1443 2094 erga
1472 2041 1705 2081 Ecclesiam
1735 2041 1815 2080 Dei

215 2098 351 2137 zelum
374 2110 461 2135 non
484 2110 654 2148 possum
680 2097 877 2149 equidem
900 2111 987 2136 non
1009 2097 1282 2136 vehementer
1305 2097 1497 2149 probare,
1523 2095 1697 2135 Praesul
1719 2107 1816 2134 cum

216 2153 362 2203 primis
383 2151 647 2190 obseruande
666 2165 675 2198 3
712 2165 789 2191 nec
809 2151 961 2191 dubito
982 2153 1086 2203 quin
1105 2153 1236 2191 istum
1258 2153 1414 2191 mentis
1432 2152 1641 2202 impetum
1661 2150 1818 2189 iudicio

179 2206 460 2257 Ssusceperis.
518 2205 579 2245 At
612 2205 716 2245 mihi
750 2207 917 2257 meique
952 2206 1159 2246 similibus
1193 2205 1616 2258 circumspiciendum
1651 2208 1717 2244 est
1749 2217 1817 2251 ne,

215 2259 333 2312 quod
375 2259 522 2299 scribit
564 2259 808 2312 Apostolus,
857 2260 993 2299 zelum
1041 2260 1287 2308 habeamus,
1331 2260 1406 2300 sed
1453 2273 1539 2299 non
1585 2258 1818 2298 secundum

218 2314 468 2361 scientiam3
515 2327 578 2362 ac,
609 2315 733 2354 iuxta
763 2314 1039 2354 Parmenonis
1069 2316 1218 2354 comici
1248 2315 1425 2362 dictum,
1457 2313 1735 2354 metuendum
1766 2325 1819 2351 ne

217 2370 397 2409 nimium
430 2368 614 2408 calidum
646 2369 726 2408 hoc
758 2370 814 2408 sit
845 2369 985 2408 modo.
1044 2368 1261 2420 Siquidem
1293 2369 1418 2408 video
1450 2367 1707 2420 quibusdam
1739 2379 1819 2406 Vsu

660 2460 753 2492 1368.
779 2470 829 2502 33.
857 2459 1010 2491 volitura
1027 2458 1131 2491 MS:
1162 2467 1242 2491 corr.
1262 2458 1360 2490 Hess.

219 2553 258 2581 at
284 2549 482 2590 Strasburg.
532 2549 601 2581 For
624 2548 710 2580 rival
739 2549 924 2581 claimants
947 2552 984 2580 to
1102 2549 1196 2581 1368.
1224 2560 1273 2591 17.
1299 2546 1607 2586 executorialibus]
1623 2558 1667 2579 sc.
1684 2546 1818 2585 literis;

220 2596 250 2625 it
268 2604 323 2624 see
344 2594 381 2624 P.
406 2592 579 2624 Kalkoff's
601 2592 734 2633 Capito,
759 2602 858 2633 1907,
877 2593 931 2624 ch.
956 2604 985 2626 1.
1052 2593 1095 2624 cf.
1116 2593 1178 2634 Ep.
1202 2601 1295 2632 1374.
1317 2601 1370 2635 73.

220 2637 353 2669 Adrian
383 2646 421 2668 Vi
450 2636 521 2668 had
549 2636 692 2668 secured
720 2637 751 2668 it
780 2640 817 2668 to
848 2636 986 2677 Capito,
1100 2647 1150 2677 19.
1176 2636 1356 2667 literarum
1375 2633 1563 2674 amatores]
1581 2634 1624 2666 In
1642 2644 1818 2665 announc-

220 2679 393 2722 probably
426 2680 463 2711 in
501 2689 596 2720 1522,
632 2679 718 2711 with
752 2680 812 2711 the
847 2690 987 2721 express
1052 2680 1111 2721 ing
1156 2679 1216 2711 the
1261 2683 1365 2720 grant
1409 2679 1444 2710 of
1489 2679 1549 2712 the
1594 2677 1819 2720 provostship

222 2724 446 2765 expectation
477 2724 559 2755 that
589 2724 631 2755 he
662 2723 777 2755 would
808 2723 988 2765 definitely
1054 2723 1227 2755 Aleander
1263 2723 1333 2754 had
1368 2723 1509 2755 written
1545 2724 1614 2763 (see
1649 2722 1671 2753 l.
1715 2722 1816 2760 16n):

221 2767 295 2798 side
318 2767 405 2798 with
427 2767 487 2798 the
512 2767 648 2799 Church
671 2768 809 2808 against
832 2767 986 2799 Luther:
1056 2765 1063 2779 ⁴
1078 2777 1191 2808 neque
1222 2766 1429 2798 Pontificem
1459 2776 1531 2797 esse
1562 2769 1637 2797 tam
1667 2775 1688 2796 a
1719 2764 1819 2796 bonis

222 2820 278 2841 see
308 2821 328 2841 a
357 2811 461 2842 letter
491 2811 526 2842 of
562 2811 736 2842 Aleander
773 2814 811 2842 to
850 2811 989 2852 Capito,
1052 2811 1162 2842 literis
1192 2810 1348 2852 beneque
1375 2810 1527 2842 literatis
1554 2809 1638 2840 viris
1667 2807 1819 2839 alienum

223 2853 365 2895 printed
397 2854 444 2895 by
476 2854 730 2895 Friedensburg
762 2854 882 2894 (ZKG.
916 2855 989 2892 xvi,
1055 2864 1162 2896 quam
1178 2854 1337 2886 nonnulli
1353 2854 1504 2896 pingunt
1519 2853 1538 2884 ’.
1581 2852 1642 2884 See
1660 2851 1732 2882 also
1750 2851 1816 2893 Ep.

228 2898 324 2937 1896,
336 2907 369 2938 p.
385 2899 478 2937 499),
495 2898 567 2929 and
583 2908 603 2928 a
619 2908 764 2939 passage
781 2897 989 2939 deciphered
1058 2907 1070 2929 1
1081 2900 1152 2931 166.
1174 2907 1270 2939 105n.

226 2940 539 2982 subsequently‚in
551 2941 896 2983 Kalkoff‚op.cit.‚p.
915 2951 988 2981 129.
1102 2943 1155 2974 28.
1180 2939 1349 2981 libellum]
1373 2940 1435 2973 See
1457 2939 1522 2981 Ep.
1550 2940 1644 2980 1356.
1662 2941 1742 2978 63u.

225 2983 276 3017 Of.
292 2983 365 3015 also
379 2983 444 3025 Ep.
462 2993 555 3024 1374.
596 2993 626 3016 2.
665 2984 709 3017 Of
722 2985 782 3016 the
795 2988 990 3026 sequestra·
1105 2984 1200 3017 1369.
1225 2995 1256 3027 5.
1281 2981 1484 3026 Apostolus]
1501 2982 1603 3014 Rom.
1626 2991 1676 3013 10.
1694 2991 1725 3014 2.

225 3028 304 3060 tion
314 3026 562 3069 herereported
597 3028 671 3060 find
680 3028 990 3061 noconfirmation.
1102 3031 1132 3060 6.
1159 3026 1399 3065 Parmenonis]
1415 3026 1490 3058 Ter.
1509 3026 1598 3058 Eun.
1618 3027 1693 3066 380.
