2012 3370
121 115 242 164 1503]
424 112 584 152 FROM
614 112 779 151 DUKE
809 110 1044 151 GEORGE
1076 111 1146 150 or
1176 110 1410 149 SAXONY
1637 111 1708 148 561

115 224 319 263 discussio
348 223 402 262 ab
431 224 532 274 ipsis
560 234 644 261 non
674 221 843 272 pendet.
902 221 1043 272 Atque
1074 226 1121 259 vt
1150 219 1358 271 intelligas
1388 233 1439 257 ex
1469 220 1610 257 animo
1640 231 1715 256 nos

116 278 314 325 iudicare,
338 278 549 316 mittimus
569 276 636 315 hic
657 277 789 326 ipsius
811 275 985 314 Lutheri
1006 275 1192 313 libellum
1216 274 1280 313 De
1301 273 1422 313 Votis
1442 287 1450 320 3
1488 274 1540 311 de
1562 273 1716 323 quibus

117 345 214 372 cum
245 336 290 371 et
321 331 548 371 vernacula
577 329 722 381 lingua
753 329 939 368 nefanda
970 330 1195 380 scripserit,
1229 330 1383 367 mirum
1415 331 1521 379 quot
1553 328 1717 366 animas

115 386 341 426 offenderit
368 390 498 437 atque
525 399 547 424 e
574 385 840 423 monasteriis
868 384 920 422 ad
949 383 1187 434 prostibula
1214 384 1407 434 coegerit.
1465 382 1522 421 Vt
1549 394 1646 433 ergo
1674 385 1717 419 et

114 440 196 480 illis
221 445 352 492 atque
377 440 482 486 aliis,
510 439 583 490 qui
608 438 747 476 adhuc
773 442 877 476 vota
901 438 1087 476 reddunt
1113 437 1185 475 sed
1211 442 1357 475 tamen
1382 436 1598 482 dubitant,
1626 448 1715 474 suc-

115 499 322 541 curratur,
355 494 576 533 hortamur
606 496 650 530 te
682 504 948 542 summopere
980 496 1029 530 vt
1061 503 1230 542 quoque
1261 492 1305 529 in
1337 491 1416 529 hoc
1448 495 1641 529 veterum
1673 493 1717 528 et

112 548 331 589 Catholice
366 547 577 587 Ecclesiae
611 546 867 584 sententiam
902 549 970 584 tot
1004 544 1152 584 seculis
1187 544 1458 584 obseruatam
1492 543 1716 583 defendere

115 608 245 654 atque
280 602 334 641 ab
367 602 508 653 impiis
542 613 590 639 ac
624 599 810 638 infandis
844 600 1020 650 argutiis
1054 599 1269 638 vindicare
1304 603 1347 637 et
1382 611 1563 637 asserere
1598 597 1714 636 velis.

116 656 267 696 Procul
289 656 420 695 dubio
441 655 553 694 enim
575 653 787 693 fautorem
809 657 853 692 et
875 653 1114 691 adiutorem
1137 652 1313 691 habebis
1336 652 1474 691 Deum
1496 654 1649 703 ipsum,
1673 657 1715 690 et

114 724 259 750 omnes
278 710 378 749 boni
396 713 440 748 et
458 709 516 760 pii
533 707 612 747 tibi
631 707 928 753 assentientur,
949 711 992 745 et
1009 708 1053 745 in
1071 706 1198 745 finem
1218 719 1350 757 vsque
1369 706 1716 757 perseuerabunt.

115 764 338 804 Peruersos
367 767 511 802 autem
540 766 617 801 aut
644 761 699 801 ad
728 760 942 800 meliorem
971 760 1135 812 frugem
1164 765 1208 799 et
1235 762 1569 811 resipiscentiam
1597 772 1714 798 reuo-

114 818 230 858 cabis
246 822 322 857 aut
338 817 393 856 ad
408 817 623 856 silentium
640 816 795 867 adiges.
841 814 1037 854 Ceterum
1053 815 1347 865 respondimus
1363 827 1497 865 nuper
1513 814 1716 865 epistolae

114 877 215 912 tuae
231 873 283 911 de
299 871 643 923 Epphendoipio.
694 869 1008 920 Desyderamus
1023 882 1120 920 ergo
1142 882 1167 907 a
1187 874 1230 907 te
1250 869 1431 919 desuper
1449 881 1714 920 responsum.

169 927 282 966 Bene
304 925 397 965 vale
418 925 572 977 Lypsie
593 924 630 963 A
649 928 848 976 reparat-a
868 923 1004 963 salute
1025 924 1162 963 Anno.
1185 933 1452 962 M.D.XX11110.

521 1081 644 1122 1504.
705 1077 774 1119 To
807 1077 1031 1119 WILLIAM
1064 1077 1306 1119 WARHAM.

157 1170 376 1216 Hieronymi
393 1169 513 1214 Opera
531 1169 579 1208 iv,
599 1169 660 1203 tit.
680 1172 735 1204 νο.
1441 1167 1559 1202 Basle.

158 1228 283 1263 Jortin
299 1228 338 1263 ii.
359 1237 438 1272 541.
1327 1235 1366 1259 10
1386 1224 1546 1259 October
1568 1233 1667 1268 1524.

157 1297 244 1338 [The
264 1296 400 1338 preface
420 1299 458 1327 to
477 1295 546 1328 vol.
567 1296 602 1326 iv
622 1294 659 1327 of
678 1294 738 1326 the
757 1305 831 1326 new
851 1294 984 1326 edition
1004 1294 1040 1326 of
1058 1294 1209 1331 -Jerome‚
1231 1293 1344 1331 Basle,
1365 1292 1512 1330 Froben,
1538 1301 1617 1333 1525
1641 1293 1689 1332 (α)
1707 1305 1714 1324 :

112 1351 168 1372 see
185 1340 249 1381 Ep.
273 1341 352 1380 1465
371 1339 500 1371 introd.
541 1339 612 1370 The
629 1338 769 1370 volume
785 1339 944 1370 contains
962 1338 1020 1370 the
1038 1338 1149 1369 works
1166 1337 1321 1378 wrongly
1337 1336 1493 1368 ascribed
1511 1340 1548 1367 to
1564 1336 1714 1373 Jcrome,

113 1384 255 1415 divided
280 1384 357 1415 into
387 1383 484 1414 three
509 1382 634 1414 classes
660 1381 708 1421 (ll.
741 1384 868 1421 32-4);
906 1381 1017 1413 which
1042 1383 1077 1412 in
1104 1381 1163 1412 the
1189 1380 1320 1411 edition
1351 1380 1387 1410 of
1416 1381 1498 1420 1516
1529 1379 1599 1410 had
1630 1379 1715 1410 been

112 1427 233 1469 placed
252 1428 287 1458 in
306 1426 375 1459 vol.
395 1427 429 1457 ii.
472 1424 648 1457 Erasmns’
669 1429 750 1466 part
767 1426 803 1456 in
822 1424 882 1456 the
901 1424 1135 1466 undertaking
1155 1434 1224 1455 was
1243 1423 1402 1455 confined
1420 1427 1459 1455 to
1478 1423 1537 1454 the
1557 1432 1714 1454 censurae

113 1471 148 1510 (l.
172 1474 239 1511 31),
261 1470 321 1502 the
343 1469 430 1502 brief
449 1469 583 1501 critical
601 1468 858 1501 introductions
878 1468 1000 1509 placed
1020 1473 1059 1500 at.
1079 1468 1139 1499 the
1160 1467 1249 1499 head
1270 1467 1306 1498 of
1325 1466 1410 1498 each
1430 1466 1534 1498 letter
1555 1477 1592 1497 or
1612 1466 1716 1498 other

111 1516 206 1547 item.

153 1558 225 1590 The
240 1557 340 1590 dates
354 1556 441 1589 need
454 1567 500 1588 no
515 1555 759 1588 confirmation
774 1555 867 1588 after
882 1555 943 1587 the
959 1555 1106 1587 obvious
1123 1555 1314 1586 correction
1331 1553 1432 1585 made
1446 1554 1481 1585 in
1498 1552 1717 1585 Chevallon's

110 1601 255 1639 edition,
277 1609 357 1642 1533
376 1600 457 1641 (β).]

150 1693 545 1722 REVERENDISSIMO
575 1693 624 1720 IN
655 1692 842 1721 CHRISTO
873 1693 1003 1720 PATRI
1033 1692 1087 1720 AC
1118 1692 1309 1726 DOMINO,
1342 1692 1384 1718 D.
1417 1691 1676 1718 GVILHELMO

216 1747 443 1782 VVARAMO,
476 1746 826 1775 ARCHIEPISCOPO
857 1746 1199 1780 OANTVARIENSI,
1231 1745 1386 1772 TOTIVS
1416 1745 1612 1771 ANGLIAE

387 1801 586 1836 PRIMATI,
618 1800 715 1828 DES.
748 1800 951 1828 ERASMVS
980 1799 1310 1828 ROTERODAMVS
1342 1799 1375 1826 S.
1396 1799 1438 1826 D.

168 1861 252 1909 QVI
289 1874 354 1900 res
392 1861 601 1899 humanas
644 1861 749 1899 mari
789 1864 1104 1911 compararunt,
1145 1858 1392 1897 Praesulum
1431 1857 1572 1903 decus,
1613 1857 1716 1895 mihi

112 1916 313 1954 videntur
340 1916 510 1966 penitus
538 1928 683 1953 earum
711 1918 910 1953 naturam
939 1914 1136 1952 habuisse
1165 1916 1460 1964 perspectarn;
1506 1911 1577 1949 scd
1607 1912 1716 1950 hanc

111 1970 351 2009 euidentius
375 1972 673 2020 expresserunt
697 1970 769 2020 qui
794 1968 986 2007 fecerunt
1011 1967 1170 2018 Euripo
1196 1966 1363 2005 similes.
1418 1966 1527 2004 Nam
1555 1965 1717 2015 reliqua

111 2025 245 2063 maria
260 2028 463 2075 stagnant
479 2023 645 2070 alic-ubi,
661 2036 738 2062 nec
754 2022 860 2061 vllos
875 2023 1066 2060 sentiunt
1082 2025 1237 2067 motus,
1254 2022 1333 2059 nisi
1349 2033 1481 2071 quum
1498 2021 1717 2070 agitantur

1740 232 1777 253 IO

1740 502 1775 534 15

1735 774 1777 797 20

111 2080 153 2117 vi
183 2082 422 2117 ventorum.
480 2077 537 2115 At
566 2077 762 2128 Euripus,
792 2077 836 2115 id
864 2081 929 2115 est
957 2089 1071 2114 mare
1099 2077 1209 2114 inter
1238 2075 1481 2114 Phocidem.
1513 2074 1715 2111 Boeotiae
1736 2086 1749 2116 5

110 2137 290 2183 partem,
323 2136 367 2171 et
398 2131 607 2170 Euboiam
639 2132 835 2178 insulam,
867 2130 1101 2170 incredibili
1134 2130 1349 2169 celeritate
1380 2130 1536 2179 septies
1567 2128 1634 2165 dic
1667 2140 1714 2165 ac

110 2191 234 2225 nocte
258 2199 346 2225 sese
370 2185 581 2232 subducit,
608 2199 657 2225 ac
680 2185 861 2224 totidem
885 2184 1049 2224 vicibus
1071 2185 1262 2223 recurrit.
1316 2183 1457 2233 Atque
1481 2183 1560 2221 hoc
1584 2183 1714 2220 ctiam

112 2242 279 2291 saepius
312 2240 497 2291 Euripus
529 2239 933 2279 Taurominitanus:
976 2239 1088 2277 vnde
1122 2251 1147 2276 a
1179 2238 1329 2288 rapido
1361 2239 1525 2287 impetu
1559 2248 1714 2274 110111011

109 2299 175 2334 cst
199 2307 224 2333 a
249 2294 418 2334 Graecis
442 2293 640 2334 inditum.
697 2293 890 2341 Quantas
914 2294 1026 2332 enim
1052 2297 1095 2331 et
1119 2305 1249 2343 quam
1276 2291 1433 2329 multas
1458 2291 1524 2328 hic
1551 2290 1715 2340 aliquot

109 2349 231 2388 annis
250 2361 389 2388 rerum
409 2349 669 2387 mutationes
688 2348 873 2387 vidimus
892 2348 936 2387 in
956 2348 1177 2397 vtriusque
1198 2345 1368 2391 ordinis,
1390 2346 1496 2383 sacri
1518 2344 1715 2382 videlicet

109 2416 158 2442 ac
180 2403 401 2454 prophani,
425 2402 685 2454 principibus
706 2403 713 2441 l
753 2407 919 2453 quanta
939 2406 1172 2452 tempestas
1195 2400 1407 2438 concussit
1429 2398 1712 2437 Christianam

111 2456 426 2507 professionem,
478 2461 643 2508 quanta
693 2457 960 2508 perturbatio
1012 2455 1251 2494 studiorum
1303 2458 1367 2491 est
1419 2452 1710 2503 consequuta!

111 2511 303 2563 Denique
352 2515 516 2562 quanta
565 2510 773 2550 malorum
822 2511 1012 2549 omnium
1061 2509 1294 2548 exundatio
1346 2507 1514 2546 videtur
1564 2506 1712 2544 mundi

624 2606 718 2637 1504.
746 2607 775 2636 8.
803 2616 847 2645 ’γε
878 2604 1149 2636 Tauromitanus
1167 2614 1197 2634 rr..

161 2707 253 2738 1503.
284 2715 333 2737 11.
360 2705 412 2737 De
442 2704 559 2743 Votis]
589 2705 653 2738 See
684 2704 748 2745 Ep.
786 2706 879 2743 1436.
991 2713 1042 2734 21.
1070 2699 1326 2743 respondimus]
1344 2702 1407 2741 Ep.
1429 2702 1522 2740 1448.

112 2752 181 2781 en:
206 2752 285 2781 sent
308 2748 344 2779 of
369 2758 488 2779 course
511 2748 546 2779 in
569 2747 629 2779 the
654 2747 769 2784 Latin,
792 2747 882 2778 after
1034 2744 1217 2787 epistolae]
1277 2744 1452 2776 Erasmus'
1513 2743 1616 2775 letter
1677 2743 1713 2775 of

114 2791 290 2824 Erasmus'
309 2791 531 2832 repudiation
549 2790 584 2822 of
600 2791 661 2822 the
678 2790 882 2822 vernae-ulai·
946 2804 974 2821 0.
1006 2789 1102 2830 April
1138 2798 1231 2829 1524.
1264 2788 1375 2819 which
1406 2789 1434 2818 is
1465 2792 1525 2818 not
1561 2791 1707 2819 extant:

115 2838 185 2876 (see
209 2835 274 2877 Ep.
304 2843 395 2875 1313.
421 2835 515 2875 85n).
564 2833 600 2865 It
622 2843 769 2875 appears
792 2833 881 2865 from
946 2843 1001 2864 sce
1018 2843 1050 2873 p.
1072 2842 1142 2872 ¹25·

116 2879 180 2921 Ep.
202 2887 297 2920 1520.
317 2879 403 2919 35-8
416 2877 497 2909 that.
511 2876 612 2909 Duke
625 2876 757 2919 Georgo
769 2876 881 2918 hopcd
992 2886 1042 2907 22.
1070 2874 1288 2916 responsum]
1337 2874 1400 2915 Ep.
1456 2884 1549 2914 1499.
1600 2873 1710 2905 which

115 2923 197 2955 that
218 2922 385 2954 Erasmus
408 2920 521 2953 would
543 2920 658 2952 follow
681 2930 729 2962 up
751 2920 811 2952 the
834 2919 882 2951 Da*
945 2919 1081 2951 arrived
1098 2929 1142 2950 on
1160 2927 1201 2958 30
1218 2918 1295 2951 Oct..
1314 2931 1319 2949 :
1350 2928 1404 2949 sce
1421 2917 1485 2958 Ep.
1509 2926 1601 2958 1520.
1625 2926 1695 2948 1—2.

116 2965 217 3041 ῑίόείο
236 2965 376 2998 arbitrio
398 2965 444 3006 by
464 2964 621 3006 replying
643 2969 680 2996 to
701 2964 771 2996 this
793 2962 883 2995 book
996 2966 1087 2995 1504.
1117 2973 1143 3003 5.
1172 2962 1339 3003 Euripus]
1357 2961 1418 2994 See
1440 2962 1526 2993 Plin.
1550 2962 1590 2992 Η.
1611 2962 1654 2992 N.
1681 2971 1709 2992 2.

118 3010 154 3043 ot
200 3010 314 3042 uther.
947 3017 1000 3048 97.
1022 3015 1098 3045 215).

172 3083 263 3115 452·5
867 3074 895 3103 O
919 3076 944 3103 O

1737 2358 1774 2378 10
