2012 3370
124 121 249 169 1525]

610 119 767 158 FROM
797 118 949 158 PAUL
977 116 1121 157 VOLZ

1634 115 1709 153 601

121 230 323 282 postridie
360 230 672 281 concoeptionis
708 229 748 268 S.
786 229 955 273 Mariae,
994 228 1099 266 adeo
1137 227 1263 266 chara
1299 231 1397 265 sunt
1434 225 1537 264 mihi
1573 226 1716 264 omnia

121 298 229 336 quae
256 284 332 323 abs
360 289 435 323 tuo
462 283 784 335 proficiscuntur
811 283 989 334 ingenio.

1049 281 1171 329 Quod
1198 294 1297 321 vero
1325 280 1470 320 Gallus
1495 279 1564 319 ille
1591 279 1713 317 sacri·

120 338 268 378 ficulus
293 351 390 377 cum
414 337 518 383 aliis,
544 341 594 376 vt
618 336 775 382 scribis,
802 336 992 387 pluribus
1017 349 1038 374 e
1063 336 1172 375 viuis
1196 340 1253 382 te,
1278 335 1377 374 licet
1400 334 1520 380 falso,
1546 332 1714 379 extulit,
1735 346 1750 377 5

120 393 283 444 gaudeo
311 392 610 437 vehementer3
654 404 740 430 non
768 390 940 442 quidem
969 390 1023 428 ob
1049 389 1161 428 illius
1188 389 1470 435 mendacium,
1500 387 1573 427 sed
1600 386 1716 439 quod

119 451 196 485 tua
213 447 317 486 haec
334 447 426 485 vita
443 458 527 484 non
546 446 602 483 sit
618 445 812 495 ignauiae
830 444 987 490 dedita,
1009 443 1081 482 sed
1099 456 1274 495 operosa
1292 444 1426 494 magis
1443 447 1487 481 et
1505 441 1716 481 Ecclesiae

121 501 200 540 Dei
223 500 458 551 scholisque
483 499 718 538 vtilissima.

773 499 900 537 Faxit
924 498 1038 536 Deus
1063 503 1151 547 opt.
1179 511 1290 536 max.
1318 502 1366 536 vt
1389 496 1567 548 posthac
1593 508 1716 547 soepe

119 554 290 606 diuque,
307 554 409 593 dum
423 554 486 592 ita
500 553 631 599 lubet,
650 553 913 591 mentiantur
926 552 986 590 illi
1003 551 1109 601 [illi],
1126 556 1174 590 tu
1191 552 1317 590 modo
1333 551 1478 589 diuina
1494 550 1717 590 clementia

119 609 320 648 studiosis
344 607 540 647 omnibus
564 607 746 658 supersis
769 606 943 644 diutius.

997 605 1126 644 Porro
1151 606 1266 656 quod
1290 605 1450 644 calculo
1473 606 1559 644 iam
1582 604 1717 643 leuius
1739 617 1778 640 10

121 663 329 709 cruciaris,
350 661 577 713 perplacet.
627 660 749 708 Quod
767 665 810 699 te
827 659 932 698 nulli
950 660 1111 698 addicis
1128 659 1319 706 factioni,
1337 672 1423 698 non
1441 672 1613 710 possum
1631 671 1717 697 non

120 716 305 763 laudare,
326 717 407 755 etsi
426 716 480 754 ob
499 715 578 754 1100
599 715 734 754 solum
750 714 822 753 alii
836 718 879 753 te
895 715 1153 764 vituperent,
1172 727 1268 753 cuin
1288 715 1411 753 iuxta
1427 713 1716 765 Apostolicam

120 771 357 810 doctrinam
379 769 585 808 eiusmodi
607 770 692 808 sint
715 768 902 807 carnales
924 772 968 807 et
990 767 1222 807 secundum
1244 768 1459 807 hominem
1481 766 1715 806 ambulent.

122 824 244 873 Quod
261 825 306 863 in
326 824 607 876 ὀπισθογραφίᾳ
633 823 640 838 ‘
661 822 899 862 scholarum
926 824 1113 872 ἀμφίβιον
1134 823 1141 837 ’

119 878 223 931 quid
260 878 454 930 epistolio
492 878 854 930 superscripserim
893 877 1051 916 excidit
1089 877 1304 916 memoria.

1169 823 1379 861 iunxerim
1405 823 1551 873 ignoro
1572 835 1579 867 3
1616 834 1716 860 nam

120 935 216 980 scio,
252 933 368 986 quod
395 945 469 984 per
495 933 635 972 iocum
663 933 920 984 graecissans
950 933 1136 980 ἀμφίβιον
1164 930 1380 982 adscripsi,
1411 930 1527 982 quod
1554 930 1718 968 viueres

120 1001 250 1027 necne
268 987 509 1026 dubitarem
525 999 532 1031 3
565 1000 701 1037 neque
722 986 837 1025 aliud
856 987 900 1025 in
919 990 1107 1025 mentem
1127 986 1245 1025 venit
1265 998 1416 1024 meam.

175 1041 382 1081 Libellum
402 1041 454 1080 de
472 1041 657 1091 lib<ero>
679 1040 908 1090 arb<itrio>
929 1040 1066 1079 habeo
1085 1044 1129 1079 et
1148 1039 1242 1091 legi,
1264 1044 1309 1078 et
1327 1039 1559 1090 impensius
1578 1037 1719 1090 placet

119 1094 223 1134 haec
250 1096 467 1135 Erasmica
492 1099 784 1146 temperatura
805 1107 935 1146 quam
955 1094 1201 1146 scrupulosa
1219 1093 1291 1132 illa
1310 1098 1353 1132 et
1372 1094 1498 1132 nimis
1518 1094 1719 1132 emuncta

122 1149 460 1189 Lutheranorum
484 1149 690 1189 doctrina.

744 1149 838 1188 Alia
862 1149 1052 1188 nondum
1076 1148 1178 1187 vidi.

122 1203 299 1254 prodeat
323 1217 420 1243 cum
446 1204 614 1242 Eubulo
638 1203 934 1242 Trasimachus
955 1203 961 1241 1
1005 1203 1116 1242 Puto
1141 1207 1184 1241 te
1208 1203 1294 1241 iam
1319 1201 1486 1240 audisse
1510 1202 1719 1240 rationem

123 1258 382 1304 Exabbatis3
420 1271 528 1310 quae
563 1262 710 1297 tamen
743 1258 917 1297 inicium
951 1257 1104 1296 habuit
1133 1270 1158 1295 a
1189 1255 1438 1296 dominandi
1467 1258 1719 1306 contemptu

124 1312 225 1352 mihi
244 1311 330 1351 fere
352 1312 524 1359 adnato,
548 1313 657 1351 vires
678 1312 869 1362 ace-oepit
890 1311 944 1350 ab
966 1311 1198 1351 ambitione
1220 1311 1533 1362 Dispensatoris
1555 1321 1719 1348 monas-

125 1367 239 1406 terii:
277 1367 351 1418 qui
383 1380 479 1406 cum
513 1367 655 1405 omnia
686 1366 845 1405 habeat
876 1367 920 1404 in
948 1379 1090 1412 manu,
1120 1378 1253 1404 vnum
1283 1365 1422 1403 adhuc
1450 1364 1718 1415 persequitur

123 1433 219 1459 cum
238 1420 405 1459 annulis
424 1420 594 1471 pedum.
638 1419 744 1459 Cum
763 1421 849 1459 iam
869 1432 996 1470 supra
1017 1433 1135 1470 spem
1154 1431 1303 1470 passus
1320 1420 1376 1458 sit
1394 1418 1621 1469 repulsam,
1643 1429 1719 1469 ego
1740 1431 1759 1454 2
1764 1430 1778 1462 5

123 1487 222 1513 vero
242 1474 381 1513 adhuc
400 1473 609 1525 pendeam
629 1487 653 1512 a
672 1474 953 1512 Dominorum
973 1474 1198 1519 sententia,
1213 1474 1297 1512 iam
1319 1486 1405 1512 non
1425 1471 1628 1511 Exabbas
1648 1470 1721 1510 sed

123 1527 331 1567 Bisabbas
350 1541 490 1567 vocor.
540 1527 583 1566 Is
603 1532 668 1567 est
686 1526 883 1567 fortunae
903 1528 1103 1579 iocusque
1123 1527 1345 1578 ludusque.
1395 1526 1525 1565 Parce
1545 1538 1594 1564 ac
1614 1524 1722 1571 vale,

125 1583 181 1622 mi
203 1582 390 1621 Erasme.
442 1582 478 1621 E
500 1582 798 1621 monasteriolo
824 1593 900 1620 .11.
924 1582 1124 1621 Decemb.
1150 1591 1267 1632 1524.

181 1713 403 1752 Honorato
427 1713 518 1752 viro
543 1713 594 1752 D.
621 1712 799 1752 Erasmo
824 1711 1126 1758 Roterodamo,
1152 1711 1288 1750 amico
1311 1711 1356 1750 in
1380 1710 1546 1750 Christo
1571 1709 1724 1749 charis·
1745 1718 1786 1751 30

126 1767 245 1814 simo,
267 1766 497 1806 Basilaeae.

270 1919 699 1976 1340,1448,15ο315261550

172 2009 417 2055 Copenhagen
434 2009 510 2045 MS.
529 2009 573 2044 G.
592 2009 641 2044 K.
662 2009 696 2044 S.
713 2017 757 2053 95
780 2009 870 2049 Εο1.,
890 2009 916 2044 f.
940 2012 1005 2052 184
1023 2010 1086 2052 (ιι).

175 2066 340 2102 Dresden
356 2067 432 2102 MS.
451 2067 537 2102 Loc.
560 2077 685 2112 10300‚
704 2068 729 2102 f.
754 2069 792 2102 18
812 2068 879 2111 (Β).

1037 1636 1154 1675 Tuus
1174 1649 1227 1675 ex
1247 1636 1390 1675 animo
1412 1634 1458 1673 P.
1482 1633 1664 1673 Volzius.

758 1920 827 1962 To
860 1919 1005 1962 DUKE
1038 1919 1238 1962 GEORGE
1273 1930 1331 1960 or
1363 1919 1577 1961 SAXONY.

1430 2006 1550 2042 Basle.

1294 2080 1332 2103 12
1353 2067 1556 2102 December
1577 2075 1676 2110 1524.

176 2125 225 2160 H.
244 2137 279 2171 p.
298 2126 390 2160 812:
423 2125 470 2160 N.
490 2136 525 2170 p.
543 2134 636 2170 775:
670 2125 786 2160 Lond.
806 2126 881 2160 xxi.
899 2136 945 2170 7:
979 2126 1054 2162 LB.
1072 2129 1153 2171 718.

174 2205 257 2246 [For
267 2204 338 2237 this
349 2204 453 2237 letter
464 2204 562 2238 there
573 2215 631 2238 are
644 2208 713 2237 two
725 2204 907 2238 authentic
920 2207 1153 2248 manuscripts
1168 2219 1176 2238 2
1202 2205 1377 2239 Erasmus’
1392 2204 1590 2247 autograph
1601 2204 1724 2246 rough-

129 2248 225 2281 draft
244 2249 293 2288 (a)
313 2249 350 2280 in
370 2248 431 2280 the
451 2247 681 2291 Copenhagen
701 2249 770 2281 MS.
795 2249 864 2288 (see
885 2249 973 2291 App.
1002 2259 1037 2290 13
1060 2250 1096 2282 in
1117 2250 1186 2282 vol.
1206 2251 1256 2290 iii)
1274 2262 1281 2287 ;
1315 2250 1385 2282 and
1406 2249 1465 2281 the
1486 2248 1604 2281 actual
1624 2248 1728 2280 letter

130 2291 285 2324 received
314 2292 361 2333 by
390 2292 491 2324 Duke
519 2292 661 2333 George,
690 2303 818 2334 among
847 2293 899 2324 his
927 2294 1219 2335 correspondence
1247 2298 1286 2325 at
1315 2293 1480 2328 Dresden,
1510 2292 1650 2324 written
1679 2291 1726 2331 by

129 2346 150 2367 a
164 2339 338 2376 secretary
354 2335 430 2375 (13¹),
446 2336 621 2368 corrected
637 2336 707 2368 and
721 2335 842 2377 signed
856 2336 904 2375 (ll.
925 2339 1068 2378 237-41)
1086 2337 1132 2378 by
1146 2337 1311 2369 Erasmus
1325 2337 1401 2376 (Βῖ).

1441 2336 1513 2367 The
1525 2337 1726 2377 agreement

130 2378 165 2411 01
179 2391 199 2409 α
216 2379 286 2411 and
303 2383 325 2414 β
342 2379 371 2411 is
387 2389 426 2411 so
439 2378 528 2411 close
540 2380 633 2417 that,
645 2379 781 2422 though
794 2383 816 2414 β
829 2380 858 2412 is
869 2380 929 2412 the
943 2380 1024 2412 final
1035 2380 1125 2412 form
1139 2381 1175 2413 os
1188 2381 1248 2413 the
1261 2380 1502 2421 composition,
1517 2378 1725 2421 precedenee

736 2478 781 2506 14.
810 2468 1045 2508 «ἶπισθυγραψῖα
1066 2468 1144 2500 MS.

176 2579 205 2610 3.
231 2570 398 2611 postridie
415 2569 687 2611 concoeptionis]
705 2580 725 2608 9
744 2571 825 2602 Dec.

179 2623 228 2645 12.
255 2612 507 2654 Apostolieam]
528 2623 538 2645 1
560 2614 633 2645 Cor.
653 2622 682 2652 3.
702 2622 730 2652 3.

177 2666 229 2688 21.
255 2655 511 2694 Trasimachus]
531 2657 602 2689 The
621 2656 798 2699 dialogues
818 2668 892 2698 pro-

133 2700 240 2733 mised
271 2701 307 2731 in
339 2699 414 2732 Cat.
446 2700 538 2738 Luc„
569 2700 650 2732 Jan.
688 2709 794 2741 1523:
838 2711 893 2732 sec

133 2753 156 2782 1,
174 2755 206 2785 p.
227 2752 278 2783 34.
295 2753 393 2782 22—9.

177 2797 229 2819 22.
255 2786 459 2819 dominandi
490 2786 710 2828 contemptu]
743 2786 793 2819 Cf.
828 2787 892 2828 Ep.

137 2840 176 2863 10
223 2840 325 2870 .2-4.

177 2839 231 2913 ἐξ.
256 2873 528 2915 Dispensatoris]
550 2873 709 2915 Possibly
730 2873 801 2906 this
822 2884 893 2906 am-

134 2918 263 2951 bitious
277 2917 432 2951 Stcward
449 2928 530 2958 may
544 2917 586 2949 be
600 2917 659 2950 the
673 2928 769 2950 same
782 2927 821 2950 as
835 2918 895 2950 the

137 2963 240 2998 Prior,
268 2962 344 2994 who
369 2965 456 2993 next
479 2972 562 3002 year
587 2960 672 2993 took
697 2961 895 3003 advantage

133 3005 169 3037 oi
199 3005 257 3037 thc
295 3003 469 3036 Pcasants'
502 3004 631 3036 Revolt
661 3009 698 3036 to
729 3004 895 3046 supplant

962 2569 1047 2602 Volz
1063 2574 1101 2602 at
1118 2571 1334 2612 Hugshofen.
1374 2573 1435 2604 See
1453 2571 1558 2603 BRE.
1577 2579 1652 2610 241.

1007 2623 1059 2654 25.
1087 2614 1229 2655 pedum]
1265 2615 1348 2646 This
1383 2615 1511 2646 crozier
1543 2624 1654 2646 seems
1689 2618 1727 2646 to

963 2657 1051 2688 have
1068 2657 1137 2689 had
1155 2658 1390 2690 considerable
1407 2658 1508 2690 value
1523 2659 1559 2690 in
1577 2667 1704 2698 money
1720 2669 1727 2689 ε

961 2711 1017 2731 see
1038 2700 1142 2732 BRE.
1164 2711 1239 2741 241.

1008 2748 1060 2775 20.
1087 2744 1331 2784 Dominorum]
1379 2755 1422 2777 sc.
1471 2745 1725 2778 Ensisheimen-

961 2788 1052 2819 sium
1069 2800 1076 2824 ;
1125 2788 1185 2820 the
1220 2788 1362 2820 Council
1396 2790 1629 2831 representing
1667 2788 1727 2821 the

963 2831 1129 2863 Austrian
1144 2832 1383 2865 Government
1393 2833 1429 2864 in
1442 2832 1576 2870 Alsace,
1589 2832 1727 2865 located

962 2879 1002 2906 at
1016 2874 1211 2908 Ensisheim
1227 2876 1284 2914 (ef.
1302 2876 1366 2917 Ep.
1385 2885 1458 2915 319.
1476 2877 1544 2915 26).
1584 2876 1652 2908 For
1667 2875 1727 2908 the

964 2929 1078 2959 power
1091 2919 1127 2950 of
1140 2919 1199 2951 the
1215 2919 1357 2952 Couucil
1370 2924 1407 2952 to
1421 2921 1602 2952 intervene
1615 2920 1650 2952 in
1665 2920 1725 2952 the

962 2962 1079 2994 affairs
1102 2962 1138 2994 of
1162 2963 1366 3005 Hugshofen
1390 2963 1432 2995 cf.
1459 2964 1523 3005 Ep.
1545 2965 1638 3004 1607,
1657 2964 1726 2995 and

965 3005 1068 3037 BRE.
1091 3015 1164 3046 241.

1372 876 1465 915 Hoc
1503 875 1718 914 duntaxat
1740 887 1774 920 15

1233 1148 1268 1188 Ο
1292 1149 1327 1187 si
1350 1152 1450 1187 tuus
1474 1146 1719 1199 propediem
1737 1159 1780 1182 20
