2012 3370
173 154 294 204 1400]
767 152 840 190 TO
871 151 1114 190 FRANOIS
1145 151 1164 188 I
1688 154 1765 190 357

224 264 445 304 Caeterum
473 261 575 313 quid
601 261 751 299 frontis
778 261 939 300 habent
964 262 1035 300 isti
1062 262 1147 312 qui,
1177 275 1309 313 quum
1336 276 1379 300 se
1406 261 1559 301 Christi
1586 262 1765 301 vicarios

171 318 373 370 appellari
403 316 629 368 gaudeant,
661 316 868 354 immensa
899 316 1114 367 sanguinis
1145 316 1321 354 humani
1351 316 1516 355 iactura
1546 316 1766 367 postulent

171 372 352 418 defendi,
386 384 473 410 non
504 370 597 409 dico
630 369 766 408 vitam
799 374 876 408 aut
908 369 1161 421 dignitatem
1195 383 1315 408 suam
1348 369 1422 408 sed
1455 371 1683 409 auariciam
1717 383 1765 409 ac

170 426 367 466 fastum?
425 425 567 476 Atque
593 424 696 462 haec
724 424 874 470 scribo,
904 423 998 463 Rex
1024 424 1195 474 inclyte,
1225 438 1311 462 non
1338 428 1388 463 vt
1415 425 1633 476 episcopos
1660 424 1767 464 vllos
1788 443 1851 475 190

171 485 316 520 notem
353 483 429 518 aut
463 483 608 518 taxem
646 479 792 529 (atque
828 478 994 517 vtinam
1035 478 1140 516 nulli
1179 479 1425 517 exoriantur
1458 479 1503 517 in
1539 491 1645 530 quos
1683 479 1767 518 ista

171 535 322 574 merito
346 533 429 573 dici
452 533 616 585 possint
635 531 661 579 !)
687 531 761 571 sed
784 535 834 570 vt
857 532 1039 571 indicem
1063 532 1218 584 quibus
1248 533 1293 570 in
1321 533 1446 571 rebus
1469 533 1553 572 sita
1581 534 1638 572 sit
1666 546 1768 572 vera

171 602 316 641 regum
352 592 396 628 et
430 588 721 638 episcoporum
754 585 952 637 dignitas,
994 590 1044 625 vt
1082 587 1252 637 vtrique
1288 586 1428 625 felices
1464 587 1628 634 viuant,
1663 587 1766 626 dum

171 656 292 682 suam
325 642 493 693 Vtrique
525 641 777 692 dignitatem
810 644 1046 691 agnoscunt
1078 653 1126 679 ac
1158 644 1347 679 tuentur.
1406 640 1590 692 Longius
1622 646 1767 681 autem

172 697 329 736 absunt
354 696 408 735 ab
433 695 568 734 officio
593 708 668 734 suo
694 698 884 746 pastores
910 694 1154 745 Euangelici
1178 695 1264 745 qui,
1292 707 1424 745 quum
1450 708 1565 746 reges
1589 696 1701 734 inter
1725 709 1768 735 se
1790 715 1846 748 195

172 751 486 790 tumultuantes
523 749 746 788 debuerint
783 749 827 787 in
866 748 1133 788 concordiam
1172 748 1371 800 redigere,
1412 748 1522 787 vltro
1561 749 1674 789 faces
1713 749 1769 788 ad

172 805 376 845 bellorum
400 803 595 843 incendia
619 806 860 854 suggerunt.
919 803 1053 854 Atqui
1077 803 1112 841 si
1138 815 1318 854 vsquam
1344 806 1436 841 erat
1460 807 1630 854 tempus
1656 804 1768 843 bono

172 860 331 911 pastori
358 859 473 897 vitae
500 871 600 897 suae
626 858 791 896 iactura
817 858 930 909 gregi
957 857 1184 903 consulere,
1212 858 1248 896 si
1275 870 1455 908 vsquam
1483 870 1673 896 summus
1700 858 1769 897 ille

172 918 320 964 pastor
350 912 467 952 cuius
502 913 614 951 vices
649 916 813 963 gerunt,
851 916 943 950 erat
976 911 1232 958 referendus,
1270 911 1336 950 hic
1371 912 1641 962 potissimum
1676 915 1769 951 erat

171 968 306 1007 officio
338 967 467 1014 locus,
501 967 574 1005 vbi
605 970 777 1005 tantum
809 979 925 1005 mare
956 966 1158 1005 scelerum
1191 979 1239 1005 ac
1272 965 1479 1004 malorum
1511 965 1695 1005 inundat
1725 967 1854 1009 in200

171 1022 329 1061 orbem.
398 1021 465 1060 Ex
497 1024 623 1059 tanta
655 1020 931 1059 multitudine
964 1020 1186 1067 abbatum,
1221 1021 1528 1072 episcoporum,
1563 1020 1767 1071 archiepi-

170 1089 406 1127 scoporum,
424 1075 714 1123 cardinalium,
731 1088 841 1126 quur
859 1087 983 1114 nemo
1002 1074 1146 1126 prodit
1164 1075 1238 1126 qui
1250 1074 1318 1114 vel
1334 1075 1485 1126 capitis
1500 1075 1565 1113 sui
1583 1075 1769 1126 periculo

171 1135 316 1170 tantos
344 1143 484 1169 rerum
513 1134 655 1168 motus
684 1132 949 1181 componat?
1009 1129 1147 1177 Quam
1175 1129 1353 1168 feliciter
1382 1129 1561 1168 moritur
1589 1129 1663 1180 qui
1691 1142 1770 1168 sua

171 1189 307 1224 morte
329 1188 398 1223 tot
420 1184 582 1223 milium
606 1184 721 1223 vitae
745 1183 956 1223 consuluit
976 1183 983 1221 1

223 1238 340 1279 Ν11111
359 1238 663 1277 monomachiis
682 1242 727 1277 et
746 1237 997 1289 gladiatoria
1015 1237 1183 1276 laniena
1203 1237 1411 1276 crudelius
1432 1241 1508 1276 aut
1526 1237 1768 1277 immanius.
1786 1256 1847 1290 205

171 1293 229 1332 Et
256 1297 403 1332 tamen
430 1292 510 1331 hoc
539 1292 781 1343 spectaculo
810 1296 901 1330 tam
929 1292 1078 1331 insane
1105 1291 1318 1331 delectata
1346 1296 1411 1330 est
1440 1292 1689 1343 antiquitas,
1720 1296 1770 1331 vt

169 1347 461 1398 turpissimum
495 1346 736 1397 exemplum
770 1346 825 1384 ab
858 1346 1037 1385 ethnicis
1070 1346 1264 1385 relictum
1298 1346 1371 1384 diu
1404 1345 1605 1385 resederit
1638 1346 1769 1385 etiam

170 1401 285 1452 apud
317 1400 590 1447 Christianos,
624 1400 871 1451 praesertim
903 1400 948 1438 in
980 1400 1084 1439 vrbe
1116 1400 1284 1447 Roma;
1333 1413 1442 1451 quae
1474 1400 1665 1439 nondum
1699 1400 1767 1439 de-

169 1455 326 1495 discere
353 1455 497 1506 potuit
524 1458 711 1494 veterem
740 1455 1048 1505 paganismum.
1107 1454 1190 1494 Sed
1218 1454 1609 1493 monomachiarum
1637 1454 1767 1493 aboli-

168 1510 342 1556 tionem,
382 1513 432 1548 vt
469 1509 598 1548 refert
636 1509 827 1547 Historia
865 1522 995 1560 quam
1033 1509 1312 1560 Tripartitam
1350 1512 1522 1556 vocant,
1564 1508 1766 1548 debemus
1786 1528 1851 1551 210

168 1563 417 1603 Telemacho
439 1563 621 1610 cuidam,
644 1576 696 1602 ex
716 1576 862 1602 eorum
881 1576 1057 1602 numero
1078 1564 1152 1614 qui
1172 1563 1272 1602 olim
1293 1563 1348 1602 ob
1369 1564 1485 1602 vitae
1505 1563 1768 1603 Christianae

168 1618 484 1669 simplicitatem
536 1631 584 1657 ac
636 1617 827 1657 studium
878 1617 1118 1657 solitudinis
1168 1617 1398 1669 fugamque
1450 1618 1767 1657 contaminatae

170 1672 455 1712 multitudinis
496 1672 623 1723 vulgo
664 1672 861 1711 monaehi
902 1672 1180 1711 vocabantur.
1239 1672 1282 1711 Is
1323 1673 1401 1711 hac
1443 1673 1581 1723 gratia
1620 1672 1766 1711 relicto

170 1727 341 1766 Oriente
373 1727 556 1765 Romam
588 1730 777 1773 venerat,
811 1730 941 1777 atque
972 1727 1016 1765 in
1047 1727 1265 1765 theatrum
1296 1727 1519 1777 ingressuS‚
1553 1726 1626 1765 vbi
1658 1726 1769 1765 vidit

171 1781 337 1832 prodire
378 1780 484 1819 duos
526 1784 713 1819 armatos
753 1784 798 1820 et
838 1785 1053 1831 vtrunque
1092 1781 1137 1819 in
1178 1780 1350 1819 alt-erius
1391 1793 1536 1819 necem
1578 1780 1764 1826 tendere,
1787 1799 1849 1832 215

170 1835 362 1886 prosiliit,
398 1848 570 1886 seseque
606 1834 792 1874 medium
826 1835 938 1874 inter
970 1834 1159 1874 furentes
1193 1835 1350 1881 iniecit,
1387 1834 1588 1881 clamans,
1627 1834 1635 1849 ‘
1656 1833 1768 1882 Quid

168 1889 322 1936 facitis,
347 1889 498 1928 fratres
520 1892 535 1927 ‘2
596 1888 713 1936 Quur
735 1889 780 1928 in
803 1893 1002 1928 mutuum
1026 1889 1204 1928 exitium
1228 1888 1413 1928 ferarum
1437 1902 1553 1928 more
1575 1889 1698 1928 ruitis
1719 1892 1734 1927 ’Β
1758 1888 1766 1904 ’

173 1943 285 1991 Quid
311 1943 448 1983 multa
468 1946 483 1982 ἱ)
543 1943 657 1982 Dum
677 1943 743 1982 vir
768 1943 836 1982 ille
862 1944 958 1994 pius
984 1943 1130 1982 studet
1149 1943 1371 1995 Vtriusque
1390 1943 1507 1982 vitae
1533 1943 1764 1989 consulere,

170 1999 306 2037 vitam
349 1998 493 2037 amisit
533 1997 622 2049 ipse
666 2011 691 2036 a
733 1997 891 2049 populo
933 1997 1161 2049 lapidatus.
1219 1997 1347 2036 Tanti
1389 1997 1576 2037 faciebat
1617 1997 1767 2037 insana

171 2051 402 2091 multitudo
445 2051 656 2091 crudelem
701 2051 917 2090 oculorum
960 2052 1242 2103 voluptatem.
1301 2051 1413 2099 Quid
1456 2056 1766 2103 consequutum
1786 2071 1851 2094 220

170 2110 270 2146 est?
329 2106 568 2158 Imperator
599 2106 826 2153 Honorius,
860 2107 938 2146 hac
971 2120 1015 2146 re
1047 2107 1228 2158 cognita,
1262 2106 1386 2145 iussit
1417 2106 1574 2145 aboleri
1606 2119 1766 2145 morem

170 2160 397 2200 exhibendi
418 2161 537 2211 paria
558 2160 854 2211 gladiatorum.

224 2215 347 2255 Nunc
368 2215 471 2254 mihi
490 2216 629 2266 cogita
648 2228 778 2266 quam
797 2215 946 2254 foedus
965 2215 1093 2255 fuerit
1110 2215 1179 2254 ille
1197 2215 1336 2262 ludus,
1358 2219 1402 2254 et
1421 2219 1528 2266 quot
1546 2215 1766 2254 hominum

171 2269 286 2308 milia
312 2283 385 2321 per
411 2269 523 2308 hunc
550 2269 771 2309 infeliciter
797 2270 1010 2321 perierint,
1039 2274 1084 2309 et
1108 2269 1316 2321 intelliges
1343 2273 1555 2321 quantuni
1582 2269 1766 2308 mundus

170 2323 325 2363 debeat
348 2324 471 2363 vnius
495 2323 676 2363 hominis
700 2325 840 2363 morti.
898 2324 1040 2376 Atque
1065 2325 1119 2363 ob
1143 2325 1222 2363 hoc
1246 2325 1409 2363 factum
1435 2324 1584 2363 merito
1609 2323 1766 2362 relatus
1785 2343 1826 2366 22
1833 2342 1848 2375 5

170 2382 235 2417 est
258 2378 303 2417 in
327 2391 550 2417 numerum
575 2378 770 2417 diuorum
796 2378 1084 2418 Telemachus.
1144 2378 1314 2426 Quanto
1341 2382 1485 2417 autem
1510 2378 1663 2416 iustius
1688 2377 1766 2416 hoc

170 2432 340 2471 honoris
372 2432 595 2472 deberetur
626 2433 664 2471 ei
696 2433 770 2484 qui
801 2437 947 2472 tantos
980 2433 1092 2472 orbis
1124 2433 1375 2472 monarchas
1407 2433 1518 2471 inter
1549 2445 1637 2470 sese
1670 2444 1765 2470 con-

170 2486 380 2526 flictantes
408 2487 658 2526 dirimeret?
716 2487 865 2538 Neque
892 2488 1004 2526 enim
1032 2488 1171 2538 grauis
1199 2492 1264 2526 est
1289 2487 1466 2533 iactura,
1496 2486 1530 2524 si
1558 2485 1767 2537 gladiator

171 2541 338 2580 occidat
362 2541 638 2592 gladiatorem
664 2545 708 2580 et
731 2542 958 2580 scelerosus
983 2542 1185 2580 sceleroso
1211 2541 1395 2580 vicissim
1421 2544 1609 2592 praestet
1633 2540 1764 2578 carni-

170 2594 304 2634 ficem.
362 2596 420 2635 Et
438 2600 584 2634 tamen
604 2599 653 2634 vt
672 2609 837 2634 summo
857 2597 991 2635 totius
1010 2596 1122 2634 orbis
1142 2595 1254 2634 malo
1274 2595 1531 2634 colliduntur
1550 2595 1659 2633 inter
1679 2607 1766 2633 sese
1785 2613 1851 2645 230

171 2649 392 2700 principes,
428 2650 491 2688 ita
525 2650 685 2688 minore
720 2650 904 2700 periculo
939 2654 1119 2701 possunt
1154 2650 1293 2688 dirimi
1328 2662 1458 2699 quam
1493 2648 1560 2687 ille
1597 2648 1767 2687 diremit

171 2702 437 2754 gladiatores.
494 2703 683 2742 Primum
709 2704 935 2743 Christiani
959 2708 1073 2750 sunt,
1100 2717 1270 2755 quoque
1295 2708 1396 2742 sunt
1421 2703 1571 2741 animis
1596 2715 1764 2754 genero-

782 2800 855 2834 227.
882 2800 955 2822 sese
980 2802 1022 2822 a:
1060 2801 1095 2822 se
1120 2793 1146 2822 δ.

216 2883 290 2906 210.
315 2871 561 2913 Tripartitam]
578 2881 626 2903 10.
643 2881 659 2903 2
678 2884 684 2903 :
719 2872 778 2904 the
791 2872 886 2904 work
899 2873 934 2904 of
1002 2873 1197 2916 Augsburg,
1215 2883 1308 2914 1472.
1348 2875 1479 2906 Beatus
1492 2873 1683 2905 Rhenanus
1697 2873 1767 2905 had

172 2916 341 2955 Socrates,
373 2917 595 2955 Sozomenus,
625 2916 696 2947 and
725 2916 934 2955 Theodoret,
1001 2917 1156 2959 recently
1196 2917 1382 2959 published
1422 2918 1452 2948 it
1492 2918 1595 2960 again
1635 2918 1672 2949 in
1714 2917 1767 2950 his

170 2960 364 2993 translated
378 2960 425 3003 by
439 2960 658 3002 Epiphanius
671 2959 741 2991 and
754 2960 873 2993 odited
887 2960 934 3002 by
1002 2961 1144 2993 Amores
1167 2961 1244 2993 hist.
1270 2961 1518 3000 ecclesiasticae,
1546 2961 1659 2999 Basle,
1685 2960 1766 2994 Fro-

171 3004 417 3043 Cassiodorus;
468 3004 579 3036 under
615 3003 729 3037 whose
766 3014 868 3036 name
904 3005 934 3036 it
1003 3004 1081 3043 ben,
1112 3013 1218 3046 1523:
1258 3005 1313 3037 for
1340 3005 1451 3038 which
1477 3016 1533 3038 see
1560 3005 1650 3048 Epp.
1684 3014 1765 3044 1242

172 3047 308 3090 usually
322 3058 480 3090 appears.
519 3047 554 3079 It
571 3058 638 3080 was
653 3048 727 3080 first
742 3048 880 3090 printed
895 3052 935 3080 at
1001 3049 1143 3086 introd„
1167 3057 1257 3088 1341.
1286 3059 1362 3082 1011.
