<?xml version="1.0" encoding="UTF-8"?>
<!DOCTYPE html PUBLIC "-//W3C//DTD XHTML 1.0 Transitional//EN"
    "http://www.w3.org/TR/xhtml1/DTD/xhtml1-transitional.dtd">
<html xmlns="http://www.w3.org/1999/xhtml" xml:lang="en" lang="en">
 <head>
  <title>
</title>
<meta http-equiv="Content-Type" content="text/html;charset=utf-8" />
  <meta name='ocr-system' content='tesseract 3.04.00' />
  <meta name='ocr-capabilities' content='ocr_page ocr_carea ocr_par ocr_line ocrx_word'/>
</head>
<body>
  <div class='ocr_page' id='page_1' title='image "./opusepistolarum05eras_0197.png"; bbox 0 0 2012 3370; ppageno 0'>
   <div class='ocr_carea' id='block_1_1' title="bbox 132 142 1720 197">
    <p class='ocr_par' dir='ltr' id='par_1_1' title="bbox 132 142 1720 197">
     <span class='ocr_line' id='line_1_1' title="bbox 132 142 1720 197; baseline -0.002 -13"><span class='ocrx_word' id='word_1_1' title='bbox 132 146 256 197; x_wconf 83' lang='lat'>1333]</span> <span class='ocrx_word' id='word_1_2' title='bbox 700 143 773 182; x_wconf 81' lang='lat' dir='ltr'>To</span> <span class='ocrx_word' id='word_1_3' title='bbox 803 142 1149 182; x_wconf 79' lang='lat' dir='ltr'><strong>FERDINAND</strong></span> <span class='ocrx_word' id='word_1_4' title='bbox 1644 143 1720 181; x_wconf 86' lang='lat'>167</span> 
     </span>
    </p>
   </div>
   <div class='ocr_carea' id='block_1_2' title="bbox 124 250 1725 2963">
    <p class='ocr_par' dir='ltr' id='par_1_2' title="bbox 125 250 1725 1594">
     <span class='ocr_line' id='line_1_2' title="bbox 185 250 1720 304; baseline -0.003 -11"><span class='ocrx_word' id='word_1_5' title='bbox 185 254 347 302; x_wconf 87' lang='lat' dir='ltr'>Quibus</span> <span class='ocrx_word' id='word_1_6' title='bbox 383 253 515 304; x_wconf 88' lang='lat' dir='ltr'>magis</span> <span class='ocrx_word' id='word_1_7' title='bbox 551 254 720 302; x_wconf 88' lang='lat' dir='ltr'>oportet</span> <span class='ocrx_word' id='word_1_8' title='bbox 755 264 844 291; x_wconf 89' lang='lat' dir='ltr'>esse</span> <span class='ocrx_word' id='word_1_9' title='bbox 880 264 1140 302; x_wconf 87' lang='lat' dir='ltr'>persuasum,</span> <span class='ocrx_word' id='word_1_10' title='bbox 1178 250 1401 290; x_wconf 89' lang='lat' dir='ltr'>coelestem</span> <span class='ocrx_word' id='word_1_11' title='bbox 1436 262 1525 289; x_wconf 89' lang='lat' dir='ltr'>esse</span> <span class='ocrx_word' id='word_1_12' title='bbox 1562 250 1720 302; x_wconf 80' lang='lat' dir='ltr'>Regem</span> 
     </span>
     <span class='ocr_line' id='line_1_3' title="bbox 130 304 1721 358; baseline -0.003 -10"><span class='ocrx_word' id='word_1_13' title='bbox 130 308 255 347; x_wconf 88' lang='lat' dir='ltr'>huius</span> <span class='ocrx_word' id='word_1_14' title='bbox 282 308 429 347; x_wconf 91' lang='lat' dir='ltr'>mundi</span> <span class='ocrx_word' id='word_1_15' title='bbox 455 306 791 358; x_wconf 68' lang='lat' dir='ltr'>gubernatorem,</span> <span class='ocrx_word' id='word_1_16' title='bbox 821 318 948 356; x_wconf 90' lang='lat' dir='ltr'>quem</span> <span class='ocrx_word' id='word_1_17' title='bbox 973 305 1078 344; x_wconf 90' lang='lat' dir='ltr'>nihil</span> <span class='ocrx_word' id='word_1_18' title='bbox 1103 305 1254 357; x_wconf 84' lang='lat' dir='ltr'>fugiat,</span> <span class='ocrx_word' id='word_1_19' title='bbox 1283 305 1401 344; x_wconf 89' lang='lat' dir='ltr'>euius</span> <span class='ocrx_word' id='word_1_20' title='bbox 1428 304 1570 343; x_wconf 89' lang='lat' dir='ltr'>oculos</span> <span class='ocrx_word' id='word_1_21' title='bbox 1596 317 1721 343; x_wconf 89' lang='lat' dir='ltr'>nemo</span> 
     </span>
     <span class='ocr_line' id='line_1_4' title="bbox 130 359 1721 413; baseline -0.003 -11"><span class='ocrx_word' id='word_1_22' title='bbox 130 364 265 413; x_wconf 87' lang='lat' dir='ltr'>possit</span> <span class='ocrx_word' id='word_1_23' title='bbox 292 362 447 408; x_wconf 85' lang='lat' dir='ltr'>fallere,</span> <span class='ocrx_word' id='word_1_24' title='bbox 477 361 595 400; x_wconf 92' lang='lat' dir='ltr'>cuius</span> <span class='ocrx_word' id='word_1_25' title='bbox 625 360 844 410; x_wconf 88' lang='lat' dir='ltr'>potentiae</span> <span class='ocrx_word' id='word_1_26' title='bbox 880 373 1005 398; x_wconf 91' lang='lat' dir='ltr'>nemo</span> <span class='ocrx_word' id='word_1_27' title='bbox 1033 360 1167 411; x_wconf 89' lang='lat' dir='ltr'>possit</span> <span class='ocrx_word' id='word_1_28' title='bbox 1194 360 1398 406; x_wconf 86' lang='lat' dir='ltr'>resistere,</span> <span class='ocrx_word' id='word_1_29' title='bbox 1429 359 1502 409; x_wconf 90' lang='lat' dir='ltr'>qui</span> <span class='ocrx_word' id='word_1_30' title='bbox 1529 371 1607 410; x_wconf 86' lang='lat' dir='ltr'>pro</span> <span class='ocrx_word' id='word_1_31' title='bbox 1635 359 1721 397; x_wconf 87' lang='lat' dir='ltr'>suis</span> 
     </span>
     <span class='ocr_line' id='line_1_5' title="bbox 132 413 1720 468; baseline -0.003 -12"><span class='ocrx_word' id='word_1_32' title='bbox 132 430 328 468; x_wconf 90' lang='lat' dir='ltr'>quenque</span> <span class='ocrx_word' id='word_1_33' title='bbox 343 415 502 455; x_wconf 89' lang='lat' dir='ltr'>meritis</span> <span class='ocrx_word' id='word_1_34' title='bbox 522 415 578 453; x_wconf 85' lang='lat' dir='ltr'>sit</span> <span class='ocrx_word' id='word_1_35' title='bbox 596 413 860 453; x_wconf 88' lang='lat' dir='ltr'>iudicaturus</span> <span class='ocrx_word' id='word_1_36' title='bbox 877 427 1071 465; x_wconf 76' lang='lat' dir='ltr'>z—quam</span> <span class='ocrx_word' id='word_1_37' title='bbox 1085 415 1259 452; x_wconf 89' lang='lat' dir='ltr'>summis</span> <span class='ocrx_word' id='word_1_38' title='bbox 1278 413 1551 464; x_wconf 87' lang='lat' dir='ltr'>principibus,</span> <span class='ocrx_word' id='word_1_39' title='bbox 1573 413 1646 464; x_wconf 89' lang='lat' dir='ltr'>qui</span> <span class='ocrx_word' id='word_1_40' title='bbox 1666 413 1720 451; x_wconf 94' lang='lat' dir='ltr'>ob</span> 
     </span>
     <span class='ocr_line' id='line_1_6' title="bbox 129 466 1722 522; baseline -0.003 -12"><span class='ocrx_word' id='word_1_41' title='bbox 129 472 367 522; x_wconf 88' lang='lat' dir='ltr'>potentiam</span> <span class='ocrx_word' id='word_1_42' title='bbox 385 469 595 509; x_wconf 90' lang='lat' dir='ltr'>neminem</span> <span class='ocrx_word' id='word_1_43' title='bbox 614 471 826 515; x_wconf 88' lang='lat' dir='ltr'>metuunt,</span> <span class='ocrx_word' id='word_1_44' title='bbox 847 472 891 507; x_wconf 92' lang='lat' dir='ltr'>et</span> <span class='ocrx_word' id='word_1_45' title='bbox 908 468 1044 515; x_wconf 86' lang='lat' dir='ltr'>facile,</span> <span class='ocrx_word' id='word_1_46' title='bbox 1065 469 1099 507; x_wconf 87' lang='lat' dir='ltr'>si</span> <span class='ocrx_word' id='word_1_47' title='bbox 1119 467 1265 514; x_wconf 86' lang='lat' dir='ltr'>velint,</span> <span class='ocrx_word' id='word_1_48' title='bbox 1285 467 1438 506; x_wconf 83' lang='lat' dir='ltr'>fallant</span> <span class='ocrx_word' id='word_1_49' title='bbox 1457 479 1466 514; x_wconf 90' lang='lat'>;</span> <span class='ocrx_word' id='word_1_50' title='bbox 1502 471 1546 506; x_wconf 92' lang='lat' dir='ltr'>et</span> <span class='ocrx_word' id='word_1_51' title='bbox 1564 468 1598 506; x_wconf 91' lang='lat' dir='ltr'>si</span> <span class='ocrx_word' id='word_1_52' title='bbox 1617 466 1722 518; x_wconf 92' lang='lat' dir='ltr'>quid</span> 
     </span>
     <span class='ocr_line' id='line_1_7' title="bbox 130 520 1722 576; baseline -0.003 -12"><span class='ocrx_word' id='word_1_53' title='bbox 130 529 320 576; x_wconf 87' lang='lat' dir='ltr'>peceant,</span> <span class='ocrx_word' id='word_1_54' title='bbox 339 537 425 563; x_wconf 91' lang='lat' dir='ltr'>non</span> <span class='ocrx_word' id='word_1_55' title='bbox 440 522 567 562; x_wconf 91' lang='lat' dir='ltr'>modo</span> <span class='ocrx_word' id='word_1_56' title='bbox 583 535 670 561; x_wconf 93' lang='lat' dir='ltr'>non</span> <span class='ocrx_word' id='word_1_57' title='bbox 686 526 895 561; x_wconf 83' lang='lat' dir='ltr'>vocantur</span> <span class='ocrx_word' id='word_1_58' title='bbox 912 522 968 561; x_wconf 90' lang='lat' dir='ltr'>ad</span> <span class='ocrx_word' id='word_1_59' title='bbox 984 522 1166 562; x_wconf 88' lang='lat' dir='ltr'>hominis</span> <span class='ocrx_word' id='word_1_60' title='bbox 1182 521 1382 568; x_wconf 89' lang='lat' dir='ltr'>tribunal,</span> <span class='ocrx_word' id='word_1_61' title='bbox 1402 521 1476 560; x_wconf 88' lang='lat' dir='ltr'>sed</span> <span class='ocrx_word' id='word_1_62' title='bbox 1491 520 1722 560; x_wconf 71' lang='lat' dir='ltr'>laudantur</span> 
     </span>
     <span class='ocr_line' id='line_1_8' title="bbox 130 575 1720 629; baseline -0.003 -11"><span class='ocrx_word' id='word_1_63' title='bbox 130 580 260 618; x_wconf 89' lang='lat' dir='ltr'>etiam</span> <span class='ocrx_word' id='word_1_64' title='bbox 293 579 347 618; x_wconf 94' lang='lat' dir='ltr'>ob</span> <span class='ocrx_word' id='word_1_65' title='bbox 380 577 573 629; x_wconf 80' lang='lat' dir='ltr'>flagitia?</span> <span class='ocrx_word' id='word_1_66' title='bbox 633 576 821 624; x_wconf 86' lang='lat' dir='ltr'>Quorum</span> <span class='ocrx_word' id='word_1_67' title='bbox 859 577 1010 615; x_wconf 89' lang='lat' dir='ltr'>animis</span> <span class='ocrx_word' id='word_1_68' title='bbox 1043 576 1171 615; x_wconf 90' lang='lat' dir='ltr'>altius</span> <span class='ocrx_word' id='word_1_69' title='bbox 1204 579 1374 627; x_wconf 89' lang='lat' dir='ltr'>oportet</span> <span class='ocrx_word' id='word_1_70' title='bbox 1406 589 1495 615; x_wconf 90' lang='lat' dir='ltr'>esse</span> <span class='ocrx_word' id='word_1_71' title='bbox 1527 575 1720 622; x_wconf 85' lang='lat' dir='ltr'>infixum,</span> 
     </span>
     <span class='ocr_line' id='line_1_9' title="bbox 130 630 1722 684; baseline -0.003 -12"><span class='ocrx_word' id='word_1_72' title='bbox 130 637 227 684; x_wconf 89' lang='lat' dir='ltr'>post</span> <span class='ocrx_word' id='word_1_73' title='bbox 249 633 358 672; x_wconf 91' lang='lat' dir='ltr'>hanc</span> <span class='ocrx_word' id='word_1_74' title='bbox 380 633 530 678; x_wconf 82' lang='lat' dir='ltr'>vitam,</span> <span class='ocrx_word' id='word_1_75' title='bbox 554 643 663 682; x_wconf 88' lang='lat' dir='ltr'>quae</span> <span class='ocrx_word' id='word_1_76' title='bbox 685 643 762 669; x_wconf 91' lang='lat' dir='ltr'>nee</span> <span class='ocrx_word' id='word_1_77' title='bbox 784 630 953 681; x_wconf 85' lang='lat' dir='ltr'>regibus</span> <span class='ocrx_word' id='word_1_78' title='bbox 975 630 1043 669; x_wconf 87' lang='lat' dir='ltr'>vel</span> <span class='ocrx_word' id='word_1_79' title='bbox 1065 630 1121 669; x_wconf 83' lang='lat' dir='ltr'>ad</span> <span class='ocrx_word' id='word_1_80' title='bbox 1144 631 1268 668; x_wconf 85' lang='lat' dir='ltr'>vnius</span> <span class='ocrx_word' id='word_1_81' title='bbox 1291 630 1373 668; x_wconf 91' lang='lat' dir='ltr'>diei</span> <span class='ocrx_word' id='word_1_82' title='bbox 1396 631 1583 681; x_wconf 87' lang='lat' dir='ltr'>spatium</span> <span class='ocrx_word' id='word_1_83' title='bbox 1606 633 1722 669; x_wconf 89' lang='lat' dir='ltr'>certa</span> 
     </span>
     <span class='ocr_line' id='line_1_10' title="bbox 129 683 1720 738; baseline -0.003 -11"><span class='ocrx_word' id='word_1_84' title='bbox 129 691 206 734; x_wconf 80' lang='lat' dir='ltr'>est,</span> <span class='ocrx_word' id='word_1_85' title='bbox 226 700 302 727; x_wconf 93' lang='lat' dir='ltr'>nec</span> <span class='ocrx_word' id='word_1_86' title='bbox 320 686 393 726; x_wconf 82' lang='lat' dir='ltr'>vlh‘</span> <span class='ocrx_word' id='word_1_87' title='bbox 411 689 554 738; x_wconf 88' lang='lat' dir='ltr'>potest</span> <span class='ocrx_word' id='word_1_88' title='bbox 571 698 660 724; x_wconf 86' lang='lat' dir='ltr'>esse</span> <span class='ocrx_word' id='word_1_89' title='bbox 677 684 815 736; x_wconf 89' lang='lat' dir='ltr'>longa,</span> <span class='ocrx_word' id='word_1_90' title='bbox 836 697 1052 736; x_wconf 83' lang='lat' dir='ltr'>superesse</span> <span class='ocrx_word' id='word_1_91' title='bbox 1070 685 1206 723; x_wconf 81' lang='lat' dir='ltr'>vitam</span> <span class='ocrx_word' id='word_1_92' title='bbox 1224 697 1444 734; x_wconf 89' lang='lat' dir='ltr'>nunquam</span> <span class='ocrx_word' id='word_1_93' title='bbox 1466 683 1695 723; x_wconf 87' lang='lat' dir='ltr'>finiendam</span> <span class='ocrx_word' id='word_1_94' title='bbox 1711 695 1720 722; x_wconf 73' lang='grc' dir='ltr'>ε</span> 
     </span>
     <span class='ocr_line' id='line_1_11' title="bbox 128 738 1723 793; baseline -0.003 -13"><span class='ocrx_word' id='word_1_95' title='bbox 128 742 172 780; x_wconf 89' lang='grc'>111</span> <span class='ocrx_word' id='word_1_96' title='bbox 192 754 277 793; x_wconf 91' lang='lat' dir='ltr'>qua</span> <span class='ocrx_word' id='word_1_97' title='bbox 297 742 384 780; x_wconf 87' lang='lat' dir='ltr'>sine</span> <span class='ocrx_word' id='word_1_98' title='bbox 404 739 658 780; x_wconf 85' lang='lat' dir='ltr'>conditionis</span> <span class='ocrx_word' id='word_1_99' title='bbox 677 743 754 778; x_wconf 90' lang='lat' dir='ltr'>aut</span> <span class='ocrx_word' id='word_1_100' title='bbox 774 739 994 790; x_wconf 90' lang='lat' dir='ltr'>dignitatis</span> <span class='ocrx_word' id='word_1_101' title='bbox 1015 738 1100 778; x_wconf 88' lang='lat' dir='ltr'>vlle</span> <span class='ocrx_word' id='word_1_102' title='bbox 1120 738 1299 785; x_wconf 88' lang='lat' dir='ltr'>delectu,</span> <span class='ocrx_word' id='word_1_103' title='bbox 1321 738 1401 777; x_wconf 89' lang='lat' dir='ltr'>nisi</span> <span class='ocrx_word' id='word_1_104' title='bbox 1421 738 1537 789; x_wconf 90' lang='lat' dir='ltr'>quod</span> <span class='ocrx_word' id='word_1_105' title='bbox 1555 739 1723 790; x_wconf 89' lang='lat' dir='ltr'>grauior</span> 
     </span>
     <span class='ocr_line' id='line_1_12' title="bbox 128 791 1722 844; baseline -0.003 -10"><span class='ocrx_word' id='word_1_106' title='bbox 128 796 208 834; x_wconf 90' lang='lat' dir='ltr'>erit</span> <span class='ocrx_word' id='word_1_107' title='bbox 244 795 411 834; x_wconf 90' lang='lat' dir='ltr'>illorum</span> <span class='ocrx_word' id='word_1_108' title='bbox 449 807 576 833; x_wconf 88' lang='lat' dir='ltr'>causa</span> <span class='ocrx_word' id='word_1_109' title='bbox 614 794 687 844; x_wconf 92' lang='lat' dir='ltr'>qui</span> <span class='ocrx_word' id='word_1_110' title='bbox 725 793 793 832; x_wconf 92' lang='lat' dir='ltr'>hic</span> <span class='ocrx_word' id='word_1_111' title='bbox 830 794 1025 844; x_wconf 88' lang='lat' dir='ltr'>potentia</span> <span class='ocrx_word' id='word_1_112' title='bbox 1063 793 1239 832; x_wconf 89' lang='lat' dir='ltr'>caeteris</span> <span class='ocrx_word' id='word_1_113' title='bbox 1277 792 1626 839; x_wconf 71' lang='lat' dir='ltr'>antecelluerunt,</span> <span class='ocrx_word' id='word_1_114' title='bbox 1666 791 1722 830; x_wconf 87' lang='lat' dir='ltr'>ad</span> 
     </span>
     <span class='ocr_line' id='line_1_13' title="bbox 127 847 1723 901; baseline -0.002 -13"><span class='ocrx_word' id='word_1_115' title='bbox 127 850 360 901; x_wconf 86' lang='lat' dir='ltr'>incorrupti</span> <span class='ocrx_word' id='word_1_116' title='bbox 380 848 537 888; x_wconf 87' lang='lat' dir='ltr'>Iudicis</span> <span class='ocrx_word' id='word_1_117' title='bbox 556 847 848 887; x_wconf 82' lang='lat' dir='ltr'>ineuitabilem</span> <span class='ocrx_word' id='word_1_118' title='bbox 868 848 1124 886; x_wconf 85' lang='lat' dir='ltr'>sententiam</span> <span class='ocrx_word' id='word_1_119' title='bbox 1144 848 1206 886; x_wconf 91' lang='lat' dir='ltr'>ita</span> <span class='ocrx_word' id='word_1_120' title='bbox 1227 847 1406 898; x_wconf 90' lang='lat' dir='ltr'>quisque</span> <span class='ocrx_word' id='word_1_121' title='bbox 1426 859 1637 886; x_wconf 90' lang='lat' dir='ltr'>messurus</span> <span class='ocrx_word' id='word_1_122' title='bbox 1657 850 1723 885; x_wconf 87' lang='lat' dir='ltr'>est</span> 
     </span>
     <span class='ocr_line' id='line_1_14' title="bbox 128 901 1722 953; baseline -0.002 -11"><span class='ocrx_word' id='word_1_123' title='bbox 128 907 178 942; x_wconf 91' lang='lat' dir='ltr'>vt</span> <span class='ocrx_word' id='word_1_124' title='bbox 202 904 269 942; x_wconf 87' lang='lat' dir='ltr'>hic</span> <span class='ocrx_word' id='word_1_125' title='bbox 295 907 526 943; x_wconf 83' lang='lat' dir='ltr'>sementem</span> <span class='ocrx_word' id='word_1_126' title='bbox 550 901 726 949; x_wconf 87' lang='lat' dir='ltr'>fecerit;</span> <span class='ocrx_word' id='word_1_127' title='bbox 767 914 905 953; x_wconf 92' lang='lat' dir='ltr'>neque</span> <span class='ocrx_word' id='word_1_128' title='bbox 930 902 1156 953; x_wconf 89' lang='lat' dir='ltr'>quisquam</span> <span class='ocrx_word' id='word_1_129' title='bbox 1181 901 1400 952; x_wconf 84' lang='lat' dir='ltr'>elapsurus</span> <span class='ocrx_word' id='word_1_130' title='bbox 1425 905 1491 940; x_wconf 91' lang='lat' dir='ltr'>est</span> <span class='ocrx_word' id='word_1_131' title='bbox 1516 901 1620 952; x_wconf 90' lang='lat' dir='ltr'>quin</span> <span class='ocrx_word' id='word_1_132' title='bbox 1645 904 1722 939; x_wconf 92' lang='lat' dir='ltr'>aut</span> 
     </span>
     <span class='ocr_line' id='line_1_15' title="bbox 126 954 1724 1009; baseline -0.002 -12"><span class='ocrx_word' id='word_1_133' title='bbox 126 971 203 1009; x_wconf 89' lang='lat' dir='ltr'>pro</span> <span class='ocrx_word' id='word_1_134' title='bbox 224 958 456 997; x_wconf 79' lang='lat' dir='ltr'>benefactis</span> <span class='ocrx_word' id='word_1_135' title='bbox 477 969 674 996; x_wconf 88' lang='lat' dir='ltr'>coronam</span> <span class='ocrx_word' id='word_1_136' title='bbox 695 955 850 996; x_wconf 87' lang='lat' dir='ltr'>referat</span> <span class='ocrx_word' id='word_1_137' title='bbox 870 960 1066 995; x_wconf 86' lang='lat' dir='ltr'>aeternae</span> <span class='ocrx_word' id='word_1_138' title='bbox 1088 955 1378 1003; x_wconf 86' lang='lat' dir='ltr'>beatitudinis,</span> <span class='ocrx_word' id='word_1_139' title='bbox 1401 959 1478 994; x_wconf 91' lang='lat' dir='ltr'>aut</span> <span class='ocrx_word' id='word_1_140' title='bbox 1498 968 1575 1007; x_wconf 89' lang='lat' dir='ltr'>pro</span> <span class='ocrx_word' id='word_1_141' title='bbox 1596 954 1724 994; x_wconf 91' lang='lat' dir='ltr'>male-</span> 
     </span>
     <span class='ocr_line' id='line_1_16' title="bbox 127 1009 1722 1063; baseline -0.002 -12"><span class='ocrx_word' id='word_1_142' title='bbox 127 1012 266 1059; x_wconf 84' lang='lat' dir='ltr'>factis,</span> <span class='ocrx_word' id='word_1_143' title='bbox 311 1012 566 1063; x_wconf 85' lang='lat' dir='ltr'>perennibus</span> <span class='ocrx_word' id='word_1_144' title='bbox 609 1011 824 1062; x_wconf 88' lang='lat' dir='ltr'>gehennae</span> <span class='ocrx_word' id='word_1_145' title='bbox 868 1011 1085 1062; x_wconf 86' lang='lat' dir='ltr'>suppliciis</span> <span class='ocrx_word' id='word_1_146' title='bbox 1128 1010 1311 1049; x_wconf 90' lang='lat' dir='ltr'>dedatur</span> <span class='ocrx_word' id='word_1_147' title='bbox 1330 1022 1526 1061; x_wconf 78' lang='lat' dir='ltr'>z——quam</span> <span class='ocrx_word' id='word_1_148' title='bbox 1570 1009 1722 1049; x_wconf 92' lang='lat' dir='ltr'>horum</span> 
     </span>
     <span class='ocr_line' id='line_1_17' title="bbox 129 1064 1722 1117; baseline -0.002 -12"><span class='ocrx_word' id='word_1_149' title='bbox 129 1067 283 1117; x_wconf 89' lang='lat' dir='ltr'>quibus</span> <span class='ocrx_word' id='word_1_150' title='bbox 307 1066 494 1117; x_wconf 84' lang='lat' dir='ltr'>vndique</span> <span class='ocrx_word' id='word_1_151' title='bbox 518 1065 727 1105; x_wconf 86' lang='lat' dir='ltr'>secundae</span> <span class='ocrx_word' id='word_1_152' title='bbox 750 1078 829 1112; x_wconf 84' lang='lat' dir='ltr'>res,</span> <span class='ocrx_word' id='word_1_153' title='bbox 856 1065 1012 1116; x_wconf 87' lang='lat' dir='ltr'>quibus</span> <span class='ocrx_word' id='word_1_154' title='bbox 1035 1065 1255 1104; x_wconf 86' lang='lat' dir='ltr'>hominum</span> <span class='ocrx_word' id='word_1_155' title='bbox 1280 1064 1510 1116; x_wconf 87' lang='lat' dir='ltr'>applausus</span> <span class='ocrx_word' id='word_1_156' title='bbox 1535 1067 1579 1103; x_wconf 90' lang='lat' dir='ltr'>et</span> <span class='ocrx_word' id='word_1_157' title='bbox 1603 1076 1722 1115; x_wconf 90' lang='lat' dir='ltr'>prae-</span> 
     </span>
     <span class='ocr_line' id='line_1_18' title="bbox 127 1117 1722 1166; baseline -0.002 -7"><span class='ocrx_word' id='word_1_158' title='bbox 127 1121 312 1160; x_wconf 87' lang='lat' dir='ltr'>sentium</span> <span class='ocrx_word' id='word_1_159' title='bbox 333 1133 474 1159; x_wconf 90' lang='lat' dir='ltr'>rerum</span> <span class='ocrx_word' id='word_1_160' title='bbox 495 1132 682 1159; x_wconf 90' lang='lat' dir='ltr'>amorem</span> <span class='ocrx_word' id='word_1_161' title='bbox 704 1123 748 1159; x_wconf 92' lang='lat' dir='ltr'>et</span> <span class='ocrx_word' id='word_1_162' title='bbox 768 1119 1011 1158; x_wconf 84' lang='lat' dir='ltr'>futurorum</span> <span class='ocrx_word' id='word_1_163' title='bbox 1035 1118 1292 1158; x_wconf 89' lang='lat' dir='ltr'>obliuionem</span> <span class='ocrx_word' id='word_1_164' title='bbox 1315 1118 1468 1158; x_wconf 88' lang='lat' dir='ltr'>suadet</span> <span class='ocrx_word' id='word_1_165' title='bbox 1485 1121 1500 1156; x_wconf 68' lang='grc' dir='ltr'>ἲ</span> <span class='ocrx_word' id='word_1_166' title='bbox 1560 1117 1722 1166; x_wconf 81' lang='lat' dir='ltr'>Quibus</span> 
     </span>
     <span class='ocr_line' id='line_1_19' title="bbox 128 1172 1720 1226; baseline -0.002 -12"><span class='ocrx_word' id='word_1_167' title='bbox 128 1176 312 1226; x_wconf 88' lang='lat' dir='ltr'>penitius</span> <span class='ocrx_word' id='word_1_168' title='bbox 332 1176 583 1226; x_wconf 89' lang='lat' dir='ltr'>impressum</span> <span class='ocrx_word' id='word_1_169' title='bbox 604 1187 693 1214; x_wconf 87' lang='lat' dir='ltr'>esse</span> <span class='ocrx_word' id='word_1_170' title='bbox 713 1173 843 1213; x_wconf 83' lang='lat' dir='ltr'>refert</span> <span class='ocrx_word' id='word_1_171' title='bbox 863 1187 888 1212; x_wconf 91' lang='lat' dir='ltr'>a</span> <span class='ocrx_word' id='word_1_172' title='bbox 910 1174 1076 1213; x_wconf 86' lang='lat' dir='ltr'>Christo</span> <span class='ocrx_word' id='word_1_173' title='bbox 1098 1173 1416 1220; x_wconf 83' lang='lat' dir='ltr'>denunciatum,</span> <span class='ocrx_word' id='word_1_174' title='bbox 1441 1172 1450 1188; x_wconf 89' lang='lat'>‘</span> <span class='ocrx_word' id='word_1_175' title='bbox 1469 1172 1558 1212; x_wconf 89' lang='lat' dir='ltr'>Vae</span> <span class='ocrx_word' id='word_1_176' title='bbox 1578 1172 1720 1212; x_wconf 87' lang='lat' dir='ltr'>diuiti-</span> 
     </span>
     <span class='ocr_line' id='line_1_20' title="bbox 130 1226 1722 1280; baseline -0.002 -12"><span class='ocrx_word' id='word_1_177' title='bbox 130 1229 209 1268; x_wconf 89' lang='lat' dir='ltr'>bus</span> <span class='ocrx_word' id='word_1_178' title='bbox 235 1243 284 1268; x_wconf 91' lang='lat' dir='ltr'>ae</span> <span class='ocrx_word' id='word_1_179' title='bbox 310 1229 572 1280; x_wconf 88' lang='lat' dir='ltr'>potentibus,</span> <span class='ocrx_word' id='word_1_180' title='bbox 593 1229 666 1280; x_wconf 92' lang='lat' dir='ltr'>qui</span> <span class='ocrx_word' id='word_1_181' title='bbox 692 1228 892 1267; x_wconf 88' lang='lat' dir='ltr'>solatium</span> <span class='ocrx_word' id='word_1_182' title='bbox 915 1228 1077 1267; x_wconf 89' lang='lat' dir='ltr'>habent</span> <span class='ocrx_word' id='word_1_183' title='bbox 1095 1229 1140 1267; x_wconf 92' lang='lat' dir='ltr'>in</span> <span class='ocrx_word' id='word_1_184' title='bbox 1158 1228 1238 1267; x_wconf 92' lang='lat' dir='ltr'>hoc</span> <span class='ocrx_word' id='word_1_185' title='bbox 1261 1227 1424 1267; x_wconf 86' lang='lat' dir='ltr'>seculo&#39;</span> <span class='ocrx_word' id='word_1_186' title='bbox 1444 1239 1638 1278; x_wconf 86' lang='lat' dir='ltr'>:—quam</span> <span class='ocrx_word' id='word_1_187' title='bbox 1657 1226 1722 1265; x_wconf 92' lang='lat' dir='ltr'>his</span> 
     </span>
     <span class='ocr_line' id='line_1_21' title="bbox 127 1281 1720 1334; baseline -0.002 -12"><span class='ocrx_word' id='word_1_188' title='bbox 127 1283 281 1334; x_wconf 90' lang='lat' dir='ltr'>quibus</span> <span class='ocrx_word' id='word_1_189' title='bbox 299 1284 488 1322; x_wconf 92' lang='lat' dir='ltr'>omnium</span> <span class='ocrx_word' id='word_1_190' title='bbox 509 1295 649 1322; x_wconf 89' lang='lat' dir='ltr'>rerum</span> <span class='ocrx_word' id='word_1_191' title='bbox 667 1283 788 1333; x_wconf 89' lang='lat' dir='ltr'>eopia</span> <span class='ocrx_word' id='word_1_192' title='bbox 810 1295 920 1333; x_wconf 89' lang='lat' dir='ltr'>quae</span> <span class='ocrx_word' id='word_1_193' title='bbox 939 1282 1076 1321; x_wconf 91' lang='lat' dir='ltr'>solent</span> <span class='ocrx_word' id='word_1_194' title='bbox 1095 1283 1256 1321; x_wconf 88' lang='lat' dir='ltr'>euirare</span> <span class='ocrx_word' id='word_1_195' title='bbox 1275 1281 1519 1321; x_wconf 88' lang='lat' dir='ltr'>mortalium</span> <span class='ocrx_word' id='word_1_196' title='bbox 1543 1282 1720 1328; x_wconf 89' lang='lat' dir='ltr'>animos,</span> 
     </span>
     <span class='ocr_line' id='line_1_22' title="bbox 125 1336 1725 1387; baseline -0.001 -11"><span class='ocrx_word' id='word_1_197' title='bbox 125 1337 293 1376; x_wconf 83' lang='lat' dir='ltr'>affatim</span> <span class='ocrx_word' id='word_1_198' title='bbox 312 1337 434 1376; x_wconf 88' lang='lat' dir='ltr'>adest</span> <span class='ocrx_word' id='word_1_199' title='bbox 452 1339 467 1374; x_wconf 90' lang='lat'><strong>?</strong></span> <span class='ocrx_word' id='word_1_200' title='bbox 500 1337 661 1384; x_wconf 78' lang='lat' dir='ltr'>Quibus</span> <span class='ocrx_word' id='word_1_201' title='bbox 683 1337 816 1387; x_wconf 90' lang='lat' dir='ltr'>magis</span> <span class='ocrx_word' id='word_1_202' title='bbox 834 1336 1094 1375; x_wconf 88' lang='lat' dir='ltr'>inculcatum</span> <span class='ocrx_word' id='word_1_203' title='bbox 1114 1349 1203 1375; x_wconf 89' lang='lat' dir='ltr'>esse</span> <span class='ocrx_word' id='word_1_204' title='bbox 1227 1349 1304 1387; x_wconf 86' lang='lat' dir='ltr'>par</span> <span class='ocrx_word' id='word_1_205' title='bbox 1323 1340 1400 1383; x_wconf 86' lang='lat' dir='ltr'>est,</span> <span class='ocrx_word' id='word_1_206' title='bbox 1422 1348 1546 1374; x_wconf 88' lang='lat' dir='ltr'>suum</span> <span class='ocrx_word' id='word_1_207' title='bbox 1570 1336 1725 1385; x_wconf 85' lang='lat' dir='ltr'>cuique</span> 
     </span>
     <span class='ocr_line' id='line_1_23' title="bbox 126 1389 1721 1437; baseline -0.002 -7"><span class='ocrx_word' id='word_1_208' title='bbox 126 1391 334 1430; x_wconf 87' lang='lat' dir='ltr'>creditum</span> <span class='ocrx_word' id='word_1_209' title='bbox 347 1391 558 1430; x_wconf 89' lang='lat' dir='ltr'>talentum</span> <span class='ocrx_word' id='word_1_210' title='bbox 572 1391 616 1430; x_wconf 92' lang='lat' dir='ltr'>in</span> <span class='ocrx_word' id='word_1_211' title='bbox 631 1391 795 1430; x_wconf 90' lang='lat' dir='ltr'>lucrum</span> <span class='ocrx_word' id='word_1_212' title='bbox 810 1390 995 1437; x_wconf 87' lang='lat' dir='ltr'>Domini,</span> <span class='ocrx_word' id='word_1_213' title='bbox 1012 1391 1222 1429; x_wconf 90' lang='lat' dir='ltr'>rationem</span> <span class='ocrx_word' id='word_1_214' title='bbox 1235 1390 1289 1428; x_wconf 90' lang='lat' dir='ltr'>ab</span> <span class='ocrx_word' id='word_1_215' title='bbox 1303 1390 1499 1429; x_wconf 88' lang='lat' dir='ltr'>omnibus</span> <span class='ocrx_word' id='word_1_216' title='bbox 1514 1389 1721 1435; x_wconf 85' lang='lat' dir='ltr'>exacturi,</span> 
     </span>
     <span class='ocr_line' id='line_1_24' title="bbox 126 1443 1722 1497; baseline -0.002 -12"><span class='ocrx_word' id='word_1_217' title='bbox 126 1446 302 1485; x_wconf 85' lang='lat' dir='ltr'>sollicite</span> <span class='ocrx_word' id='word_1_218' title='bbox 326 1445 660 1497; x_wconf 88' lang='lat' dir='ltr'>dispensandum</span> <span class='ocrx_word' id='word_1_219' title='bbox 679 1458 767 1484; x_wconf 90' lang='grc'>6886</span> <span class='ocrx_word' id='word_1_220' title='bbox 785 1457 979 1496; x_wconf 82' lang='lat' dir='ltr'>z—quam</span> <span class='ocrx_word' id='word_1_221' title='bbox 999 1444 1064 1483; x_wconf 91' lang='lat' dir='ltr'>his</span> <span class='ocrx_word' id='word_1_222' title='bbox 1088 1444 1243 1496; x_wconf 89' lang='lat' dir='ltr'>quibus</span> <span class='ocrx_word' id='word_1_223' title='bbox 1263 1444 1318 1483; x_wconf 93' lang='lat' dir='ltr'>ob</span> <span class='ocrx_word' id='word_1_224' title='bbox 1338 1444 1579 1495; x_wconf 89' lang='lat' dir='ltr'>potentiam</span> <span class='ocrx_word' id='word_1_225' title='bbox 1593 1456 1618 1481; x_wconf 87' lang='lat' dir='ltr'>a</span> <span class='ocrx_word' id='word_1_226' title='bbox 1630 1443 1722 1482; x_wconf 93' lang='lat' dir='ltr'>Deo</span> 
     </span>
     <span class='ocr_line' id='line_1_25' title="bbox 126 1498 1723 1551; baseline -0.001 -12"><span class='ocrx_word' id='word_1_227' title='bbox 126 1500 331 1539; x_wconf 91' lang='lat' dir='ltr'>traditam</span> <span class='ocrx_word' id='word_1_228' title='bbox 352 1501 397 1539; x_wconf 90' lang='lat' dir='ltr'>in</span> <span class='ocrx_word' id='word_1_229' title='bbox 418 1513 548 1539; x_wconf 90' lang='lat' dir='ltr'>manu</span> <span class='ocrx_word' id='word_1_230' title='bbox 570 1503 635 1539; x_wconf 89' lang='lat' dir='ltr'>est</span> <span class='ocrx_word' id='word_1_231' title='bbox 656 1499 724 1539; x_wconf 87' lang='lat' dir='ltr'>vel</span> <span class='ocrx_word' id='word_1_232' title='bbox 745 1499 975 1551; x_wconf 88' lang='lat' dir='ltr'>plurimum</span> <span class='ocrx_word' id='word_1_233' title='bbox 997 1499 1195 1551; x_wconf 89' lang='lat' dir='ltr'>prodesse</span> <span class='ocrx_word' id='word_1_234' title='bbox 1216 1498 1285 1538; x_wconf 85' lang='lat' dir='ltr'>vel</span> <span class='ocrx_word' id='word_1_235' title='bbox 1313 1499 1543 1551; x_wconf 89' lang='lat' dir='ltr'>plurimum</span> <span class='ocrx_word' id='word_1_236' title='bbox 1572 1510 1723 1537; x_wconf 82' lang='lat' dir='ltr'>nocere</span> 
     </span>
     <span class='ocr_line' id='line_1_26' title="bbox 125 1554 549 1594; baseline -0.005 0"><span class='ocrx_word' id='word_1_237' title='bbox 125 1555 251 1594; x_wconf 90' lang='lat' dir='ltr'>rebus</span> <span class='ocrx_word' id='word_1_238' title='bbox 272 1554 516 1594; x_wconf 86' lang='lat' dir='ltr'>mortalium</span> <span class='ocrx_word' id='word_1_239' title='bbox 534 1556 549 1592; x_wconf 77' lang='lat'>⁶?</span> 
     </span>
    </p>

    <p class='ocr_par' dir='ltr' id='par_1_3' title="bbox 124 1605 1723 2735">
     <span class='ocr_line' id='line_1_27' title="bbox 181 1605 1722 1661; baseline -0.002 -13"><span class='ocrx_word' id='word_1_240' title='bbox 181 1609 343 1657; x_wconf 88' lang='lat' dir='ltr'>Quibus</span> <span class='ocrx_word' id='word_1_241' title='bbox 386 1612 556 1661; x_wconf 88' lang='lat' dir='ltr'>oportet</span> <span class='ocrx_word' id='word_1_242' title='bbox 600 1609 755 1648; x_wconf 88' lang='lat' dir='ltr'>certius</span> <span class='ocrx_word' id='word_1_243' title='bbox 797 1621 886 1647; x_wconf 91' lang='lat' dir='ltr'>esse</span> <span class='ocrx_word' id='word_1_244' title='bbox 929 1621 1190 1659; x_wconf 89' lang='lat' dir='ltr'>persuasum,</span> <span class='ocrx_word' id='word_1_245' title='bbox 1236 1607 1439 1654; x_wconf 87' lang='lat' dir='ltr'>homines,</span> <span class='ocrx_word' id='word_1_246' title='bbox 1486 1605 1722 1658; x_wconf 89' lang='lat' dir='ltr'>quamlibet</span> 
     </span>
     <span class='ocr_line' id='line_1_28' title="bbox 125 1661 1722 1715; baseline -0.002 -12"><span class='ocrx_word' id='word_1_247' title='bbox 125 1676 300 1715; x_wconf 86' lang='lat' dir='ltr'>magnos</span> <span class='ocrx_word' id='word_1_248' title='bbox 322 1677 371 1703; x_wconf 89' lang='lat' dir='ltr'>ac</span> <span class='ocrx_word' id='word_1_249' title='bbox 393 1663 605 1709; x_wconf 86' lang='lat' dir='ltr'>sublimes,</span> <span class='ocrx_word' id='word_1_250' title='bbox 630 1676 682 1702; x_wconf 85' lang='lat' dir='ltr'>ex</span> <span class='ocrx_word' id='word_1_251' title='bbox 704 1675 792 1702; x_wconf 87' lang='lat' dir='ltr'>sese</span> <span class='ocrx_word' id='word_1_252' title='bbox 813 1662 918 1701; x_wconf 88' lang='lat' dir='ltr'>nihil</span> <span class='ocrx_word' id='word_1_253' title='bbox 939 1676 1073 1714; x_wconf 87' lang='lat' dir='ltr'>posse,</span> <span class='ocrx_word' id='word_1_254' title='bbox 1099 1662 1172 1701; x_wconf 91' lang='lat' dir='ltr'>sed</span> <span class='ocrx_word' id='word_1_255' title='bbox 1194 1663 1336 1702; x_wconf 87' lang='lat' dir='ltr'>omnia</span> <span class='ocrx_word' id='word_1_256' title='bbox 1358 1674 1468 1713; x_wconf 92' lang='lat' dir='ltr'>quae</span> <span class='ocrx_word' id='word_1_257' title='bbox 1490 1674 1587 1700; x_wconf 88' lang='lat' dir='ltr'>vere</span> <span class='ocrx_word' id='word_1_258' title='bbox 1610 1661 1722 1700; x_wconf 91' lang='lat' dir='ltr'>bona</span> 
     </span>
     <span class='ocr_line' id='line_1_29' title="bbox 125 1715 1721 1768; baseline -0.003 -11"><span class='ocrx_word' id='word_1_259' title='bbox 125 1722 238 1765; x_wconf 88' lang='lat' dir='ltr'>sunt,</span> <span class='ocrx_word' id='word_1_260' title='bbox 280 1718 475 1757; x_wconf 90' lang='lat' dir='ltr'>omnibus</span> <span class='ocrx_word' id='word_1_261' title='bbox 514 1731 539 1757; x_wconf 90' lang='lat' dir='ltr'>a</span> <span class='ocrx_word' id='word_1_262' title='bbox 577 1717 744 1757; x_wconf 86' lang='lat' dir='ltr'>Christo</span> <span class='ocrx_word' id='word_1_263' title='bbox 782 1716 1002 1768; x_wconf 89' lang='lat' dir='ltr'>proficisci,</span> <span class='ocrx_word' id='word_1_264' title='bbox 1042 1717 1098 1756; x_wconf 91' lang='lat' dir='ltr'>ab</span> <span class='ocrx_word' id='word_1_265' title='bbox 1136 1716 1207 1755; x_wconf 91' lang='lat' dir='ltr'>illo</span> <span class='ocrx_word' id='word_1_266' title='bbox 1246 1716 1478 1768; x_wconf 91' lang='lat' dir='ltr'>petendum</span> <span class='ocrx_word' id='word_1_267' title='bbox 1517 1715 1721 1767; x_wconf 90' lang='lat' dir='ltr'>quicquid</span> 
     </span>
     <span class='ocr_line' id='line_1_30' title="bbox 125 1770 1720 1823; baseline -0.002 -12"><span class='ocrx_word' id='word_1_268' title='bbox 125 1773 372 1812; x_wconf 83' lang='lat' dir='ltr'>Christianis</span> <span class='ocrx_word' id='word_1_269' title='bbox 394 1773 507 1812; x_wconf 84' lang='lat' dir='ltr'>votis</span> <span class='ocrx_word' id='word_1_270' title='bbox 529 1772 669 1823; x_wconf 88' lang='lat' dir='ltr'>optari</span> <span class='ocrx_word' id='word_1_271' title='bbox 690 1775 846 1823; x_wconf 90' lang='lat' dir='ltr'>potest,</span> <span class='ocrx_word' id='word_1_272' title='bbox 871 1771 927 1810; x_wconf 92' lang='lat' dir='ltr'>ad</span> <span class='ocrx_word' id='word_1_273' title='bbox 947 1771 1067 1810; x_wconf 90' lang='lat' dir='ltr'>illum</span> <span class='ocrx_word' id='word_1_274' title='bbox 1091 1784 1223 1810; x_wconf 78' lang='lat' dir='ltr'>vnum</span> <span class='ocrx_word' id='word_1_275' title='bbox 1244 1770 1508 1810; x_wconf 85' lang='lat' dir='ltr'>referendam</span> <span class='ocrx_word' id='word_1_276' title='bbox 1530 1771 1720 1809; x_wconf 87' lang='lat' dir='ltr'>omnium</span> 
     </span>
     <span class='ocr_line' id='line_1_31' title="bbox 124 1824 1721 1878; baseline -0.003 -12"><span class='ocrx_word' id='word_1_277' title='bbox 124 1840 264 1866; x_wconf 88' lang='lat' dir='ltr'>rerum</span> <span class='ocrx_word' id='word_1_278' title='bbox 286 1827 392 1866; x_wconf 93' lang='lat' dir='ltr'>bene</span> <span class='ocrx_word' id='word_1_279' title='bbox 414 1830 628 1878; x_wconf 87' lang='lat' dir='ltr'>gestarum</span> <span class='ocrx_word' id='word_1_280' title='bbox 650 1826 826 1877; x_wconf 87' lang='lat' dir='ltr'>gloriam</span> <span class='ocrx_word' id='word_1_281' title='bbox 846 1839 1042 1877; x_wconf 76' lang='lat' dir='ltr'>z—quam</span> <span class='ocrx_word' id='word_1_282' title='bbox 1064 1825 1128 1864; x_wconf 89' lang='lat' dir='ltr'>his</span> <span class='ocrx_word' id='word_1_283' title='bbox 1151 1825 1305 1876; x_wconf 89' lang='lat' dir='ltr'>quibus</span> <span class='ocrx_word' id='word_1_284' title='bbox 1328 1825 1382 1864; x_wconf 96' lang='lat' dir='ltr'>ob</span> <span class='ocrx_word' id='word_1_285' title='bbox 1405 1838 1455 1863; x_wconf 88' lang='lat' dir='ltr'>ea</span> <span class='ocrx_word' id='word_1_286' title='bbox 1476 1824 1589 1863; x_wconf 92' lang='lat' dir='ltr'>bona</span> <span class='ocrx_word' id='word_1_287' title='bbox 1611 1836 1721 1875; x_wconf 88' lang='lat' dir='ltr'>quae</span> 
     </span>
     <span class='ocr_line' id='line_1_32' title="bbox 125 1878 1721 1932; baseline -0.002 -12"><span class='ocrx_word' id='word_1_288' title='bbox 125 1881 316 1921; x_wconf 84' lang='lat' dir='ltr'>Christus</span> <span class='ocrx_word' id='word_1_289' title='bbox 334 1881 480 1920; x_wconf 92' lang='lat' dir='ltr'>docuit</span> <span class='ocrx_word' id='word_1_290' title='bbox 498 1894 587 1920; x_wconf 90' lang='grc'>6886</span> <span class='ocrx_word' id='word_1_291' title='bbox 605 1880 854 1932; x_wconf 86' lang='lat' dir='ltr'>spernenda,</span> <span class='ocrx_word' id='word_1_292' title='bbox 875 1880 1059 1918; x_wconf 88' lang='lat' dir='ltr'>mundus</span> <span class='ocrx_word' id='word_1_293' title='bbox 1078 1879 1302 1931; x_wconf 85' lang='lat' dir='ltr'>applaudit</span> <span class='ocrx_word' id='word_1_294' title='bbox 1321 1883 1370 1919; x_wconf 80' lang='lat' dir='ltr'>vt</span> <span class='ocrx_word' id='word_1_295' title='bbox 1388 1878 1592 1925; x_wconf 89' lang='lat' dir='ltr'>felicibus,</span> <span class='ocrx_word' id='word_1_296' title='bbox 1613 1891 1721 1929; x_wconf 91' lang='lat' dir='ltr'>quos</span> 
     </span>
     <span class='ocr_line' id='line_1_33' title="bbox 126 1934 1721 1987; baseline -0.002 -13"><span class='ocrx_word' id='word_1_297' title='bbox 126 1936 180 1974; x_wconf 92' lang='lat' dir='ltr'>ob</span> <span class='ocrx_word' id='word_1_298' title='bbox 208 1936 351 1974; x_wconf 88' lang='lat' dir='ltr'>inania</span> <span class='ocrx_word' id='word_1_299' title='bbox 379 1935 590 1987; x_wconf 90' lang='lat' dir='ltr'>quaedam</span> <span class='ocrx_word' id='word_1_300' title='bbox 618 1935 826 1974; x_wconf 89' lang='lat' dir='ltr'>bonorum</span> <span class='ocrx_word' id='word_1_301' title='bbox 854 1934 1090 1981; x_wconf 89' lang='lat' dir='ltr'>simulacra,</span> <span class='ocrx_word' id='word_1_302' title='bbox 1120 1934 1272 1985; x_wconf 83' lang='lat' dir='ltr'>vulgus</span> <span class='ocrx_word' id='word_1_303' title='bbox 1299 1934 1520 1973; x_wconf 88' lang='lat' dir='ltr'>hominum</span> <span class='ocrx_word' id='word_1_304' title='bbox 1547 1936 1721 1972; x_wconf 88' lang='lat' dir='ltr'>tantum</span> 
     </span>
     <span class='ocr_line' id='line_1_34' title="bbox 125 1988 1720 2040; baseline -0.002 -11"><span class='ocrx_word' id='word_1_305' title='bbox 125 2003 210 2028; x_wconf 93' lang='lat' dir='ltr'>non</span> <span class='ocrx_word' id='word_1_306' title='bbox 237 1994 288 2029; x_wconf 86' lang='lat' dir='ltr'>vt</span> <span class='ocrx_word' id='word_1_307' title='bbox 314 1990 414 2029; x_wconf 90' lang='lat' dir='ltr'>deos</span> <span class='ocrx_word' id='word_1_308' title='bbox 440 1989 592 2029; x_wconf 89' lang='lat' dir='ltr'>adorat</span> <span class='ocrx_word' id='word_1_309' title='bbox 619 2002 667 2028; x_wconf 88' lang='lat' dir='ltr'>ac</span> <span class='ocrx_word' id='word_1_310' title='bbox 695 1989 904 2040; x_wconf 86' lang='lat' dir='ltr'>suspicit?</span> <span class='ocrx_word' id='word_1_311' title='bbox 963 1988 1125 2036; x_wconf 90' lang='lat' dir='ltr'>Quibus</span> <span class='ocrx_word' id='word_1_312' title='bbox 1152 1989 1286 2040; x_wconf 87' lang='lat' dir='ltr'>magis</span> <span class='ocrx_word' id='word_1_313' title='bbox 1313 1991 1483 2040; x_wconf 89' lang='lat' dir='ltr'>oportet</span> <span class='ocrx_word' id='word_1_314' title='bbox 1511 2000 1600 2026; x_wconf 89' lang='lat' dir='ltr'>esse</span> <span class='ocrx_word' id='word_1_315' title='bbox 1629 2000 1720 2038; x_wconf 88' lang='lat' dir='ltr'>per-</span> 
     </span>
     <span class='ocr_line' id='line_1_35' title="bbox 125 2041 1721 2091; baseline -0.002 -8"><span class='ocrx_word' id='word_1_316' title='bbox 125 2057 310 2091; x_wconf 89' lang='lat' dir='ltr'>suasum,</span> <span class='ocrx_word' id='word_1_317' title='bbox 331 2043 531 2083; x_wconf 85' lang='lat' dir='ltr'>ferociam</span> <span class='ocrx_word' id='word_1_318' title='bbox 549 2056 638 2082; x_wconf 90' lang='lat' dir='ltr'>esse</span> <span class='ocrx_word' id='word_1_319' title='bbox 657 2043 748 2082; x_wconf 93' lang='lat' dir='ltr'>Deo</span> <span class='ocrx_word' id='word_1_320' title='bbox 766 2044 947 2082; x_wconf 88' lang='lat' dir='ltr'>inuisam</span> <span class='ocrx_word' id='word_1_321' title='bbox 967 2056 976 2089; x_wconf 88' lang='lat'>;</span> <span class='ocrx_word' id='word_1_322' title='bbox 1011 2043 1209 2082; x_wconf 90' lang='lat' dir='ltr'>iniuriam</span> <span class='ocrx_word' id='word_1_323' title='bbox 1227 2055 1313 2082; x_wconf 93' lang='lat' dir='ltr'>non</span> <span class='ocrx_word' id='word_1_324' title='bbox 1332 2055 1420 2082; x_wconf 89' lang='lat' dir='ltr'>esse</span> <span class='ocrx_word' id='word_1_325' title='bbox 1439 2041 1721 2081; x_wconf 90' lang='lat' dir='ltr'>retaliandam</span> 
     </span>
     <span class='ocr_line' id='line_1_36' title="bbox 125 2096 1722 2149; baseline -0.002 -12"><span class='ocrx_word' id='word_1_326' title='bbox 125 2099 306 2145; x_wconf 82' lang='lat' dir='ltr'>iniuria3</span> <span class='ocrx_word' id='word_1_327' title='bbox 351 2098 455 2137; x_wconf 91' lang='lat' dir='ltr'>nihil</span> <span class='ocrx_word' id='word_1_328' title='bbox 483 2111 572 2137; x_wconf 89' lang='lat' dir='ltr'>esse</span> <span class='ocrx_word' id='word_1_329' title='bbox 600 2110 704 2149; x_wconf 90' lang='lat' dir='ltr'>pace</span> <span class='ocrx_word' id='word_1_330' title='bbox 733 2097 894 2145; x_wconf 90' lang='lat' dir='ltr'>melius,</span> <span class='ocrx_word' id='word_1_331' title='bbox 924 2097 1029 2136; x_wconf 92' lang='lat' dir='ltr'>nihil</span> <span class='ocrx_word' id='word_1_332' title='bbox 1058 2096 1383 2136; x_wconf 90' lang='lat' dir='ltr'>mansuetudine</span> <span class='ocrx_word' id='word_1_333' title='bbox 1413 2096 1722 2147; x_wconf 90' lang='lat' dir='ltr'>clementiaque</span> 
     </span>
     <span class='ocr_line' id='line_1_37' title="bbox 127 2149 1722 2204; baseline -0.002 -13"><span class='ocrx_word' id='word_1_334' title='bbox 127 2152 218 2191; x_wconf 93' lang='lat' dir='ltr'>Deo</span> <span class='ocrx_word' id='word_1_335' title='bbox 250 2153 411 2204; x_wconf 86' lang='lat' dir='ltr'>gratius</span> <span class='ocrx_word' id='word_1_336' title='bbox 431 2165 626 2203; x_wconf 89' lang='lat' dir='ltr'>;—quam</span> <span class='ocrx_word' id='word_1_337' title='bbox 659 2152 723 2191; x_wconf 90' lang='lat' dir='ltr'>his</span> <span class='ocrx_word' id='word_1_338' title='bbox 756 2165 863 2203; x_wconf 89' lang='lat' dir='ltr'>quos</span> <span class='ocrx_word' id='word_1_339' title='bbox 895 2156 964 2191; x_wconf 89' lang='lat' dir='ltr'>tot</span> <span class='ocrx_word' id='word_1_340' title='bbox 995 2164 1060 2191; x_wconf 89' lang='lat' dir='ltr'>res</span> <span class='ocrx_word' id='word_1_341' title='bbox 1093 2151 1284 2203; x_wconf 89' lang='lat' dir='ltr'>quotidie</span> <span class='ocrx_word' id='word_1_342' title='bbox 1317 2151 1373 2190; x_wconf 91' lang='lat' dir='ltr'>ad</span> <span class='ocrx_word' id='word_1_343' title='bbox 1405 2150 1630 2197; x_wconf 89' lang='lat' dir='ltr'>tumultus,</span> <span class='ocrx_word' id='word_1_344' title='bbox 1666 2149 1722 2188; x_wconf 90' lang='lat' dir='ltr'>ad</span> 
     </span>
     <span class='ocr_line' id='line_1_38' title="bbox 127 2204 1722 2254; baseline -0.001 -9"><span class='ocrx_word' id='word_1_345' title='bbox 127 2206 248 2253; x_wconf 89' lang='lat' dir='ltr'>bella,</span> <span class='ocrx_word' id='word_1_346' title='bbox 300 2206 356 2246; x_wconf 90' lang='lat' dir='ltr'>ad</span> <span class='ocrx_word' id='word_1_347' title='bbox 405 2207 640 2246; x_wconf 79' lang='lat' dir='ltr'>vindictam</span> <span class='ocrx_word' id='word_1_348' title='bbox 690 2204 920 2246; x_wconf 88' lang='lat' dir='ltr'>sollicitant</span> <span class='ocrx_word' id='word_1_349' title='bbox 942 2208 957 2244; x_wconf 78' lang='lat'>‘2</span> <span class='ocrx_word' id='word_1_350' title='bbox 1017 2205 1206 2254; x_wconf 91' lang='lat' dir='ltr'>Quorum</span> <span class='ocrx_word' id='word_1_351' title='bbox 1256 2206 1471 2245; x_wconf 89' lang='lat' dir='ltr'>mentibus</span> <span class='ocrx_word' id='word_1_352' title='bbox 1521 2205 1722 2244; x_wconf 87' lang='lat' dir='ltr'>conuenit</span> 
     </span>
     <span class='ocr_line' id='line_1_39' title="bbox 125 2258 1721 2312; baseline -0.002 -12"><span class='ocrx_word' id='word_1_353' title='bbox 125 2261 316 2300; x_wconf 89' lang='lat' dir='ltr'>intimius</span> <span class='ocrx_word' id='word_1_354' title='bbox 350 2262 600 2312; x_wconf 89' lang='lat' dir='ltr'>impressum</span> <span class='ocrx_word' id='word_1_355' title='bbox 635 2274 736 2308; x_wconf 90' lang='lat' dir='ltr'>esse,</span> <span class='ocrx_word' id='word_1_356' title='bbox 772 2274 850 2300; x_wconf 92' lang='lat' dir='ltr'>nec</span> <span class='ocrx_word' id='word_1_357' title='bbox 885 2261 1001 2300; x_wconf 86' lang='lat' dir='ltr'>vitae</span> <span class='ocrx_word' id='word_1_358' title='bbox 1036 2260 1273 2312; x_wconf 86' lang='lat' dir='ltr'>cupiditate</span> <span class='ocrx_word' id='word_1_359' title='bbox 1307 2273 1384 2300; x_wconf 91' lang='grc'>1166</span> <span class='ocrx_word' id='word_1_360' title='bbox 1419 2258 1568 2299; x_wconf 89' lang='lat' dir='ltr'>mortis</span> <span class='ocrx_word' id='word_1_361' title='bbox 1603 2262 1721 2297; x_wconf 91' lang='lat' dir='ltr'>metu</span> 
     </span>
     <span class='ocr_line' id='line_1_40' title="bbox 125 2313 1723 2366; baseline -0.002 -12"><span class='ocrx_word' id='word_1_362' title='bbox 125 2315 435 2354; x_wconf 87' lang='lat' dir='ltr'>deflectendum</span> <span class='ocrx_word' id='word_1_363' title='bbox 458 2316 513 2354; x_wconf 92' lang='lat' dir='ltr'>ab</span> <span class='ocrx_word' id='word_1_364' title='bbox 536 2315 715 2354; x_wconf 91' lang='lat' dir='ltr'>honesto</span> <span class='ocrx_word' id='word_1_365' title='bbox 734 2329 743 2362; x_wconf 91' lang='lat'>;</span> <span class='ocrx_word' id='word_1_366' title='bbox 782 2328 858 2354; x_wconf 91' lang='lat' dir='ltr'>nec</span> <span class='ocrx_word' id='word_1_367' title='bbox 881 2315 926 2354; x_wconf 92' lang='lat' dir='ltr'>in</span> <span class='ocrx_word' id='word_1_368' title='bbox 948 2315 1028 2354; x_wconf 90' lang='lat' dir='ltr'>hac</span> <span class='ocrx_word' id='word_1_369' title='bbox 1050 2316 1143 2354; x_wconf 84' lang='lat' dir='ltr'>vita</span> <span class='ocrx_word' id='word_1_370' title='bbox 1166 2315 1365 2366; x_wconf 89' lang='lat' dir='ltr'>cuiquam</span> <span class='ocrx_word' id='word_1_371' title='bbox 1388 2327 1465 2366; x_wconf 86' lang='lat' dir='ltr'>pro</span> <span class='ocrx_word' id='word_1_372' title='bbox 1488 2313 1723 2353; x_wconf 86' lang='lat' dir='ltr'>benefactis</span> 
     </span>
     <span class='ocr_line' id='line_1_41' title="bbox 125 2368 1722 2421; baseline -0.002 -13"><span class='ocrx_word' id='word_1_373' title='bbox 125 2370 381 2420; x_wconf 85' lang='lat' dir='ltr'>sperandum</span> <span class='ocrx_word' id='word_1_374' title='bbox 403 2383 491 2409; x_wconf 91' lang='lat' dir='ltr'>esse</span> <span class='ocrx_word' id='word_1_375' title='bbox 514 2370 762 2421; x_wconf 90' lang='lat' dir='ltr'>praemium,</span> <span class='ocrx_word' id='word_1_376' title='bbox 786 2382 920 2421; x_wconf 91' lang='lat' dir='ltr'>quum</span> <span class='ocrx_word' id='word_1_377' title='bbox 941 2370 986 2408; x_wconf 91' lang='lat' dir='ltr'>in</span> <span class='ocrx_word' id='word_1_378' title='bbox 1007 2369 1154 2409; x_wconf 85' lang='lat' dir='ltr'>futuro</span> <span class='ocrx_word' id='word_1_379' title='bbox 1175 2369 1316 2408; x_wconf 90' lang='lat' dir='ltr'>seculo</span> <span class='ocrx_word' id='word_1_380' title='bbox 1338 2368 1442 2408; x_wconf 91' lang='grc'>1111111</span> <span class='ocrx_word' id='word_1_381' title='bbox 1464 2381 1541 2407; x_wconf 91' lang='lat' dir='ltr'>sua</span> <span class='ocrx_word' id='word_1_382' title='bbox 1563 2379 1722 2406; x_wconf 89' lang='lat' dir='ltr'>merces</span> 
     </span>
     <span class='ocr_line' id='line_1_42' title="bbox 126 2423 1721 2476; baseline -0.002 -14"><span class='ocrx_word' id='word_1_383' title='bbox 126 2425 182 2463; x_wconf 89' lang='lat' dir='ltr'>sit</span> <span class='ocrx_word' id='word_1_384' title='bbox 218 2424 419 2464; x_wconf 81' lang='lat' dir='ltr'>defutura</span> <span class='ocrx_word' id='word_1_385' title='bbox 435 2437 629 2475; x_wconf 82' lang='lat' dir='ltr'>z—quam</span> <span class='ocrx_word' id='word_1_386' title='bbox 666 2425 918 2476; x_wconf 90' lang='lat' dir='ltr'>principum,</span> <span class='ocrx_word' id='word_1_387' title='bbox 958 2437 1064 2475; x_wconf 88' lang='lat' dir='ltr'>quos</span> <span class='ocrx_word' id='word_1_388' title='bbox 1101 2427 1170 2463; x_wconf 91' lang='lat' dir='ltr'>tot</span> <span class='ocrx_word' id='word_1_389' title='bbox 1206 2423 1438 2470; x_wconf 89' lang='lat' dir='ltr'>illecebrae,</span> <span class='ocrx_word' id='word_1_390' title='bbox 1476 2426 1546 2461; x_wconf 90' lang='lat' dir='ltr'>tot</span> <span class='ocrx_word' id='word_1_391' title='bbox 1581 2433 1721 2460; x_wconf 90' lang='lat' dir='ltr'>rerum</span> 
     </span>
     <span class='ocr_line' id='line_1_43' title="bbox 125 2473 1722 2526; baseline -0.003 -8"><span class='ocrx_word' id='word_1_392' title='bbox 125 2473 349 2526; x_wconf 77' lang='lat' dir='ltr'>tumultus,</span> <span class='ocrx_word' id='word_1_393' title='bbox 371 2482 440 2518; x_wconf 88' lang='lat' dir='ltr'>tot</span> <span class='ocrx_word' id='word_1_394' title='bbox 459 2479 697 2518; x_wconf 84' lang='lat' dir='ltr'>occasiones</span> <span class='ocrx_word' id='word_1_395' title='bbox 718 2478 950 2517; x_wconf 87' lang='lat' dir='ltr'>identidem</span> <span class='ocrx_word' id='word_1_396' title='bbox 971 2477 1027 2516; x_wconf 85' lang='lat' dir='ltr'>ad</span> <span class='ocrx_word' id='word_1_397' title='bbox 1046 2478 1271 2517; x_wconf 90' lang='lat' dir='ltr'>inhonesta</span> <span class='ocrx_word' id='word_1_398' title='bbox 1291 2477 1522 2516; x_wconf 87' lang='lat' dir='ltr'>sollicitant</span> <span class='ocrx_word' id='word_1_399' title='bbox 1543 2478 1559 2513; x_wconf 72' lang='grc' dir='ltr'>’ἓ</span> <span class='ocrx_word' id='word_1_400' title='bbox 1608 2475 1722 2514; x_wconf 88' lang='lat' dir='ltr'>Talis</span> 
     </span>
     <span class='ocr_line' id='line_1_44' title="bbox 125 2530 1720 2584; baseline -0.002 -13"><span class='ocrx_word' id='word_1_401' title='bbox 125 2533 322 2572; x_wconf 90' lang='lat' dir='ltr'>nimirum</span> <span class='ocrx_word' id='word_1_402' title='bbox 337 2534 515 2580; x_wconf 86' lang='lat' dir='ltr'>animus,</span> <span class='ocrx_word' id='word_1_403' title='bbox 530 2533 642 2572; x_wconf 90' lang='lat' dir='ltr'>vnde</span> <span class='ocrx_word' id='word_1_404' title='bbox 656 2533 814 2584; x_wconf 89' lang='lat' dir='ltr'>pendet</span> <span class='ocrx_word' id='word_1_405' title='bbox 827 2533 938 2571; x_wconf 88' lang='lat' dir='ltr'>orbis</span> <span class='ocrx_word' id='word_1_406' title='bbox 952 2532 1122 2584; x_wconf 89' lang='lat' dir='ltr'>publiea</span> <span class='ocrx_word' id='word_1_407' title='bbox 1134 2532 1201 2571; x_wconf 89' lang='lat' dir='ltr'>vel</span> <span class='ocrx_word' id='word_1_408' title='bbox 1214 2532 1394 2571; x_wconf 86' lang='lat' dir='ltr'>felicitas</span> <span class='ocrx_word' id='word_1_409' title='bbox 1406 2530 1473 2569; x_wconf 91' lang='lat' dir='ltr'>vel</span> <span class='ocrx_word' id='word_1_410' title='bbox 1486 2530 1720 2575; x_wconf 85' lang='lat' dir='ltr'>calamitas,</span> 
     </span>
     <span class='ocr_line' id='line_1_45' title="bbox 125 2586 1722 2638; baseline -0.003 -12"><span class='ocrx_word' id='word_1_411' title='bbox 125 2587 325 2637; x_wconf 84' lang='lat' dir='ltr'>grauibus</span> <span class='ocrx_word' id='word_1_412' title='bbox 352 2601 401 2626; x_wconf 91' lang='lat' dir='ltr'>ac</span> <span class='ocrx_word' id='word_1_413' title='bbox 429 2587 571 2626; x_wconf 87' lang='lat' dir='ltr'>solidis</span> <span class='ocrx_word' id='word_1_414' title='bbox 599 2587 888 2638; x_wconf 87' lang='lat' dir='ltr'>philosophiae</span> <span class='ocrx_word' id='word_1_415' title='bbox 917 2587 1095 2625; x_wconf 84' lang='lat' dir='ltr'>decretis</span> <span class='ocrx_word' id='word_1_416' title='bbox 1123 2587 1314 2625; x_wconf 88' lang='lat' dir='ltr'>munitus</span> <span class='ocrx_word' id='word_1_417' title='bbox 1341 2586 1396 2624; x_wconf 86' lang='lat' dir='ltr'>sit</span> <span class='ocrx_word' id='word_1_418' title='bbox 1424 2588 1606 2636; x_wconf 87' lang='lat' dir='ltr'>oportet,</span> <span class='ocrx_word' id='word_1_419' title='bbox 1636 2596 1722 2635; x_wconf 93' lang='lat' dir='ltr'>quo</span> 
     </span>
     <span class='ocr_line' id='line_1_46' title="bbox 126 2638 1722 2692; baseline -0.001 -13"><span class='ocrx_word' id='word_1_420' title='bbox 126 2642 260 2692; x_wconf 87' lang='lat' dir='ltr'>possit</span> <span class='ocrx_word' id='word_1_421' title='bbox 278 2646 442 2681; x_wconf 88' lang='lat' dir='ltr'>erectus</span> <span class='ocrx_word' id='word_1_422' title='bbox 460 2646 504 2681; x_wconf 89' lang='lat' dir='ltr'>et</span> <span class='ocrx_word' id='word_1_423' title='bbox 522 2641 789 2680; x_wconf 84' lang='lat' dir='ltr'>illabefactus</span> <span class='ocrx_word' id='word_1_424' title='bbox 807 2640 1010 2680; x_wconf 88' lang='lat' dir='ltr'>aduersus</span> <span class='ocrx_word' id='word_1_425' title='bbox 1030 2654 1174 2680; x_wconf 87' lang='lat' dir='ltr'>omnes</span> <span class='ocrx_word' id='word_1_426' title='bbox 1193 2640 1318 2679; x_wconf 91' lang='lat' dir='ltr'>huius</span> <span class='ocrx_word' id='word_1_427' title='bbox 1337 2639 1485 2678; x_wconf 85' lang='lat' dir='ltr'>mundi</span> <span class='ocrx_word' id='word_1_428' title='bbox 1504 2638 1722 2677; x_wconf 87' lang='lat' dir='ltr'>machinas</span> 
     </span>
     <span class='ocr_line' id='line_1_47' title="bbox 128 2695 367 2735; baseline 0 -1"><span class='ocrx_word' id='word_1_429' title='bbox 128 2695 367 2735; x_wconf 79' lang='lat' dir='ltr'>subsistere.</span> 
     </span>
    </p>

    <p class='ocr_par' dir='ltr' id='par_1_4' title="bbox 126 2747 1723 2963">
     <span class='ocr_line' id='line_1_48' title="bbox 181 2747 1723 2801; baseline -0.002 -13"><span class='ocrx_word' id='word_1_430' title='bbox 181 2749 262 2789; x_wconf 86' lang='lat' dir='ltr'>Sed</span> <span class='ocrx_word' id='word_1_431' title='bbox 297 2749 538 2789; x_wconf 90' lang='lat' dir='ltr'>huiusmodi</span> <span class='ocrx_word' id='word_1_432' title='bbox 572 2749 786 2801; x_wconf 87' lang='lat' dir='ltr'>dogmata,</span> <span class='ocrx_word' id='word_1_433' title='bbox 823 2762 933 2800; x_wconf 90' lang='lat' dir='ltr'>quae</span> <span class='ocrx_word' id='word_1_434' title='bbox 968 2748 1100 2787; x_wconf 87' lang='lat' dir='ltr'>veluti</span> <span class='ocrx_word' id='word_1_435' title='bbox 1135 2748 1311 2787; x_wconf 87' lang='lat' dir='ltr'>saburra</span> <span class='ocrx_word' id='word_1_436' title='bbox 1345 2747 1503 2794; x_wconf 91' lang='lat' dir='ltr'>nauim,</span> <span class='ocrx_word' id='word_1_437' title='bbox 1539 2747 1602 2786; x_wconf 83' lang='lat' dir='ltr'>ita</span> <span class='ocrx_word' id='word_1_438' title='bbox 1635 2759 1723 2786; x_wconf 88' lang='lat' dir='ltr'>non</span> 
     </span>
     <span class='ocr_line' id='line_1_49' title="bbox 128 2801 1721 2854; baseline -0.001 -13"><span class='ocrx_word' id='word_1_439' title='bbox 128 2803 274 2843; x_wconf 88' lang='lat' dir='ltr'>sinunt</span> <span class='ocrx_word' id='word_1_440' title='bbox 302 2805 491 2843; x_wconf 89' lang='lat' dir='ltr'>animum</span> <span class='ocrx_word' id='word_1_441' title='bbox 520 2803 717 2843; x_wconf 87' lang='lat' dir='ltr'>fortunae</span> <span class='ocrx_word' id='word_1_442' title='bbox 746 2816 970 2854; x_wconf 88' lang='lat' dir='ltr'>rerumque</span> <span class='ocrx_word' id='word_1_443' title='bbox 999 2803 1199 2841; x_wconf 87' lang='lat' dir='ltr'>fluetibus</span> <span class='ocrx_word' id='word_1_444' title='bbox 1227 2803 1390 2849; x_wconf 89' lang='lat' dir='ltr'>iactari,</span> <span class='ocrx_word' id='word_1_445' title='bbox 1421 2814 1508 2841; x_wconf 92' lang='lat' dir='ltr'>non</span> <span class='ocrx_word' id='word_1_446' title='bbox 1536 2801 1721 2849; x_wconf 88' lang='lat' dir='ltr'>aliunde,</span> 
     </span>
     <span class='ocr_line' id='line_1_50' title="bbox 126 2855 1720 2908; baseline -0.001 -12"><span class='ocrx_word' id='word_1_447' title='bbox 126 2870 202 2897; x_wconf 91' lang='grc'>1166</span> <span class='ocrx_word' id='word_1_448' title='bbox 230 2859 392 2905; x_wconf 87' lang='grc'>111611118,</span> <span class='ocrx_word' id='word_1_449' title='bbox 420 2871 496 2897; x_wconf 87' lang='grc'>1166</span> <span class='ocrx_word' id='word_1_450' title='bbox 525 2859 691 2905; x_wconf 88' lang='lat' dir='ltr'>certius,</span> <span class='ocrx_word' id='word_1_451' title='bbox 720 2871 796 2896; x_wconf 89' lang='lat' dir='ltr'>nec</span> <span class='ocrx_word' id='word_1_452' title='bbox 824 2858 1033 2896; x_wconf 87' lang='lat' dir='ltr'>efficacius</span> <span class='ocrx_word' id='word_1_453' title='bbox 1060 2857 1314 2896; x_wconf 83' lang='lat' dir='ltr'>hauriuntur</span> <span class='ocrx_word' id='word_1_454' title='bbox 1341 2869 1471 2908; x_wconf 87' lang='lat' dir='ltr'>quam</span> <span class='ocrx_word' id='word_1_455' title='bbox 1498 2869 1551 2895; x_wconf 83' lang='lat' dir='ltr'>ex</span> <span class='ocrx_word' id='word_1_456' title='bbox 1579 2855 1720 2895; x_wconf 89' lang='lat' dir='ltr'>Euan-</span> 
     </span>
     <span class='ocr_line' id='line_1_51' title="bbox 127 2910 1722 2963; baseline -0.001 -12"><span class='ocrx_word' id='word_1_457' title='bbox 127 2912 267 2962; x_wconf 85' lang='lat' dir='ltr'>gelicis</span> <span class='ocrx_word' id='word_1_458' title='bbox 282 2913 426 2952; x_wconf 89' lang='lat' dir='ltr'>literis.</span> <span class='ocrx_word' id='word_1_459' title='bbox 486 2911 609 2960; x_wconf 87' lang='lat' dir='ltr'>Quod</span> <span class='ocrx_word' id='word_1_460' title='bbox 625 2912 659 2951; x_wconf 91' lang='lat' dir='ltr'>si</span> <span class='ocrx_word' id='word_1_461' title='bbox 677 2912 876 2963; x_wconf 88' lang='lat' dir='ltr'>Princeps</span> <span class='ocrx_word' id='word_1_462' title='bbox 893 2911 1150 2963; x_wconf 89' lang='lat' dir='ltr'>prophanus,</span> <span class='ocrx_word' id='word_1_463' title='bbox 1170 2912 1372 2963; x_wconf 88' lang='lat' dir='ltr'>quoniam</span> <span class='ocrx_word' id='word_1_464' title='bbox 1388 2912 1433 2950; x_wconf 90' lang='lat' dir='ltr'>in</span> <span class='ocrx_word' id='word_1_465' title='bbox 1449 2910 1722 2950; x_wconf 87' lang='lat' dir='ltr'>crassioribus</span> 
     </span>
    </p>
   </div>
   <div class='ocr_carea' id='block_1_3' title="bbox 361 3037 1470 3082">
    <p class='ocr_par' dir='ltr' id='par_1_5' title="bbox 361 3037 1470 3082">
     <span class='ocr_line' id='line_1_52' title="bbox 361 3037 1470 3082; baseline -0.003 -10"><span class='ocrx_word' id='word_1_466' title='bbox 361 3050 420 3081; x_wconf 87' lang='lat'>153</span> <span class='ocrx_word' id='word_1_467' title='bbox 433 3039 492 3072; x_wconf 74' lang='lat' dir='ltr'>bis.</span> <span class='ocrx_word' id='word_1_468' title='bbox 519 3040 646 3082; x_wconf 87' lang='lat' dir='ltr'>quibus</span> <span class='ocrx_word' id='word_1_469' title='bbox 666 3052 684 3080; x_wconf 90' lang='grc' dir='ltr'><em>η</em></span> <span class='ocrx_word' id='word_1_470' title='bbox 700 3052 707 3072; x_wconf 90' lang='lat'>:</span> <span class='ocrx_word' id='word_1_471' title='bbox 740 3050 827 3082; x_wconf 84' lang='lat' dir='ltr'>quos</span> <span class='ocrx_word' id='word_1_472' title='bbox 845 3052 875 3071; x_wconf 84' lang='grc' dir='ltr'>(ι.</span> <span class='ocrx_word' id='word_1_473' title='bbox 1078 3050 1147 3081; x_wconf 78' lang='lat'>154.</span> <span class='ocrx_word' id='word_1_474' title='bbox 1175 3040 1214 3068; x_wconf 85' lang='grc' dir='ltr'>(ιθ</span> <span class='ocrx_word' id='word_1_475' title='bbox 1229 3050 1236 3070; x_wconf 94' lang='lat'><strong>:</strong></span> <span class='ocrx_word' id='word_1_476' title='bbox 1261 3037 1410 3070; x_wconf 81' lang='lat' dir='ltr'>suadent</span> <span class='ocrx_word' id='word_1_477' title='bbox 1428 3050 1470 3078; x_wconf 85' lang='grc' dir='ltr'>ηι.</span> 
     </span>
    </p>
   </div>
   <div class='ocr_carea' id='block_1_4' title="bbox 1745 375 1807 406">
    <p class='ocr_par' dir='ltr' id='par_1_6' title="bbox 1745 375 1807 406">
     <span class='ocr_line' id='line_1_53' title="bbox 1745 375 1807 406; baseline 0 -8"><span class='ocrx_word' id='word_1_478' title='bbox 1745 375 1807 406; x_wconf 84' lang='lat'>140</span> 
     </span>
    </p>
   </div>
   <div class='ocr_carea' id='block_1_5' title="bbox 1745 645 1804 679">
    <p class='ocr_par' dir='ltr' id='par_1_7' title="bbox 1745 645 1804 679">
     <span class='ocr_line' id='line_1_54' title="bbox 1745 645 1804 679; baseline 0.034 -2"><span class='ocrx_word' id='word_1_479' title='bbox 1745 645 1804 679; x_wconf 83' lang='lat'>145</span> 
     </span>
    </p>
   </div>
   <div class='ocr_carea' id='block_1_6' title="bbox 1745 917 1808 950">
    <p class='ocr_par' dir='ltr' id='par_1_8' title="bbox 1745 917 1808 950">
     <span class='ocr_line' id='line_1_55' title="bbox 1745 917 1808 950; baseline 0 -10"><span class='ocrx_word' id='word_1_480' title='bbox 1745 917 1808 950; x_wconf 79' lang='lat'>150</span> 
     </span>
    </p>
   </div>
   <div class='ocr_carea' id='block_1_7' title="bbox 1745 1189 1804 1222">
    <p class='ocr_par' dir='ltr' id='par_1_9' title="bbox 1745 1189 1804 1222">
     <span class='ocr_line' id='line_1_56' title="bbox 1745 1189 1804 1222; baseline 0 0"><span class='ocrx_word' id='word_1_481' title='bbox 1745 1189 1804 1222; x_wconf 73' lang='grc' dir='ltr'>ι55</span> 
     </span>
    </p>
   </div>
   <div class='ocr_carea' id='block_1_8' title="bbox 1744 1454 1806 1485">
    <p class='ocr_par' dir='ltr' id='par_1_10' title="bbox 1744 1454 1806 1485">
     <span class='ocr_line' id='line_1_57' title="bbox 1744 1454 1806 1485; baseline 0.016 -1"><span class='ocrx_word' id='word_1_482' title='bbox 1744 1454 1806 1485; x_wconf 85' lang='grc'>160</span> 
     </span>
    </p>
   </div>
   <div class='ocr_carea' id='block_1_9' title="bbox 1744 2004 1807 2038">
    <p class='ocr_par' dir='ltr' id='par_1_11' title="bbox 1744 2004 1807 2038">
     <span class='ocr_line' id='line_1_58' title="bbox 1744 2004 1807 2038; baseline -0.016 -9"><span class='ocrx_word' id='word_1_483' title='bbox 1744 2004 1807 2038; x_wconf 85' lang='grc'>170</span> 
     </span>
    </p>
   </div>
   <div class='ocr_carea' id='block_1_10' title="bbox 1745 2277 1802 2310">
    <p class='ocr_par' dir='ltr' id='par_1_12' title="bbox 1745 2277 1802 2310">
     <span class='ocr_line' id='line_1_59' title="bbox 1745 2277 1802 2310; baseline 0 0"><span class='ocrx_word' id='word_1_484' title='bbox 1745 2277 1802 2310; x_wconf 85' lang='grc' dir='ltr'>Ῑ75</span> 
     </span>
    </p>
   </div>
   <div class='ocr_carea' id='block_1_11' title="bbox 1745 2541 1808 2572">
    <p class='ocr_par' dir='ltr' id='par_1_13' title="bbox 1745 2541 1808 2572">
     <span class='ocr_line' id='line_1_60' title="bbox 1745 2541 1808 2572; baseline 0 0"><span class='ocrx_word' id='word_1_485' title='bbox 1745 2541 1808 2572; x_wconf 84' lang='grc'>180</span> 
     </span>
    </p>
   </div>
   <div class='ocr_carea' id='block_1_12' title="bbox 1744 2812 1803 2853">
    <p class='ocr_par' dir='ltr' id='par_1_14' title="bbox 1744 2812 1803 2853">
     <span class='ocr_line' id='line_1_61' title="bbox 1744 2812 1803 2853; baseline 0 -9"><span class='ocrx_word' id='word_1_486' title='bbox 1744 2812 1803 2853; x_wconf 85' lang='grc'>185</span> 
     </span>
    </p>
   </div>
  </div>
 </body>
</html>
