2012 3370
244 125 322 163 390
717 123 971 162 LETTERS
1003 123 1074 162 OF
1105 123 1367 163 ERASMUS
1718 124 1759 173 [Ι
1764 131 1842 180 524

243 232 434 265 connected
453 232 538 265 with
558 231 745 264 Filonardi.
786 231 860 263 The
878 231 983 273 speed
1001 232 1161 274 required
1178 232 1233 265 for
1251 232 1448 266 secretarial
1468 232 1714 274 transcription
1735 232 1844 266 under

243 277 329 310 such
351 276 618 309 circumstances
640 275 754 308 would
775 275 849 308 also
870 279 1021 308 account
1040 276 1095 308 for
1116 277 1175 309 the
1196 277 1430 318 inaccuracy.]

245 364 280 392 S.
308 364 350 392 D.
380 365 423 391 N.
451 363 675 391 PONTIFICI
702 363 819 391 VERE
848 363 1000 391 SVMMO
1027 363 1267 400 CLEMENTI,
1297 364 1395 392 EIVS
1423 364 1613 392 NOMINIS
1640 364 1843 399 SEPTIMO,

693 417 896 447 ERASMVS
925 417 1255 447 ROTERODAMVS
1285 419 1319 447 S.
1351 419 1394 446 D.

299 474 439 512 Simvr,
476 475 520 512 et
556 472 658 511 mihi
696 471 959 512 scribebatur
996 476 1040 511 et
1075 473 1354 525 typographis
1391 471 1684 511 excudebatur
1719 472 1844 511 Para-

245 527 409 578 phrasis
432 527 476 565 in
499 527 655 566 librum
680 528 748 567 cui
770 526 923 566 titulus
947 526 1056 566 Acta
1081 527 1396 578 Apostolorum,
1423 526 1665 567 beatissime
1688 526 1817 566 Pater
1838 539 1845 564 ;

244 586 460 621 extremus
499 581 618 620 labor
657 595 784 634 quem
823 581 868 620 in
906 581 986 620 hoc
1025 582 1172 633 scripti
1210 595 1359 633 genere
1398 581 1629 621 statuimus
1668 593 1845 620 sumere.

247 635 339 683 Quo
378 635 550 687 quidem
587 636 632 675 in
669 650 795 688 opere
832 648 919 675 non
955 636 1044 675 sine
1078 649 1266 675 moerore
1305 635 1492 688 quodam
1536 635 1669 674 animi
1712 635 1846 674 nostri

209 690 550 737 5versabamur;
590 691 790 731 nimirum
820 690 932 729 hunc
962 690 1377 730 turbulentissimum
1407 694 1451 729 et
1480 690 1846 741 corruptissimum

247 744 458 784 Ecclesiae
492 748 656 784 statum
690 759 787 785 cum
821 758 869 784 ea
903 745 1040 784 forma
1074 744 1337 784 conferentes
1371 757 1501 796 quam
1535 744 1658 783 nobis
1690 744 1735 783 in
1768 743 1848 782 hoc

244 799 352 838 libro
388 799 491 838 mire
526 800 721 851 depinxit
756 800 905 839 Lucas.
970 800 1082 838 Eum
1117 799 1305 838 dolorem
1340 800 1463 838 auxit
1497 799 1701 838 nunciata
1736 810 1849 837 mors

246 853 423 893 Adriani
442 854 552 893 sexti
572 868 580 901 ;
618 854 736 894 cuius
757 854 924 894 erudita
943 854 1080 905 pietas
1099 854 1221 892 nobis
1242 853 1490 892 nonnullam
1509 866 1628 904 spem
1648 853 1850 892 iniecerat

245 908 439 948 futurum
471 912 522 948 vt
552 922 625 961 per
657 922 753 948 eum
783 922 850 949 res
882 908 1090 960 collapsae
1120 909 1458 947 restituerentur.
1519 907 1632 947 Nam
1664 907 1848 946 Leonem

190 977 228 1000 10
247 963 458 1003 decimum
489 967 762 1015 praematura
793 976 906 1002 mors
936 962 1093 1001 inuidit
1123 962 1227 1001 orbi.
1290 962 1546 1014 Quanquam
1577 962 1629 1001 de
1660 961 1849 1000 Adriano

246 1017 350 1056 mihi
366 1031 531 1069 semper
547 1019 832 1070 praesagierat
849 1017 1016 1057 animus
1033 1029 1110 1056 nos
1126 1017 1170 1055 in
1187 1017 1393 1068 parietem
1411 1017 1620 1056 caducum
1632 1015 1847 1062 inclinare,

246 1072 363 1123 quod
389 1076 507 1111 aetas
533 1072 645 1111 illius
672 1085 721 1112 ac
748 1071 951 1111 valetudo
978 1084 1065 1110 non
1091 1071 1308 1110 videretur
1333 1071 1468 1110 tantis
1493 1083 1635 1110 rerum
1662 1069 1851 1110 motibus

246 1126 490 1166 suffectura.
562 1126 622 1166 At
663 1140 763 1166 mox
805 1130 1050 1166 recrearunt
1091 1125 1283 1165 animum
1324 1129 1519 1165 nostrum
1561 1124 1850 1166 Cardinalium

248 1180 517 1232 quorundam
543 1194 593 1221 ac
619 1181 808 1221 virorum
834 1180 1098 1220 eruditorum
1123 1180 1284 1228 literae,
1312 1180 1565 1219 nunciantes
1590 1179 1851 1220 Clementem

188 1247 225 1281 15
248 1235 478 1286 septimum
505 1235 561 1275 ad
585 1248 727 1275 rerum
753 1235 1038 1275 humanarum
1065 1235 1229 1286 apicem
1256 1238 1454 1274 euectum
1480 1247 1597 1282 esse;
1641 1232 1850 1285 simulque

248 1289 524 1341 depingentes
563 1290 685 1330 nobis
723 1303 840 1329 laras
879 1290 1088 1342 planeque
1127 1289 1317 1329 heroicas
1354 1293 1535 1328 naturae
1574 1292 1676 1328 tuae
1714 1287 1850 1334 dotes,

248 1347 373 1383 tanto
397 1357 538 1383 rerum
562 1344 734 1407 fastigio
759 1349 853 1384 tum
879 1345 1028 1406 dignas
1053 1348 1147 1383 tum
1172 1356 1307 1395 pares.
1362 1343 1467 1382 Mihi
1491 1343 1687 1394 protinus
1711 1342 1852 1381 arrisit

249 1397 476 1438 Clementis
502 1399 736 1438 ascititium
763 1412 931 1461 nomen,
960 1399 1028 1438 cui
1054 1402 1152 1438 tuos
1179 1411 1316 1437 mores
1342 1398 1593 1450 praedicant
1618 1397 1851 1436 admodum

250 1465 489 1504 congruere.
546 1453 629 1493 Sed
656 1454 701 1492 in
728 1454 874 1505 primis
902 1453 1180 1492 laetissimum
1210 1466 1335 1491 omen
1362 1452 1466 1491 mihi
1493 1451 1633 1491 visum
1662 1455 1727 1490 est
1753 1463 1850 1503 gen-

186 1519 231 1543 20
248 1506 424 1546 tilitium
438 1507 612 1547 Medicis
623 1521 869 1559 cognomen,
885 1521 970 1559 quo
981 1507 1054 1546 vix
1065 1507 1180 1546 aliud
1195 1507 1287 1546 orbi
1301 1506 1368 1546 vel
1378 1507 1522 1546 notius
1533 1506 1600 1545 vel
1612 1506 1850 1557 gratiosius.

248 1560 385 1601 Morbi
417 1575 566 1613 graues
599 1575 648 1602 ac
681 1562 891 1614 deplorati
922 1562 1129 1613 insignem
1162 1561 1347 1612 aliquem
1379 1574 1428 1600 ac
1460 1560 1637 1599 fatalem
1670 1563 1854 1611 poscunt

249 1616 473 1655 medicum.
521 1616 675 1655 Nullus
694 1621 839 1655 autem
859 1616 1130 1668 periculosior
1149 1628 1279 1667 quam
1300 1628 1434 1666 quum
1453 1619 1650 1666 aegrotus
1671 1618 1853 1665 vtraque

249 1670 313 1708 sui
335 1675 457 1721 parte
478 1670 658 1717 laborat,
684 1683 856 1721 corpore
878 1671 1078 1710 nimirum
1101 1674 1145 1709 et
1166 1670 1322 1708 animo.
1373 1669 1441 1708 An
1462 1682 1548 1707 non
1570 1668 1755 1707 mundus
1777 1668 1854 1707 tali

249 1724 437 1775 quodam
470 1725 581 1764 malo
614 1738 727 1764 nunc
760 1726 895 1764 teneri
928 1725 1135 1764 videtur?
1197 1724 1256 1762 Hi
1288 1728 1380 1762 tam
1413 1723 1618 1770 exitiales,
1653 1727 1744 1762 tam
1776 1723 1851 1762 im-

189 1790 228 1824 25
249 1778 489 1829 placabiles,
531 1783 623 1818 tam
664 1779 833 1827 diutini,
874 1783 966 1818 tam
1005 1778 1336 1819 immedicabiles
1377 1777 1704 1817 monarcharum
1743 1777 1855 1816 inter

247 1833 362 1884 ipsos
386 1833 598 1873 tumultus
623 1847 679 1873 an
704 1847 790 1873 non
814 1834 985 1873 videtur
1010 1833 1283 1885 grauissimus
1308 1832 1485 1884 quidam
1509 1832 1644 1871 totius
1669 1831 1855 1882 corporis

250 1887 459 1928 morbus?
521 1887 658 1936 Quam
688 1888 800 1929 enim
832 1888 944 1927 orbis
975 1892 1141 1939 partem
1172 1887 1367 1926 videmus
1396 1887 1629 1926 immunem
1654 1886 1708 1925 ab
1729 1885 1854 1925 huius

250 1941 351 1980 mali
384 1943 618 1994 contagio?
683 1943 765 1983 Sed
800 1942 879 1982 1100
914 1942 1045 1982 etiam
1079 1942 1350 1994 perniciosior
1385 1945 1451 1980 est
1483 1941 1572 1980 lues
1606 1940 1712 1979 haec
1745 1953 1855 1991 quae

250 1996 364 2035 miris
386 2009 434 2036 ac
455 1997 744 2048 pertinacibus
765 1997 1013 2048 opinionum
1035 1996 1219 2036 dissidiis
1240 1996 1444 2047 corripuit
1464 1996 1629 2035 animos
1649 1995 1853 2034 omnium.

190 2062 231 2094 30
304 2049 518 2090 Bellorum
550 2051 763 2090 tumultus
793 2052 880 2090 iam
911 2051 1134 2103 gliscentes
1166 2063 1321 2103 magno
1353 2054 1510 2089 conatu
1543 2049 1711 2089 studuit
1743 2061 1853 2088 com-

250 2116 406 2154 ponere
433 2105 738 2145 inuictissimus
767 2105 944 2157 Angliae
972 2119 1047 2145 rex
1077 2105 1299 2152 Henricus,
1330 2104 1421 2144 eius
1449 2104 1632 2143 nominis
1661 2108 1853 2143 octauus.

250 2158 367 2197 Nihil
405 2163 549 2198 actum
587 2164 663 2199 est.
730 2159 852 2199 Idem
889 2164 1069 2199 conatus
1105 2163 1171 2199 est
1206 2159 1420 2199 Adrianus
1456 2162 1613 2198 noster.
1678 2158 1855 2198 Frustra

250 2211 494 2252 laboratum
533 2218 610 2253 est.
679 2213 810 2253 Porro
850 2213 1054 2253 dissensio
1093 2214 1357 2266 opinionum,
1397 2226 1507 2265 quae
1547 2213 1667 2252 velut
1700 2212 1856 2252 mentis

253 2267 425 2306 morbus
457 2271 534 2315 est,
568 2267 672 2320 quid
703 2281 728 2307 a
759 2268 915 2320 quibus
946 2281 1033 2308 non
1064 2271 1282 2308 tentatum
1314 2271 1380 2307 est
1410 2271 1461 2306 vt
1492 2269 1854 2318 componeretur?

193 2332 233 2367 35
253 2321 312 2360 Et
334 2321 540 2362 hactenus
562 2322 721 2362 frustra
743 2322 1000 2370 laboratum,
1025 2335 1189 2374 semper
1211 2322 1531 2362 incrudescente
1554 2321 1679 2361 malo.
1730 2320 1856 2360 Nunc

254 2375 310 2414 ad
335 2389 496 2415 nouum
522 2376 727 2424 Medicen,
757 2376 875 2416 velut
901 2377 957 2416 ad
983 2377 1198 2428 quendam
1224 2380 1297 2416 ἀπὸ
1326 2380 1495 2428 μηχανῆς
1520 2378 1615 2423 θεόν,
1643 2387 1856 2414 summam

253 2430 298 2468 in
320 2442 439 2482 spem
462 2432 681 2483 erigunt-ur
704 2431 894 2470 omnium
917 2431 1061 2471 animi.
1113 2431 1256 2482 Atque
1280 2431 1446 2470 vtinam
1468 2442 1783 2481 promereamur
1807 2432 1857 2468 vt

255 2483 365 2524 hanc
388 2497 507 2535 spem
531 2486 759 2525 Christiani
782 2485 929 2536 populi
949 2485 1064 2524 Deus
1088 2485 1196 2524 nolit
1214 2485 1379 2524 irritam
1402 2497 1491 2523 esse
1511 2484 1519 2523 !
1573 2484 1694 2524 Certe
1718 2482 1856 2522 multa

256 2542 357 2577 sunt
377 2540 552 2591 auguria
573 2553 682 2591 quae
702 2540 857 2579 nostris
878 2540 990 2579 votis
1011 2539 1359 2586 adblandiuntur‚
1377 2538 1715 2590 pollicenturque
1733 2537 1857 2576 nobis

195 2604 239 2635 40
257 2593 324 2632 hic
345 2594 390 2632 in
411 2594 557 2645 primis
581 2607 729 2634 verum
750 2594 839 2633 fore
860 2594 966 2633 illud
987 2594 1275 2642 Homericum,

622 2660 762 2711 ’ἶητρὸς
781 2662 853 2713 γὰρ
873 2662 966 2711 ἀνὴρ
985 2664 1138 2700 πολλῶν
1158 2660 1326 2706 ἀντάξιος
1350 2662 1489 2699 ἄλλων.

259 2721 552 2764 Praestantius
586 2724 698 2765 enim
733 2727 798 2764 est
832 2724 990 2764 mederi
1023 2724 1146 2764 malis
1179 2737 1310 2776 quam
1344 2736 1620 2776 compescere.
1684 2722 1859 2770 Quoties

911 2821 965 2852 42.
992 2813 1161 2852 Quotiens
1178 2816 1211 2848 β.

306 2904 358 2926 20.
384 2895 542 2936 Medicis]
557 2895 608 2928 Cf.
628 2895 692 2937 Ep.
713 2904 786 2937 335.
806 2897 860 2928 88.
1091 2895 1138 2928 all
1164 2896 1225 2928 the
1252 2898 1399 2927 western
1426 2893 1545 2931 world,
1572 2903 1628 2925 see
1656 2892 1792 2924 Brewer
1818 2892 1852 2923 ii.

308 2947 358 2979 31.
384 2938 570 2979 Henricus]
583 2939 650 2971 For
664 2939 724 2971 the
737 2942 855 2980 treaty
868 2939 1024 2972 between
1090 2941 1257 2981 4.468-71

262 2980 425 3024 England
436 2982 506 3014 and
519 2982 662 3019 Franco,
675 2991 694 3014 2
710 2982 788 3015 Oct.
806 2984 900 3024 1518,
914 2982 1026 3015 which
1136 2992 1191 3022 40.
1217 2981 1457 3020 Homericum]
1473 2979 1516 3013 Il.
1538 2989 1586 3012 11.
1607 2988 1694 3020 514.
1727 2979 1768 3011 ci,
1788 2979 1852 3020 Ep.

263 3024 436 3057 admitted
456 3025 491 3056 of
509 3026 699 3066 expansion
718 3036 755 3058 so
775 3036 812 3058 as
831 3029 869 3058 to
888 3025 1025 3059 include
1097 3034 1310 3066 13219,2o.
