2012 3370
79 159 98 186 1
106 147 201 197 286]
601 146 759 185 FROM
790 145 1143 185 BACOHUSIUS
1617 147 1668 184 69

76 256 251 295 Nullum
282 257 425 308 potuit
453 257 498 295 in
528 269 595 295 me
626 255 813 294 conferre
844 254 1094 294 beneficium
1125 255 1353 306 acceptius.
1415 253 1525 301 Quid
1556 254 1667 291 enim

74 311 397 350 immortalitate
436 310 675 362 preciosius,
716 323 826 361 quae
864 322 940 348 nec
980 322 1083 348 auro
1122 322 1198 348 nec
1240 308 1489 360 hyacyntho
1527 309 1667 358 parari

75 366 244 416 possit?
311 365 404 404 Hoc
440 364 543 403 mihi
579 363 759 403 donauit
794 364 996 403 Erasmus
1032 364 1099 402 vel
1136 364 1311 402 minima
1347 361 1514 408 scheda,
1552 361 1668 412 quod

74 419 198 458 nullis
223 420 373 470 opibus
397 419 557 457 emeris,
610 418 752 468 Atque
776 419 943 457 vtinam
962 418 971 433 '
996 418 1149 468 inquit,
1176 418 1185 432 ‘
1205 417 1390 456 crebrius
1412 416 1668 466 liberiusque

74 472 129 511 ad
146 486 212 512 me
230 473 388 512 scribat
407 472 414 511 1
461 472 554 511 Hoc
571 472 676 510 nihil
692 472 821 511 fuerit
837 473 1011 523 gratius.
1057 471 1173 511 Nihil
1190 475 1254 510 est
1272 471 1387 522 quod
1404 484 1471 509 me
1488 469 1668 521 publicis
1685 478 1725 518 0‘5

74 528 252 578 negotiis
281 527 491 566 defessum
519 527 653 577 magis
681 527 784 565 mihi
811 527 1024 565 restituat.
1081 527 1264 565 Tenuior
1292 538 1398 571 sum,
1428 538 1505 575 pro
1533 523 1666 570 dolor,

72 580 257 628 fortuna,
280 594 409 632 quam
429 581 501 631 qui
523 581 700 619 Erasmo
720 593 865 631 parem
884 580 1108 619 refundam
1129 581 1277 618 vicem.
1327 579 1502 619 Confido
1522 582 1668 617 tamen

71 634 160 674 fore
184 640 235 674 vt
257 636 338 686 ipsi
361 634 583 686 gratificer,
610 635 725 686 quod
750 639 861 673 certe
886 634 1023 673 fecero
1047 647 1133 673 non
1157 638 1346 685 grauate.
1401 634 1530 672 Eram
1556 645 1666 672 com-

72 689 349 728 mendaturus
381 689 497 740 apud
534 689 827 738 Caesa<ream>
858 689 1140 731 maiestatem,
1180 689 1223 726 ni
1256 691 1366 726 esset
1398 687 1665 726 commenda-

71 743 288 783 tissimus.’
370 743 570 782 Addebat
608 743 782 782 huiusce
820 742 982 781 farinae
1021 746 1065 782 et
1104 742 1186 781 alia
1207 755 1214 781 ι
1272 755 1381 792 quae
1421 743 1455 780 si
1494 753 1667 792 pergam
1686 759 1729 790 70

70 810 253 845 narrare,
283 810 429 837 vereor
455 811 508 837 ne
535 798 580 836 in
607 797 744 836 Iliada
771 797 1014 848 epistolium
1041 796 1157 847 quod
1183 797 1465 842 institueram,
1495 795 1668 834 euadat.

71 851 231 891 Hortor
250 853 408 903 itaque,
432 853 490 890 mi
511 852 698 898 Erasme,
721 856 851 902 atque
873 864 958 898 oro,
981 855 1031 890 vt
1052 851 1299 890 Pratensem
1320 863 1448 897 ames,
1472 850 1667 889 Pratensi

70 906 240 945 scribas.
294 907 467 945 Amicus
491 910 569 953 est,
596 907 631 945 is
656 910 721 944 est
746 907 819 957 qui
845 906 924 944 tibi
950 918 1122 956 operam
1148 905 1468 944 accommodare
1494 908 1538 943 et
1563 904 1666 943 velit

69 964 114 1000 et
131 961 277 1012 possit.
326 961 465 1000 Possit
483 973 652 1011 quoque
670 973 783 999 nunc
802 961 1032 1011 impensius
1052 973 1060 1006 ;
1096 960 1285 999 mittitur
1303 960 1415 998 enim
1433 960 1478 997 in
1497 959 1665 998 Britan-

69 1015 185 1053 niam
210 1015 387 1066 legatus,
415 1015 527 1054 solus
553 1015 738 1066 quidem.
795 1015 931 1053 Erant
956 1015 1066 1053 inter
1092 1014 1251 1053 aulicos
1276 1018 1371 1052 tum
1397 1026 1530 1065 quum
1557 1012 1665 1052 dele·
1684 1030 1723 1062 73

70 1073 249 1120 geretur,
292 1070 366 1120 qui
405 1069 595 1115 nollent;
652 1073 774 1107 erant
815 1070 888 1119 qui
929 1070 1089 1108 socium
1130 1068 1422 1119 adiungerent.
1492 1067 1666 1107 Carolus

69 1124 279 1162 neminem
311 1123 516 1170 admittit,
550 1123 662 1162 hunc
694 1124 902 1174 aptiorem
933 1123 1139 1162 eiusmodi
1170 1123 1413 1174 prouinciae
1444 1122 1666 1161 obeundae

69 1190 199 1227 quam
233 1178 299 1216 cui
333 1177 491 1229 collega
523 1178 736 1229 iungatur,
772 1190 972 1216 asserens.
1035 1177 1250 1216 Pratensis
1283 1178 1388 1215 vicit
1420 1176 1588 1215 illorum
1621 1181 1664 1215 et

68 1231 273 1270 inuidiam
295 1236 338 1270 et
359 1232 592 1270 consilium.
642 1232 833 1283 Ambigit
853 1244 977 1270 nemo
999 1231 1213 1270 hominem
1235 1244 1401 1269 summa
1422 1244 1518 1269 cum
1539 1231 1664 1269 laude

67 1297 115 1323 ac
137 1285 324 1324 Caesaris
344 1286 502 1325 honore
522 1299 643 1336 posse
664 1287 815 1336 exequi
836 1290 966 1336 atque
987 1285 1183 1337 perficere
1205 1287 1346 1324 omnia
1368 1299 1375 1324 z
1412 1285 1528 1336 quod
1548 1285 1665 1325 Deus
1684 1293 1727 1324 80

65 1338 269 1386 fortunet,
291 1353 376 1379 oro.
424 1339 537 1378 Audi
555 1341 707 1391 quanti
726 1341 782 1378 sit
800 1340 915 1391 apud
935 1340 1167 1378 Caesarem.
1216 1340 1283 1378 Ex
1302 1340 1477 1378 Caesare
1497 1339 1665 1378 audiuit

66 1397 157 1432 tam
184 1393 394 1441 abstrusa,
423 1398 515 1433 tam
543 1398 704 1433 secreta
731 1394 875 1445 qualia
902 1394 1135 1432 aulicorum
1163 1394 1304 1432 nullus
1332 1406 1521 1444 vnquam
1543 1406 1550 1431 :
1596 1394 1665 1433 cui

66 1448 218 1487 Caesar
236 1449 367 1487 istaec
389 1448 670 1495 concrederet,
693 1452 861 1499 praeter
881 1448 993 1486 hunc
1014 1452 1106 1487 erat
1126 1461 1263 1487 nemo.

120 1502 235 1542 onr
259 1502 436 1554 grauida
461 1503 647 1554 parturit
672 1503 858 1542 iamiam.
915 1503 1109 1554 Optarim
1137 1503 1277 1554 pariat
1302 1502 1476 1541 fauente
1503 1502 1664 1541 Lucina

67 1560 248 1607 vtroque
267 1561 444 1608 parente
463 1557 624 1609 prolem
645 1557 831 1609 dignam.
1683 1566 1702 1596 8
1707 1574 1722 1605 5

119 1611 276 1658 Habes,
291 1613 357 1650 vir
371 1612 730 1661 humaniss<ime>,
745 1611 849 1662 quid
862 1611 928 1650 hic
944 1615 1128 1662 geratur.
1178 1611 1320 1650 Vnum
1335 1611 1403 1649 fac
1419 1623 1589 1650 exorem
1604 1615 1661 1657 te,

65 1677 117 1704 ne
146 1665 355 1705 scribendi
384 1666 637 1705 tarditatem
665 1667 882 1717 ignauiam
911 1665 1091 1712 dixeris;
1123 1679 1241 1704 meae
1271 1665 1564 1712 verecundiae,
1586 1665 1663 1703 im-

65 1719 221 1770 probae
237 1720 409 1771 quidem
424 1720 496 1767 illi,
513 1720 703 1759 dandum
716 1725 820 1759 erat.
864 1720 1049 1759 Verebar
1065 1721 1177 1759 enim
1191 1720 1245 1758 ad
1260 1724 1290 1759 t.
1307 1720 1348 1759 d.
1365 1733 1480 1758 meas
1493 1721 1663 1759 mittere

63 1774 283 1813 schedulas
329 1774 512 1814 incultas
558 1779 688 1826 atque
735 1775 905 1814 scabras
951 1774 1140 1825 nihilque
1185 1774 1423 1814 redolentes
1469 1775 1664 1813 lucernae

63 1827 426 1880 Aristophanicae.
481 1829 594 1869 Vicit
620 1829 795 1868 tandem
821 1833 898 1868 tua
924 1829 1182 1875 humanitas,
1210 1842 1296 1880 qua
1321 1829 1424 1867 nihil
1452 1841 1538 1867 non
1563 1828 1665 1867 boni
1681 1846 1724 1875 90

60 1881 183 1921 facile
204 1883 385 1922 consulis
405 1883 521 1934 quod
540 1884 595 1922 ab
615 1885 752 1923 amico
772 1884 828 1922 sit
847 1883 1086 1934 profectum
1106 1896 1115 1929 ;
1152 1884 1257 1922 vicit
1276 1886 1320 1922 et
1339 1887 1440 1922 tuus
1460 1882 1664 1930 Hilarius,

62 1937 135 1987 qui
164 1941 213 1976 vt
241 1937 440 1977 auderem
468 1938 706 1989 persuasit:
753 1942 795 1977 te
824 1938 1112 1976 candidiorem
1141 1950 1270 1988 quam
1301 1938 1374 1987 qui
1402 1950 1662 1989 quemquam

61 1993 306 2042 asperneris.
357 1992 547 2032 Salutem
562 1996 594 2031 t.
612 1992 653 2031 d.
671 1992 844 2031 asscribi
859 1993 982 2031 iussit
998 1992 1226 2031 Pratensis.
1272 1992 1387 2039 Vale,
1410 1995 1663 2043 praeceptor

62 2046 234 2096 optime.
283 2047 422 2085 Tuum
443 2046 767 2086 Bacchusiolum
789 2046 852 2085 vel
874 2047 985 2085 inter
1006 2047 1201 2085 minimos
1222 2046 1408 2085 scribito.

115 2099 151 2138 E
172 2100 353 2151 Brughis
374 2111 425 2151 27
445 2101 559 2140 Maii.
582 2101 705 2140 Anno
725 2101 934 2152 redempti
954 2101 1136 2140 hominis
1159 2111 1276 2151 1522.
1679 2120 1719 2151 95

626 2156 741 2194 Tuus
760 2156 1020 2194 Bacchusius
1037 2156 1356 2206 quantulusque
1374 2159 1451 2201 est,
1471 2159 1603 2194 totus.

86 2224 166 2318 bD.
185 2225 362 2318 Eraslmo
379 2225 681 2273 Roterodamo,
703 2226 997 2277 theologorum
1018 2226 1276 2273 doctissimo,
1300 2239 1376 2265 suo
1397 2227 1661 2277 praeceptori

59 2293 83 2319 o
116 2291 268 2318 seruan
300 2293 338 2319 o.

472 2405 593 2443 1287.
659 2403 797 2444 FROM
831 2403 941 2445 dm*
974 2404 1244 2445 MORILLON.

106 2479 257 2514 Breslau
276 2479 349 2515 ΜΗ.
373 2481 489 2516 Rehd.
509 2492 528 2515 2
536 2490 589 2526 54.
614 2491 690 2516 110.
1349 2484 1498 2528 Bruges.

105 2537 196 2572 EE2.
219 2546 271 2581 15.
1233 2544 1285 2581 <c.
1304 2550 1347 2583 27
1368 2540 1455 2585 May
1478 2543 1609 2583 1522>

100 2600 168 2640 [An
179 2602 325 2644 original
338 2601 453 2641 letter,
467 2603 665 2645 autograph
678 2604 907 2646 throughout.
954 2603 1009 2635 An
1019 2603 1262 2644 approximate
1274 2603 1356 2634 dato
1366 2613 1430 2634 can
1443 2603 1484 2635 bc
1495 2603 1656 2645 assigned

56 2642 145 2675 from
167 2644 226 2676 the
248 2650 466 2678 movements
488 2647 523 2678 of
545 2647 604 2679 the
625 2647 733 2679 Court
755 2649 824 2687 (sce
846 2647 866 2678 1.
892 2648 975 2686 211);
1013 2647 1083 2678 and
1106 2646 1176 2678 this
1198 2647 1226 2678 is
1249 2646 1494 2678 corroborated
1526 2647 1574 2688 by
1597 2647 1656 2678 the

57 2687 243 2720 references
266 2691 304 2720 to
326 2689 415 2731 Epp.
444 2692 584 2731 1273-6,
607 2690 759 2731 brought
782 2690 828 2731 by
845 2690 968 2731 Hilary
986 2690 1207 2731 Bcrtulphus.
1249 2690 1303 2721 He
1324 2700 1371 2722 no
1391 2690 1503 2722 doubt
1524 2690 1656 2722 carried

57 2730 125 2762 this
140 2730 243 2763 letter
258 2732 346 2764 back
364 2733 523 2774 together
537 2733 623 2765 with
639 2734 728 2775 Epp.
750 2736 845 2770 1281,
865 2733 975 2772 1286]

110 2800 524 2842 HONORANDISSIME
545 2802 728 2842 domine.
770 2804 934 2842 Literas
968 2804 1020 2842 D.
1041 2804 1090 2843 V.
1122 2804 1166 2842 in
1194 2804 1344 2843 itinere
1364 2805 1520 2856 accepi,
1551 2805 1655 2845 dum

55 2854 224 2894 Curiam
250 2855 577 2896 festinabundus
604 2871 769 2909 sequor,
798 2871 927 2909 quam
956 2858 1105 2897 Ualesii
1131 2859 1216 2896 iam
1244 2860 1484 2910 peruenisse
1510 2860 1654 2901 audio.

103 2947 198 2980 1286.
224 2949 277 2981 88.
305 2951 329 2981 t.
348 2948 399 2988 εὶ]
418 2951 517 2981 tuam
534 2949 819 2982 dominationem.
934 2960 962 2982 2.
991 2949 1129 2989 Calesii]
1153 2950 1292 2982 Charles
1317 2952 1454 2983 arrived
1481 2956 1517 2984 at
1544 2952 1655 2985 Calais

100 2990 153 3029 89.
178 2991 352 3031 lucernae]
367 2993 418 3025 Of.
436 2993 543 3033 Adaq.
560 2995 637 3035 672.
892 3004 936 3026 on
955 3003 994 3034 25
1018 2994 1112 3035 May,
1131 2994 1201 3026 and
1221 2994 1357 3026 crossed
1378 2999 1415 3027 to
1436 2996 1552 3028 Dover
1571 3000 1656 3028 next

104 3034 197 3066 1287.
226 3045 251 3067 1.
280 3036 318 3067 D.
342 3035 397 3075 V.]
414 3036 663 3069 dominationis¹
678 3041 820 3069 vestiae.
893 3037 984 3079 day:
1019 3038 1060 3069 cf.
1090 3039 1154 3080 Ep.
1176 3040 1266 3071 1281.
1288 3049 1364 3080 44¹1·
