2012 3370
293 149 371 188 228
763 151 1019 190 LETTERS
1050 152 1123 192 OF
1152 153 1417 192 ERASMUS
1768 155 1891 203 [1523

724 283 928 326 13231343.
994 285 1135 327 FROM
1168 286 1478 328 FERDINAND.

337 359 438 404 Opus
455 359 706 403 Epistolarum
721 370 756 404 p.
772 360 853 404 764.
1539 360 1779 405 Nuremberg.

336 418 379 452 N.
396 430 431 462 p.
448 427 542 461 729:
570 417 686 452 Lond.
705 429 765 452 XX.
782 428 825 463 43
844 431 852 452 :
880 418 953 453 LB.
970 419 1034 463 651
1472 428 1509 463 15
1528 419 1718 464 February
1736 428 1841 464 1523.

285 516 629 547 FERDINANDVS
660 518 744 547 DEI
774 517 951 547 GRATIA
979 518 1212 549 PRINCEPS
1243 519 1301 548 ET
1329 518 1506 548 INFANS
1542 518 1890 557 IIISPANIARVM,

351 574 602 605 ARCHIDVX
627 575 877 613 AVSTRIAE,
906 576 1004 606 DVX
1031 577 1362 614 BVRGVNDIAE,
1391 578 1509 613 ETC.‚
1536 576 1814 606 IMPERIALIS

500 633 661 663 LOCVM
685 634 874 663 TENENS
900 634 1184 673 GENERALIS,
1214 635 1403 664 ERASMO
1430 635 1534 664 ROT.
1563 635 1599 664 S.
1622 635 1667 664 D.

340 694 653 733 HONORABILIS
672 708 719 734 ac
737 695 914 743 erudite,
933 696 1090 735 sincere
1107 696 1230 734 nobis
1247 695 1410 735 dilecte.
1457 696 1708 747 Accepimus
1725 695 1890 735 litteras

283 753 380 787 tuas
399 762 451 788 ex
470 749 649 796 Basilea,
669 749 836 801 quibus,
864 763 974 800 quae
995 750 1049 789 ad
1067 763 1143 789 nos
1162 749 1214 789 de
1231 749 1435 789 laudabili
1462 763 1587 801 opere
1614 749 1890 801 Paraphrasis

284 804 329 842 in
363 803 569 843 Ioannem
604 817 630 843 a
663 808 707 843 te
742 805 977 855 composito
1012 805 1228 855 scripsisti,
1264 804 1562 851 intelleximus,
1599 817 1732 856 caque
1766 804 1890 843 nobis

284 858 524 908 gratissima
540 862 584 897 et
598 871 789 897 summae
805 859 1059 898 iocunditati
1075 858 1204 897 fuere.
1250 858 1309 897 Et
1325 859 1517 909 cupimus
1534 872 1583 898 ac
1599 858 1830 898 affectuose
1845 863 1889 898 te

247 933 262 964 5
284 912 518 959 hortamur,
552 914 596 951 in
630 913 835 952 eiusmodi
869 913 1006 964 dignis
1039 917 1083 952 et
1116 913 1313 951 maximis
1345 913 1543 952 laudibus
1577 918 1621 952 et
1653 914 1888 965 praeconiis

284 967 537 1006 extollendis
574 967 789 1006 laboribus
827 971 871 1005 et
903 967 1056 1018 vigiliis
1087 979 1327 1018 perseueres
1359 972 1404 1006 et
1440 968 1654 1018 persistas,
1686 968 1888 1018 illamque

225 1203 264 1226 10

239 2505 253 2537 5

283 1020 582 1072 Paraphrasim
618 1022 883 1072 impressioni
920 1021 975 1059 ad
1011 1034 1279 1060 communem
1316 1021 1540 1060 doctorum
1577 1026 1621 1061 ct
1656 1021 1886 1073 proborum

283 1075 514 1114 Vtilitatem
531 1080 574 1114 et
590 1075 874 1122 commodum,
892 1089 1022 1126 quam
1037 1076 1222 1126 primum
1242 1088 1317 1127 per
1331 1076 1470 1114 ocium
1489 1076 1668 1123 licuerit,
1689 1076 1887 1116 exhibere

282 1142 413 1176 cures,
436 1134 479 1168 et
499 1143 629 1168 vnam
650 1130 705 1169 ad
730 1143 807 1168 nos
833 1131 1137 1169 transmittere.
1194 1129 1319 1177 Quod
1343 1143 1442 1182 erga
1467 1135 1523 1177 te,
1553 1130 1626 1169 vbi
1652 1131 1816 1170 occasio
1843 1144 1886 1170 se

280 1183 496 1231 obtulerit,
529 1185 645 1223 omni
675 1185 938 1236 benignitate
968 1188 1013 1224 et
1042 1184 1267 1224 clementia
1296 1189 1455 1232 nostra,
1486 1186 1531 1224 in
1561 1185 1885 1236 quibuscunque

279 1239 526 1289 poterimus,
551 1252 846 1290 recognoscere
870 1243 915 1278 et
938 1239 1166 1290 rependere
1189 1239 1469 1286 studebimus,
1495 1244 1540 1278 et
1563 1240 1811 1279 meritorum
1836 1253 1885 1279 ac

279 1293 519 1344 vigiliarum
538 1297 711 1332 tuarum
730 1294 997 1333 immemores
1016 1306 1103 1332 non
1121 1294 1288 1333 erimus.

332 1347 495 1386 Datum
512 1349 557 1386 in
575 1349 751 1387 ciuitate
768 1348 983 1399 Imperiali
1000 1348 1290 1400 Nurenberga,
1309 1348 1378 1387 die
1394 1348 1711 1400 decimoquinto
1728 1348 1885 1387 Mensis

279 1402 497 1441 Februarii
519 1403 643 1441 Anno
665 1413 897 1441 M.D.XX111.

467 1556 772 1599 1337213411344.
836 1557 978 1599 FROM
1010 1557 1293 1600 WILLIBALD
1327 1556 1687 1599 PIROKHEIMER.

326 1631 502 1667 Strobel’s
519 1632 690 1676 Beitr'age
704 1632 727 1666 i.
748 1633 811 1675 163
830 1633 890 1675 (a).
1529 1631 1768 1676 Nuremberg.

326 1690 554 1734 Nuremberg
568 1689 642 1725 Ms.
661 1690 732 1724 PP.
750 1700 818 1734 324
835 1692 900 1735 (β).
1463 1699 1503 1733 17
1520 1689 1711 1735 February
1728 1699 1829 1734 1523.

323 1768 432 1808 [First
447 1767 589 1810 printed
605 1767 652 1810 by
668 1767 708 1800 G.
726 1768 764 1799 T.
783 1767 919 1801 Strobel
934 1767 971 1799 in
986 1767 1040 1798 his
1062 1767 1261 1799 Vermischte
1277 1767 1429 1807 Beitrc'iqe
1445 1777 1503 1800 zur
1516 1767 1626 1800 Gesck.
1642 1767 1672 1799 d.
1689 1767 1882 1805 Litteralur,

278 1811 433 1849 Altdorf‚
469 1821 554 1854 1774
584 1813 646 1852 (a),
682 1811 863 1853 evidently
892 1811 983 1843 from
1013 1811 1072 1842 the
1102 1810 1206 1842 letter
1237 1820 1276 1842 as
1309 1810 1464 1853 actually
1494 1814 1573 1842 sent
1606 1810 1676 1842 and
1712 1810 1882 1848 received,

278 1855 402 1893 which,
422 1855 554 1897 though
571 1859 639 1886 not
657 1865 735 1887 now
753 1858 891 1893 extant,
910 1865 1057 1896 appears
1077 1857 1115 1886 to
1133 1854 1223 1886 have
1242 1854 1329 1886 been
1347 1855 1431 1887 then
1450 1854 1488 1886 in
1506 1854 1559 1885 his
1577 1854 1772 1895 possession
1787 1866 1795 1885 ι
1827 1864 1882 1886 see

279 1898 332 1930 his
357 1898 505 1940 preface,
533 1908 575 1939 30
600 1898 683 1940 May
712 1908 804 1940 1774.
856 1898 928 1930 The
953 1897 1150 1940 autograph
1175 1897 1397 1939 rough-draft
1422 1899 1473 1938 (β)
1498 1898 1527 1929 is
1552 1897 1625 1929 also
1646 1897 1819 1929 available
1844 1907 1882 1929 as

277 1953 297 1974 a
312 1952 443 1980 source,
459 1952 587 1983 among
601 1942 866 1975 Pirckheimer's
880 1952 1005 1984 papers
1019 1942 1056 1973 in
1071 1942 1131 1974 the
1145 1941 1253 1973 Town
1268 1941 1416 1982 Library
1430 1945 1469 1973 at
1482 1941 1699 1982 Nuremberg
1713 1953 1722 1978 3
1751 1941 1883 1982 hastily

277 1986 429 2024 written,
444 1985 628 2027 especially
645 1986 796 2017 towards
812 1985 871 2017 the
887 1985 967 2024 end,
982 1985 1066 2017 with
1082 1985 1245 2027 frequent
1260 1985 1533 2023 abbreviations,
1548 1985 1619 2016 and
1633 1984 1771 2026 lacking
1786 1994 1881 2016 some

277 2029 490 2071 paragraphs
505 2029 575 2060 and
589 2029 649 2060 the
663 2029 773 2061 dates,
812 2029 884 2060 The
898 2029 1002 2061 letter
1016 2032 1110 2061 must
1124 2028 1213 2060 have
1228 2028 1316 2060 been
1330 2028 1504 2060 delivered
1518 2028 1641 2060 within
1655 2038 1675 2059 a
1688 2028 1754 2059 few
1768 2027 1855 2070 days
1871 2041 1879 2066 ;

278 2073 332 2104 for
346 2073 410 2114 Ep.
431 2082 514 2113 1353
530 2072 658 2113 clearly
670 2073 700 2104 is
715 2073 822 2104 based
837 2083 881 2104 on
897 2072 956 2104 the
971 2082 1064 2104 news
1079 2072 1266 2104 contained
1280 2072 1370 2104 here.

322 2115 390 2147 For
405 2116 464 2147 the
480 2115 693 2147 elucidation
709 2116 744 2147 of
760 2126 854 2147 some
869 2116 988 2157 points
1004 2116 1020 2147 I
1037 2126 1094 2147 am
1109 2115 1277 2148 indebted
1293 2119 1331 2147 to
1346 2116 1406 2147 the
1422 2115 1611 2147 assistance
1628 2114 1662 2147 of
1678 2124 1738 2156 my
1753 2115 1877 2152 friend,

278 2159 337 2191 Dr.
356 2159 395 2190 E.
414 2158 557 2197 Reicke,
575 2170 655 2192 now
671 2160 832 2193 Director
847 2160 882 2191 of
899 2159 958 2190 the
975 2159 1081 2191 Town
1098 2161 1245 2193 Librarv
1261 2161 1331 2192 and
1348 2159 1537 2191 Archives:
1563 2158 1674 2190 which
1691 2168 1762 2189 was
1787 2162 1877 2190 most

276 2202 481 2244 generously
496 2203 600 2244 given
617 2213 661 2234 011
678 2203 738 2234 the
755 2204 915 2234 occasion
932 2203 967 2234 of
984 2213 1046 2234 our
1062 2204 1146 2235 visit
1161 2207 1199 2235 to
1216 2195 1457 2244 Nuremberg
1448 2213 1485 2234 111
1502 2203 1596 2244 Sept.
1618 2204 1711 2241 1906.
1716 2201 1729 2241 ]

331 2277 372 2317 S.
408 2276 481 2316 Nil
501 2277 669 2324 mirum,
691 2277 868 2316 Erasme
895 2278 1273 2328 praestantissime,
1303 2278 1337 2315 si
1363 2276 1523 2316 fuerint
1550 2277 1624 2327 qui
1650 2280 1693 2315 te
1720 2277 1786 2315 vti
1813 2289 1880 2315 me

274 2331 464 2383 placares
489 2331 802 2378 admonuerint,
829 2332 1003 2371 tametsi
1032 2332 1204 2370 minime
1229 2335 1493 2370 commotum
1514 2344 1522 2377 ;
1565 2331 1768 2381 quoniam
1793 2343 1880 2369 non

275 2386 445 2425 defuere
465 2387 540 2438 qui
559 2390 603 2425 et
623 2399 690 2425 me
711 2390 860 2425 contra
879 2390 923 2425 te
943 2387 1208 2437 instigarent,
1231 2385 1346 2436 quod
1375 2385 1519 2424 literas
1540 2398 1654 2423 meas
1675 2385 1878 2435 priuatim

275 2440 330 2479 ad
359 2445 403 2480 te
431 2441 611 2492 scriptas
640 2441 685 2479 in
714 2440 902 2480 Caesaris
931 2440 1188 2491 publicasses
1219 2440 1347 2478 curia.
1406 2440 1497 2490 Ego
1527 2452 1641 2485 verO,
1672 2451 1805 2490 quum
1835 2443 1879 2478 te

275 2508 440 2546 semper
477 2499 521 2534 et
557 2508 643 2534 non
680 2495 913 2546 vulgariter
950 2495 1122 2546 quidem
1161 2494 1406 2540 amauerim,
1446 2497 1670 2544 certusque
1708 2494 1787 2531 sim
1826 2493 1877 2532 de.

274 2549 462 2588 moribus
482 2550 569 2588 tuis
589 2553 633 2588 et
653 2563 754 2588 vera
774 2549 1004 2600 probitate,
1027 2550 1112 2588 scio
1132 2553 1177 2588 te
1197 2548 1256 2587 nil
1279 2548 1462 2599 maligne
1490 2551 1567 2586 aut
1586 2547 1879 2586 fraudulenter

274 2604 354 2643 hac
387 2604 433 2642 in
466 2617 510 2642 re
546 2604 690 2655 egisse.
754 2604 868 2643 Noui
902 2608 1123 2655 praeterea
1157 2616 1365 2654 quasnam
1401 2602 1482 2641 tibi
1517 2601 1671 2641 aemuli
1707 2605 1877 2640 struant

273 2657 461 2704 insidias,
495 2662 586 2696 tam
620 2658 784 2697 Romae
817 2671 947 2709 quam
980 2659 1025 2696 in
1057 2657 1246 2697 Caesaris
1279 2657 1407 2703 curia,
1442 2657 1667 2707 praecipue
1700 2669 1800 2695 vero
1833 2657 1877 2694 in

274 2711 501 2751 Germania
535 2712 749 2759 inferiori;
801 2713 903 2751 noui
937 2716 981 2751 et
1016 2712 1357 2751 Lutheranorum
1393 2715 1542 2750 contra
1577 2715 1620 2749 te
1656 2711 1875 2757 animum;

322 2816 418 2848 1344.
447 2827 474 2849 1.
501 2815 552 2846 vti
573 2842 579 2848 .
598 2840 604 2846 .
623 2839 630 2846 .
653 2827 682 2848 2
709 2815 851 2846 tametsi
874 2826 915 2845 a:
941 2813 1172 2846 admonerent
1187 2814 1241 2845 vti
1258 2823 1313 2845 me
1329 2812 1495 2854 placares,
1511 2812 1597 2845 licet
1612 2816 1645 2848 β.
1721 2824 1752 2855 3.
1779 2811 1874 2853 quod

276 2861 321 2893 B:
345 2858 405 2907 qui
423 2872 453 2892 α
546 2862 576 2892 6.
596 2858 774 2890 moribus.
822 2857 1027 2899 ,probitate
1045 2870 1087 2890 a:
1118 2857 1296 2899 probitate
1321 2860 1383 2888 tua
1399 2859 1433 2892 β.
1568 2855 1642 2889 nil.
1690 2868 1747 2899 .7.
1774 2865 1810 2886 re
1827 2869 1871 2889 a:

275 2901 385 2934 nihil'
377 2911 414 2932 111
431 2901 495 2932 hac
514 2911 549 2933 re
566 2911 743 2944 peruersse
761 2904 825 2932 aut
840 2900 1082 2932 fraudulenter
1098 2904 1131 2937 β.
1300 2913 1330 2944 7
1356 2902 1537 2941 praeterea
1553 2908 1725 2940 quasnam
1742 2898 1807 2930 tibi
1827 2912 1870 2932 a:

276 2945 402 2987 quibus
415 2948 449 2975 te
461 2948 495 2980 β.
703 2947 844 2976 struant
853 2944 998 2976 insidias
1011 2948 1085 2976 tam
1100 2957 1142 2976 a:
1169 2947 1318 2986 vrgeant
1327 2943 1462 2974 insidiis
1473 2946 1511 2975 et
1521 2945 1555 2978 β.
1707 2944 1736 2976 8.
1763 2952 1871 2983 quam

277 3000 320 3020 a:
351 2990 387 3020 et
405 2990 438 3019 Β.
619 2988 716 3020 curia
733 3000 775 3019 a:
808 2998 892 3019 cura
908 2991 941 3023 β.
1101 2999 1132 3028 9
1158 2987 1464 3019 Lutheranorum.
1514 3010 1520 3017 .
1541 2985 1697 3017 animum
1717 2997 1759 3016 α·
1752 3009 1759 3017 .
1784 2985 1871 3027 quid

275 3032 464 3065 Lutherani
487 3031 631 3072 quidam
654 3031 695 3063 de
718 3035 753 3063 te
775 3031 932 3063 sentiant
953 3034 986 3066 β,
