2012 3370
94 141 217 191 1304]
677 138 751 179 ΤΟ
780 137 1007 179 ADRIAN
1037 138 1097 178 VI
1608 139 1678 180 101

88 251 283 303 quaesita
312 255 376 290 est
404 263 534 302 quam
570 249 682 288 vltro
717 249 892 289 oblata..
934 248 1182 300 Benignitas
1217 249 1329 288 enim
1365 249 1539 288 Domini
1574 249 1685 296 Iesu,

88 306 207 344 cuius
223 305 424 356 peculiari
439 304 662 343 voluntate
679 303 734 342 ad
749 304 859 343 istuc
876 304 1060 342 muneris
1077 304 1258 342 ascitum
1275 316 1363 342 esse
1379 307 1423 342 te
1438 316 1686 354 persuasum

89 363 154 398 est
187 359 397 406 omnibus,
432 371 565 410 quum
599 357 789 409 pollicita
823 358 879 397 sit
911 358 1161 397 inuenturos
1194 371 1265 397 eos
1299 358 1374 409 qui
1408 357 1684 409 quaesissent,

88 414 192 453 mihi
212 427 298 453 non
317 413 538 465 quaerenti
557 425 775 464 organum,
798 412 842 450 ni
861 411 996 459 fallor,
1019 412 1287 463 aptissimum
1308 411 1479 459 obtulit,
1501 425 1586 463 quo
1606 411 1687 451 tibi
1708 425 1719 448 1
1728 425 1745 458 5

87 468 384 519 gratulationis
425 466 610 506 officium
652 466 768 505 haud
810 466 983 517 quidem
1025 466 1190 517 vulgari
1231 478 1348 505 more
1389 466 1684 518 persoluerem.

88 522 257 561 Obtulit
292 522 404 561 enim
439 520 693 560 Psalterium
730 520 999 567 Dauidicum,
1038 520 1181 571 digitis
1216 521 1405 567 Arnobii,
1443 520 1686 571 peritissimi

87 576 350 622 Psalmistae,
374 588 469 614 mea
491 575 703 614 sententia
725 574 964 613 dulcissime
986 587 1199 613 resonans.
1259 575 1316 613 Et
1339 575 1373 613 si
1395 574 1500 626 quid
1520 575 1687 614 faciunt

87 630 142 668 ad
186 629 544 682 magnificentiam
588 628 784 668 tedarum
829 642 878 667 ac
921 628 1131 667 funalium
1175 628 1385 676 flammae,
1431 629 1562 668 habet
1605 629 1685 668 hoc

85 697 291 736 organum
317 697 404 723 non
429 683 566 722 solum
594 683 805 722 efficacem
833 687 877 722 et
903 682 1129 722 amabilem
1157 683 1238 733 piis
1265 683 1437 722 auribus
1464 682 1684 730 tinnitum,
1704 697 1747 720 20

85 752 233 777 verum
253 739 383 778 etiam
402 738 533 778 habet
552 741 596 777 et
614 738 754 789 ignem
774 750 911 784 suum,
933 737 1065 776 habet
1083 750 1181 775 suas
1201 741 1245 776 et
1263 737 1438 784 faculas,
1459 737 1512 776 de
1531 737 1687 777 Christi

83 793 178 844 igne
200 793 402 839 lucentes,
426 805 553 844 quem
574 792 642 831 ille
664 796 841 831 venerat
862 804 1083 843 sparsurus
1104 792 1149 830 in
1171 795 1318 830 terras.
1377 791 1470 830 Hoc
1492 796 1543 830 vt
1563 791 1686 843 longe

84 847 218 898 magis
244 847 444 886 decorum
470 850 536 886 est
561 860 659 885 vere
684 846 882 898 theologo
909 850 953 885 et
977 846 1247 897 integerrimo
1273 845 1484 892 Pontifici,
1512 846 1574 885 ita
1600 859 1687 885 non

84 901 235 940 dubito
255 902 360 953 quin
380 901 436 940 sit
455 905 500 940 et
520 901 655 940 multo
676 901 837 952 gratius
857 900 1051 939 futurum
1073 901 1214 939 animo
1235 904 1311 939 tuo
1332 913 1462 951 quam
1482 900 1686 939 lituorum

84 960 235 995 cantus
262 960 338 995 aut
364 960 675 995 tormentorum
703 968 928 995 aeneorum
956 955 1141 1006 crepitus
1168 958 1245 993 aut
1270 954 1513 994 inconditae
1539 954 1686 1006 populi
1703 967 1744 1001 25

83 1010 389 1049 tumultuantis
412 1010 752 1049 acclamationes.

138 1064 221 1104 Sed
260 1078 312 1104 ne
353 1064 556 1104 molestus
596 1065 675 1103 sim
709 1064 974 1116 aenigmatiS‚
1016 1076 1118 1110 rem,
1161 1067 1211 1102 vt
1250 1063 1395 1111 habet,
1437 1063 1685 1115 simpliciter

83 1117 268 1170 eloquar.
328 1118 490 1158 Eodem
506 1118 637 1158 ferme
652 1122 844 1170 tempore
859 1131 944 1169 quo
961 1119 1043 1157 huc
1058 1131 1202 1157 rumor
1218 1118 1414 1157 omnibus
1429 1118 1685 1157 laetissimus

83 1172 238 1212 allatus
267 1177 343 1219 est,
374 1177 418 1212 te
446 1186 600 1224 magno
629 1186 834 1212 consensu
863 1172 1150 1212 Cardinalium
1179 1173 1360 1212 ascitum
1389 1172 1445 1211 ad
1472 1172 1686 1212 Pontificii

84 1227 268 1266 Romani
284 1227 463 1274 culmen,
483 1228 598 1266 missi
615 1231 716 1266 sunt
732 1227 788 1266 ad
803 1240 880 1266 nos
897 1241 919 1267 e
936 1227 1167 1266 venerabili
1183 1227 1356 1278 collegio
1373 1240 1422 1266 ac
1439 1227 1684 1279 disciplinae
1707 1240 1747 1273 30

82 1281 282 1332 regularis
301 1282 471 1320 nomine
491 1295 587 1320 cum
607 1282 753 1332 primis
772 1281 1084 1328 commendato,
1105 1281 1234 1332 quod,
1255 1281 1367 1320 inter
1385 1281 1680 1321 Vuormaciam

82 1335 350 1386 Vangionum
379 1336 599 1374 ciuitatem
629 1339 673 1374 et
701 1335 867 1386 Spiram
896 1336 1174 1375 Nemetarum
1203 1335 1352 1374 vrbem
1381 1336 1525 1383 situm,
1556 1335 1683 1387 vulgo

81 1389 236 1428 dicitur
269 1389 567 1436 Franckental,
603 1390 907 1429 Commentarii
939 1390 984 1428 in
1017 1389 1209 1428 Psalmos
1243 1389 1474 1429 Dauidicos
1507 1390 1683 1429 Arnobii

79 1443 256 1482 titulum
271 1457 371 1495 prae
385 1457 428 1483 se
442 1444 636 1483 serentes.
696 1443 778 1491 Qui
791 1444 1037 1491 mittebant,
1053 1456 1139 1483 non
1152 1443 1424 1483 confidebant
1438 1444 1681 1496 placituros,

81 1498 148 1537 vel
185 1498 302 1549 quod
338 1499 468 1537 ieiuni
505 1498 763 1545 viderentur,
804 1498 872 1537 vel
909 1498 1025 1550 quod
1062 1498 1257 1549 impolito
1296 1511 1487 1538 sermone
1524 1499 1682 1550 passim
1703 1510 1740 1544 35

81 1553 379 1592 manifestariis
395 1553 650 1592 soloecismis
664 1557 889 1592 scatentes.
947 1553 1105 1592 Verum
1119 1553 1377 1604 simulatque
1392 1553 1683 1606 degustandae

80 1606 272 1646 lectionis
307 1608 444 1658 gratia
479 1621 609 1646 vnam
645 1612 775 1659 atque
811 1607 989 1647 alteram
1025 1607 1235 1658 pagellam
1271 1607 1535 1655 euoluissem,
1573 1609 1684 1648 sensi

80 1662 274 1711 protinus
306 1675 393 1700 non
425 1661 541 1700 illam
575 1675 663 1701 esse
696 1662 915 1713 vulgarem
948 1661 1189 1708 infantiam,
1225 1661 1298 1701 sed
1332 1662 1682 1713 expolitissimam

79 1716 331 1767 impolitiem
361 1720 404 1755 et
427 1717 758 1767 copiosissimam
788 1716 1196 1768 breuiloquentiam:
1235 1717 1280 1755 in
1304 1717 1443 1756 verbis
1466 1717 1682 1756 duntaxat

79 1783 168 1809 esse
201 1771 502 1821 parsimoniam
536 1784 585 1810 ac
617 1771 870 1822 neglectum,
905 1772 949 1809 in
982 1771 1173 1810 sensibus
1206 1771 1467 1822 amplissima
1499 1771 1679 1823 splendi-
1700 1784 1746 1816 40

79 1824 336 1876 dissimaque
366 1838 454 1864 6556
483 1826 638 1864 omnia.
698 1825 875 1876 Quoque
905 1839 998 1864 sum
1028 1825 1156 1864 altius
1184 1825 1408 1876 ingressus,
1438 1826 1518 1865 1106
1548 1827 1682 1878 magis

80 1879 183 1918 mihi
216 1880 350 1918 creuit
382 1880 519 1930 operis
551 1879 791 1927 admiratio,
826 1884 876 1919 vt
907 1879 1032 1931 plane
1065 1880 1264 1918 sentirem
1297 1880 1401 1918 mihi
1433 1880 1680 1920 thesaurum

80 1934 324 1985 quempiam
345 1934 551 1985 insignem
574 1934 780 1980 oblatum,
805 1933 891 1980 sed,
915 1938 965 1973 vt
986 1934 1108 1973 Pauli
1129 1947 1244 1973 more
1267 1933 1420 1981 dicam,
1442 1935 1487 1973 in
1509 1935 1681 1974 vasculo

80 1987 211 2026 fictili.
269 1988 419 2039 Coepit
436 2002 503 2027 me
521 2001 698 2039 semper,
715 1988 866 2035 fateor,
885 1989 930 2027 in
947 1989 1168 2027 autoribus
1185 1989 1315 2028 etiam
1333 1989 1461 2028 sacris
1478 1990 1682 2029 sermonis

82 2042 328 2089 mundicias,
371 2047 416 2081 et
457 2042 638 2082 offendit
679 2043 904 2082 balbuties.
962 2042 1022 2082 At
1063 2043 1230 2082 vtinam
1272 2043 1395 2082 nobis
1427 2044 1681 2095 contingant
1702 2054 1745 2085 45

80 2095 220 2146 plures
237 2097 312 2148 qui
329 2096 381 2136 de
400 2098 612 2149 mysteriis
629 2097 943 2149 Scripturarum
961 2097 1019 2136 sic
1038 2097 1283 2136 balbutiant
1301 2101 1351 2137 vt
1368 2097 1435 2137 hic
1453 2098 1680 2145 Arnobius,

79 2154 204 2189 tanta
223 2150 329 2198 luce,
351 2155 476 2190 tanta
496 2151 744 2199 eruditione,
766 2155 858 2191 tam
877 2151 1087 2191 foecunda
1108 2152 1332 2199 breuitate,
1354 2156 1480 2192 tanta
1499 2152 1680 2204 denique

79 2205 362 2244 sanctimonia
381 2205 389 2244 !

134 2259 216 2299 Sed
246 2273 299 2299 ne
330 2260 532 2299 sermonis
562 2260 770 2300 inconditi
800 2260 1029 2312 multisque
1059 2260 1161 2300 locis
1193 2261 1345 2301 soloeci
1375 2261 1680 2312 praeiudicium

78 2314 215 2364 operis
250 2315 527 2354 autoritatem
561 2315 710 2362 eleuet,
746 2316 994 2366 praesertim
1029 2315 1145 2367 apud
1179 2329 1249 2354 eos
1283 2316 1358 2367 qui
1391 2329 1443 2355 ex
1477 2316 1682 2355 orationis
1703 2326 1744 2358 50

78 2368 194 2407 vitiis
214 2368 484 2419 prudentiam
504 2370 634 2409 etiam
654 2373 731 2409 aut
748 2369 1030 2409 eruditionem
1051 2370 1274 2409 aestimare
1294 2370 1431 2409 solent
1450 2370 1679 2421 scriptoris.

78 2422 326 2473 priusquam
353 2423 571 2475 aggrediar
597 2424 649 2463 de
674 2424 872 2463 laudibus
898 2424 1059 2464 autoris
1085 2429 1129 2464 et
1155 2425 1292 2476 operis
1318 2424 1467 2470 dicere,
1495 2425 1680 2475 primum

76 2476 182 2515 illud
214 2477 414 2517 lectorem
447 2478 714 2518 admonitum
747 2478 858 2525 volo,
891 2478 1095 2530 quicquid
1126 2479 1194 2518 hic
1227 2483 1292 2519 est
1323 2479 1679 2526 soloecismorum,

77 2543 164 2570 non
179 2545 268 2570 esse
284 2532 522 2583 profectum
539 2533 593 2572 ab
609 2533 777 2573 inscitia
792 2533 866 2573 sed
882 2546 907 2572 a
922 2533 1091 2580 iudicio,
1109 2547 1185 2572 nec
1201 2533 1362 2572 homini
1377 2533 1679 2584 imputandum

78 2585 152 2624 sed
204 2587 399 2637 tempori.
458 2587 598 2634 Quum
650 2588 763 2626 enim
814 2588 1050 2627 Arnobium
1102 2588 1369 2639 eloquentiae
1421 2587 1679 2638 professione
1699 2599 1736 2631 55

78 2639 238 2679 clarum
279 2640 407 2680 fuisse
449 2645 628 2688 constet,
671 2642 801 2681 etiam
843 2646 1075 2693 antequam
1116 2642 1214 2681 fidei
1255 2646 1424 2680 nostrae
1466 2642 1678 2693 mysteriis

77 2693 330 2742 initiaretur,
370 2708 587 2747 quumque
625 2695 876 2735 Lactantius
914 2696 1144 2747 discipulus
1183 2696 1286 2734 satis
1324 2695 1509 2735 declaret
1547 2709 1678 2748 quam

78 2760 163 2787 non
189 2748 329 2788 infans
349 2749 479 2789 fuerit
498 2750 567 2789 ille
588 2754 850 2801 praeceptor,
873 2764 1091 2802 quumque
1113 2750 1443 2789 cathecumenus
1463 2751 1677 2802 scripserit

288 2830 341 2862 33.
368 2834 387 2852 α
405 2822 476 2854 N‘:
508 2822 721 2854 Frankental
737 2822 873 2863 7Lond.
1060 2823 1111 2863 58.
1138 2822 1415 2855 Catechumenus
1435 2835 1468 2864 γ.

127 2950 177 2981 14.
202 2941 420 2981 inuenturos]
431 2942 534 2974 Matt.
547 2952 575 2984 7.
590 2952 621 2983 7,
633 2942 730 2973 Lukc
746 2951 838 2979 11.9.
906 2941 1064 2975 Worms:
1098 2951 1153 2972 see
1174 2941 1241 2974 GC.
1265 2952 1298 2974 v.
1322 2951 1397 2984 711.

125 2994 176 3024 33.
202 2985 448 3025 Franckental]
471 2986 501 3018 A
526 2986 631 3017 house
655 2986 690 3017 of
714 2985 841 3017 Austin
953 2993 1009 3025 43.
1036 2984 1148 3024 Pauli]
1166 2995 1183 3017 2
1202 2985 1276 3018 Cor.
1294 2996 1326 3026 4.
1347 2996 1375 3027 7>

77 3038 217 3067 canons,
243 3029 397 3062 founded
421 3029 458 3062 in
488 3038 581 3071 1135,
610 3039 629 3070 7
657 3039 718 3061 ms.
747 3038 774 3061 s.
805 3029 840 3061 of
952 3037 1007 3068 44.
1034 3028 1171 3070 Coepit]
1185 3029 1244 3060 vlc.
1262 3029 1373 3071 Cepit.
