2012 3370
251 118 326 158 120
719 121 974 162 LETTERS
1006 121 1078 162 OF
1108 121 1371 163 ERASMUS
1720 125 1844 175 [1522

241 228 453 269 falsitates
475 231 729 270 acutissimis
749 231 830 269 illis
852 230 1064 282 magistris
1085 231 1289 281 relinquo.
1342 230 1465 279 Quod
1494 231 1529 270 si
1557 244 1696 271 meam
1724 232 1845 271 indu-

243 284 393 324 striam
413 286 579 337 experti
599 290 701 324 sunt
716 285 917 324 studiosis
937 285 1134 324 omnibus
1150 298 1303 337 magno
1319 287 1413 324 vsui
1434 285 1563 325 fuisse
1583 287 1628 325 in
1646 287 1847 326 restituto

243 338 519 391 Hieronymo,
543 353 653 391 quur
674 341 741 379 hic
763 340 1006 379 maluerunt
1028 340 1282 391 obstrepere,
1306 353 1436 392 quam
1458 353 1510 379 ex
1532 353 1581 379 eo
1603 341 1719 392 quod
1740 341 1846 380 bene

242 394 380 441 cessit,
421 394 546 433 huius
583 395 700 445 quod
738 394 1059 446 aggrederemur
1097 395 1401 446 praeiudicium
1430 395 1570 434 facere
1589 400 1604 434 ’.Ι
1664 395 1758 434 Iam
1791 409 1846 434 an

180 448 219 485 63
241 447 403 499 aliquid
432 448 540 487 falso
571 449 628 488 sit
657 449 910 500 inscriptum
941 449 1194 501 Augustino,
1227 450 1370 488 mirari
1401 449 1566 488 desinet
1596 450 1670 501 qui
1700 450 1850 501 legerit

241 501 397 541 librum
416 502 480 541 De
499 516 600 542 vera
619 516 668 542 ac
686 504 795 543 falsa
813 504 1078 555 poenitentia
1098 516 1105 542 :
1141 505 1185 542 in
1204 505 1322 543 cuius
1341 504 1688 555 decimoseptimo
1707 504 1847 556 capite

241 556 401 595 citatur
429 557 519 608 ipse
548 558 825 609 Augustinus,
858 563 902 597 et
931 559 994 597 ita
1023 559 1182 597 citatur
1211 563 1261 597 vt
1290 560 1364 610 qui
1394 559 1548 597 librum
1579 559 1760 610 scripsit,
1791 558 1846 597 ab

239 610 479 662 Augustino
510 612 747 652 dissentiat.
809 613 930 651 Idem
962 613 1118 652 accidit
1147 614 1191 651 in
1222 614 1486 664 praefatione
1517 613 1705 664 quadam
1737 626 1848 664 quac

239 664 329 703 diui
357 665 517 706 Aurelii
545 666 774 719 Augustini
802 668 930 707 titulo
959 667 1197 719 praefertur
1225 669 1539 707 commentariis
1567 669 1612 707 in
1640 667 1845 714 Psalmos‚

177 724 223 758 70
239 732 372 771 quum
409 721 454 760 in
489 721 638 760 eadem
674 722 903 761 honorifice
939 723 1096 761 citetur
1130 722 1244 762 idem
1280 723 1557 774 Augustinus.
1623 723 1704 762 Est
1740 722 1847 761 alius

239 773 406 813 libellus
428 788 481 814 ex
503 775 733 828 Augustini
755 781 799 815 et
822 777 1001 816 aliorum
1024 778 1205 828 scriptis,
1230 777 1364 816 veluti
1387 782 1511 816 cento
1534 777 1724 829 quidam,
1749 790 1844 816 con·

240 832 386 868 textus
416 842 442 868 a
472 830 664 870 studioso
695 832 912 883 quopiam,
944 836 989 871 et
1018 832 1262 871 inscribitur
1292 832 1545 883 Augustino.
1605 832 1723 871 Haec
1753 836 1844 870 tam

239 895 380 922 crassa
398 896 485 923 non
504 886 696 925 sentiunt
714 887 798 932 isti,
820 887 894 937 qui
913 887 993 925 sibi
1013 886 1213 925 videntur
1233 888 1393 938 capreis
1413 891 1457 925 et
1475 886 1629 938 aquilis
1647 886 1846 925 omnibus

238 938 573 989 perspicatiores.
619 939 854 987 Postremo,
873 954 1121 992 persuasum
1138 945 1230 979 crat
1246 946 1290 980 et
1307 941 1410 979 mihi
1425 942 1470 979 in
1485 941 1714 992 Augustini
1729 940 1846 979 libris

178 999 218 1032 75
238 993 378 1031 minus
404 1006 493 1033 esse
518 995 769 1033 mendarum
795 1008 926 1046 quam
951 996 996 1034 in
1021 995 1379 1047 Hieronymianis.
1434 995 1493 1034 At
1519 995 1622 1034 dum
1647 994 1847 1034 tentandi

237 1048 375 1098 gratia
390 1047 519 1087 libros
536 1049 701 1100 aliquot
717 1050 909 1096 emendo,
927 1063 992 1088 res
1008 1050 1101 1101 ipsa
1117 1062 1184 1088 me
1201 1050 1347 1088 docuit
1363 1049 1458 1100 plus
1475 1062 1564 1088 esse
1579 1049 1845 1101 prodigiosae

237 1101 556 1152 dcprauationis
583 1103 628 1142 in
656 1103 735 1142 hoc
764 1109 913 1142 autore
941 1117 1071 1155 quam
1101 1105 1376 1155 compererim
1404 1104 1448 1142 in
1477 1104 1739 1155 Hieronymo
1767 1108 1845 1142 aut

238 1155 463 1207 Cypriano.
517 1157 661 1208 Atque
686 1158 766 1197 hoc
791 1159 992 1197 nimirum
1019 1158 1148 1198 debet
1172 1159 1437 1210 Augustinus
1461 1159 1550 1197 suis
1572 1158 1654 1197 illis
1680 1158 1845 1198 eximiis

236 1211 513 1258 amatoribus,
536 1224 562 1250 a
580 1212 736 1263 quibus
756 1213 854 1252 solis
874 1213 1137 1265 intelligitur,

174 1264 218 1294 30
290 1264 408 1304 Haec
431 1278 458 1304 a
480 1278 547 1305 me
570 1280 657 1306 non
680 1267 875 1319 confingi,
900 1281 965 1307 res
988 1268 1082 1320 ipsa
1105 1267 1274 1307 abunde
1298 1267 1585 1320 persuadebit,
1609 1267 1645 1307 si
1667 1266 1841 1319 quando

234 1331 310 1370 per
333 1319 438 1359 istos
462 1319 607 1360 licebit
631 1321 849 1361 absoluere
875 1322 991 1374 quod
1015 1323 1292 1362 instituimus.
1347 1322 1526 1362 Interim
1551 1335 1685 1362 vnum
1710 1327 1842 1373 atque

234 1373 417 1413 alterum
444 1374 585 1414 locum
612 1376 825 1428 proferam
852 1377 897 1416 in
924 1377 1125 1425 medium,
1155 1390 1207 1416 ex
1234 1377 1390 1428 quibus
1417 1376 1602 1428 prudens
1629 1377 1762 1416 lector
1789 1376 1842 1415 de

234 1429 411 1467 caeteris
423 1428 556 1469 faciat
568 1431 869 1470 coniecturam.
901 1431 1016 1470 Libri
1026 1431 1229 1471 aduersus
1243 1432 1452 1471 Faustum
1465 1432 1762 1471 Manichaeum
1775 1430 1839 1477 16,

233 1495 327 1533 cap.
350 1494 415 1534 24,
436 1483 481 1522 in
500 1483 617 1523 libris
636 1498 723 1524 non
743 1499 829 1525 vna
849 1486 1061 1525 aeditione
1081 1486 1258 1533 excusis,
1280 1487 1339 1525 sic
1359 1486 1600 1525 habebatur
1619 1486 1840 1537 scriptum,

171 1537 213 1577 85
235 1536 244 1551 ⁴
265 1537 400 1584 Quem
414 1538 622 1577 Dominus
637 1539 755 1578 Iesus
769 1540 960 1580 Christus
974 1540 1122 1580 eadem
1136 1540 1504 1580 commendatione
1519 1544 1838 1587 commemorat,

231 1591 406 1643 eiusque
429 1594 674 1632 autoritatis
696 1594 922 1642 adductae,
945 1608 1091 1634 eorum
1112 1595 1267 1634 refellit
1287 1608 1469 1634 errorem
1491 1595 1840 1634 resurrectionem

232 1647 481 1697 negantium
501 1647 509 1662 '
531 1660 540 1694 ;
596 1661 729 1699 quum
766 1650 811 1688 in
849 1654 1098 1701 peruetusto
1137 1650 1280 1689 codice
1318 1654 1556 1701 superesset
1592 1650 1841 1701 incorrupta

232 1701 455 1751 scriptura,
480 1701 488 1715 ‘
502 1703 775 1755 eiusdemque
797 1705 1030 1744 autoritate
1050 1704 1419 1744 Sadduccaeorum
1441 1704 1595 1744 refellit
1615 1717 1798 1743 errorem
1815 1703 1839 1742 '.

231 1754 370 1794 Notat
410 1756 522 1795 enim
563 1757 828 1809 Augustinus
867 1759 1008 1798 locum
1049 1760 1124 1810 qui
1163 1759 1344 1798 refertur
1384 1759 1595 1798 Matthaei
1635 1772 1728 1810 cap.
1772 1769 1838 1797 22.

168 1819 215 1850 90
232 1808 396 1848 Rursus
417 1809 514 1849 libri
539 1811 603 1858 16,
629 1825 721 1864 cap.
746 1824 812 1863 33,
837 1814 1048 1865 scriptura
1071 1818 1163 1852 erat
1187 1813 1383 1852 bifariam
1407 1814 1657 1866 deprauata,
1682 1818 1690 1828 ⁴
1711 1813 1839 1852 Vides

233 1876 506 1916 nequaquam
526 1865 535 1882 ²
566 1866 635 1905 'vel
666 1867 674 1882 ⁶
694 1868 814 1908 vides
842 1881 895 1908 ne
925 1869 1232 1920 qua<m>quam
1248 1868 1271 1916 '‚
1303 1881 1437 1920 quum
1466 1868 1736 1908 scribendum
1764 1868 1836 1914 sit,

234 1917 245 1933 ‘
260 1917 442 1958 Videsne
463 1932 593 1972 quam
615 1921 695 1961 tibi
716 1935 803 1962 non
824 1922 964 1962 dicam
979 1923 1002 1970 ³,
1020 1927 1102 1963 etc.
1153 1923 1346 1975 Respicit
1363 1924 1476 1962 enim
1495 1923 1761 1975 Augustinus
1780 1921 1837 1960 ad

232 1985 283 2012 ea
310 1973 442 2013 verba
469 1974 618 2014 Fausti
647 1988 757 2026 quae
784 1982 1101 2029 praecesserant
1127 1978 1316 2017 eiusdem
1343 1977 1438 2017 libri
1467 1990 1559 2029 cap.
1590 1978 1614 2016 8
1635 1990 1644 2016 ;
1691 1977 1700 1992 ‘
1719 1976 1836 2016 Alias

232 2027 387 2078 inquit,
407 2028 431 2043 “
449 2028 493 2068 Si
510 2029 774 2070 Christianus
790 2044 846 2079 es,
865 2032 987 2072 crede
1003 2032 1162 2072 dicenti
1178 2032 1358 2080 Christo,
1377 2033 1478 2084 quia
1494 2032 1547 2071 de
1562 2044 1651 2071 sese
1668 2031 1836 2083 scripsit

169 2093 212 2125 95
231 2080 382 2121 Moses.
433 2082 557 2130 Quod
576 2085 611 2123 si
630 2097 718 2124 non
737 2086 885 2134 credis,
906 2087 1170 2126 Christianus
1189 2100 1275 2126 non
1294 2087 1383 2126 es.''
1433 2086 1587 2138 Inepta
1607 2099 1772 2138 semper
1791 2089 1835 2124 et

231 2136 441 2175 imbecilla
458 2140 675 2189 responsio
692 2144 769 2187 est,
786 2141 890 2179 nihil
905 2141 1157 2180 habentium
1175 2141 1292 2192 quod
1307 2141 1537 2181 ostendant
1553 2141 1576 2180 '.
1624 2141 1834 2188 Quoniam

231 2190 361 2241 igitur
403 2191 590 2231 Faustus
631 2193 791 2233 fecerat
833 2195 1121 2247 Augustinum
1164 2196 1230 2235 his
1273 2196 1413 2235 verbis
1455 2196 1716 2247 loquentem,
1762 2195 1770 2209 ‘
1790 2194 1834 2234 Si

232 2244 497 2286 Christianus
518 2260 575 2294 es,
600 2248 722 2288 crede
745 2249 904 2289 dicenti
927 2250 1122 2298 Christo,'
1147 2255 1243 2297 eto„
1267 2250 1533 2302 Augustinus
1554 2254 1683 2302 negat
1706 2262 1749 2288 se
1771 2250 1834 2288 ita

232 2311 329 2338 cum
348 2299 509 2340 Fausto
526 2314 661 2354 agere.
707 2303 768 2342 Ac
787 2316 888 2343 mox
904 2305 949 2343 in
966 2304 1115 2345 eodem
1133 2317 1225 2357 cap.
1245 2316 1310 2354 33,
1333 2308 1341 2319 ⁴
1360 2305 1401 2344 N
1403 2317 1448 2344 00
1466 2304 1572 2343 illud
1588 2304 1670 2343 sibi
1686 2308 1834 2356 patere

151 2364 215 2387 100
231 2355 557 2406 praecipitium,'
577 2361 669 2396 erat
687 2357 970 2409 deprauatum
988 2372 1066 2411 pro
1083 2372 1133 2399 eo
1151 2359 1267 2411 quod
1284 2363 1448 2398 rectum
1466 2362 1573 2405 erat,
1595 2359 1603 2373 ‘
1622 2358 1663 2398 Ν
1665 2371 1711 2397 00
1728 2357 1834 2397 illud

230 2409 311 2447 siui
330 2413 478 2460 patere
494 2410 516 2449 '.
574 2411 776 2451 Eiusdem
803 2413 899 2453 libri
927 2427 1020 2466 cap.
1051 2414 1089 2462 6,
1117 2415 1163 2453 in
1189 2413 1331 2453 verbis
1357 2413 1520 2460 Fausti,
1550 2413 1623 2464 qui
1650 2412 1834 2452 referens

230 2462 390 2502 idioma
413 2467 617 2505 sermonis
640 2479 693 2505 ex
717 2471 860 2507 vetere
883 2469 1163 2508 translatione
1187 2468 1367 2516 dixerat,
1396 2468 1404 2482 ‘
1424 2468 1620 2507 Virorum
1644 2468 1832 2507 virorum

231 2518 422 2569 quisquis
440 2518 521 2558 hoc
548 2533 633 2559 non
651 2523 895 2573 gestauerit,
918 2522 1300 2570 exterminabitur,'
1327 2523 1670 2574 deprauauerant
1691 2522 1699 2537 ‘
1714 2526 1831 2561 vtro-

230 2584 325 2611 rum
340 2573 528 2612 virorum
545 2574 567 2614 '.
608 2575 721 2615 Nam
735 2576 920 2617 Hebraei
933 2578 1083 2618 dicunt
1099 2578 1108 2593 ⁶
1122 2578 1203 2617 viri
1216 2578 1297 2617 viri
1312 2577 1321 2592 ²
1334 2590 1412 2629 pro
1429 2577 1437 2591 ‘
1452 2577 1696 2629 quicunque
1711 2577 1791 2617 viri
1807 2576 1832 2615 '.

276 2643 330 2682 83.
356 2642 463 2676 faciet
479 2645 585 2678 Lond.
678 2655 733 2685 91.
759 2658 803 2680 ne
821 2659 1038 2691 quamquam
1056 2648 1181 2690 scripsi
1195 2660 1203 2681 ε
1236 2658 1459 2690 nequaquam
1477 2660 1507 2680 a.
1608 2655 1684 2687 103.
1710 2646 1831 2689 depra-

231 2690 358 2717 uarant
376 2688 481 2721 Lond.

277 2775 330 2815 78.
359 2775 547 2817 Cypriane]
567 2776 629 2809 See
648 2777 715 2819 Ep.
735 2787 829 2810 1000.
1066 2779 1259 2810 correction
1285 2778 1315 2809 is
1343 2788 1524 2819 necessary
1552 2777 1641 2809 herc.
1695 2777 1712 2808 I
1741 2776 1830 2809 have

276 2820 328 2856 84.
354 2829 426 2850 non
444 2830 514 2852 vna
531 2820 722 2860 aeditione]
741 2822 758 2853 I
778 2825 908 2853 cannot
925 2822 999 2853 find
1065 2822 1221 2864 adopted
1256 2822 1316 2853 the
1352 2821 1494 2863 reading
1531 2821 1565 2852 of
1601 2819 1830 2852 Amorbach's

229 2871 301 2902 any
328 2862 461 2894 edition
492 2863 526 2895 of
555 2864 651 2895 these
681 2864 789 2897 books
816 2865 897 2897 that
924 2866 995 2897 had
1064 2866 1211 2898 edition.
1261 2866 1298 2897 It
1322 2865 1352 2896 is
1379 2864 1574 2897 noticeable
1598 2863 1678 2895 that
1702 2864 1741 2895 in
1766 2863 1828 2895 the

230 2909 290 2946 yet
309 2906 494 2946 appeared,
513 2911 638 2949 except
655 2908 750 2940 John
766 2909 998 2943 Amorbach’s
1066 2912 1144 2941 text
1165 2909 1201 2940 of
1225 2910 1353 2950 1528-9
1375 2917 1583 2949 nequaquam
1599 2906 1671 2938 still
1692 2907 1828 2945 stands,

231 2949 266 2980 Of
289 2952 382 2988 1500.
1065 2952 1235 2994 although
1274 2952 1450 2984 Erasmus’
1493 2951 1693 2991 conjecture
1726 2951 1828 2982 made

272 3001 328 3031 91.
353 3003 397 3024 ne
445 2995 676 3037 quamquam]
722 2997 857 3039 Clearly
903 3007 998 3030 some
1066 2996 1147 3028 here
1164 2996 1226 3028 has
1244 2995 1330 3028 been
1347 2994 1502 3036 adopted
1521 2994 1566 3036 by
1583 2993 1671 3026 later
1687 2995 1828 3028 editors.
