2012 3370
226 127 302 166 168
691 125 947 166 LETTERS
978 126 1050 167 OF
1080 127 1344 171 ERASMUS
1694 133 1819 183 [1523

222 238 403 289 negociis
430 238 663 289 plerunque
689 243 896 286 versatur,
924 243 968 278 et
995 239 1049 278 ob
1075 239 1290 291 publicam
1316 239 1673 291 tranquillitatem
1698 244 1818 280 tuen-

221 291 334 339 dam,
358 305 444 330 non
466 306 630 344 semper
650 306 700 332 ea
721 298 864 345 potest
885 294 1077 333 obtinere
1097 307 1207 345 quae
1227 295 1428 346 perspicit
1448 307 1537 333 esse
1557 295 1791 334 rectissima
1810 307 1820 334 z

142 360 205 393 190
221 350 367 385 tamen
398 347 479 385 hoc
510 347 569 385 illi
601 351 714 386 certe
746 348 982 399 praestabit
1015 348 1143 387 semel
1174 348 1330 388 hausta
1361 349 1532 400 penitus
1564 349 1821 400 Euangelica

221 400 500 452 philosophia,
530 405 592 446 vt,
622 407 833 452 quantum
861 406 1016 453 potest,
1047 416 1211 454 semper
1237 403 1293 442 ad
1320 416 1369 442 ea
1397 415 1506 454 quae
1526 402 1681 443 Christi
1701 416 1818 455 prae-

222 456 356 505 ceptis
382 459 480 493 sunt
507 457 700 507 proxima
726 457 902 503 nitatur,
930 461 974 496 et
999 470 1129 508 quam
1155 458 1377 497 minimum
1402 471 1428 496 a
1453 470 1580 509 scopo
1605 457 1819 497 deflectat.

222 507 273 547 Id
291 521 424 557 quum
441 509 485 547 in
503 510 700 549 omnibus
717 515 914 562 optemus
931 512 1005 562 qui
1022 525 1087 551 res
1104 512 1312 551 humanas
1329 513 1374 551 in
1390 513 1512 551 terris
1530 511 1819 559 moderant-ur,

221 566 366 601 tamen
400 563 444 600 in
478 568 535 610 te,
572 564 850 612 Ferdinande,
888 579 1142 617 magnopere
1176 579 1394 618 speramus
1428 567 1572 614 etiam,
1609 570 1659 606 vt
1693 578 1821 617 quem

142 632 198 664 195
221 617 463 656 nouerimus
484 631 510 656 a
532 619 678 669 primis
700 621 822 659 annis
845 621 947 659 mire
971 633 1226 672 propensum
1249 621 1304 660 ad
1327 621 1607 672 Euangelicae
1629 620 1822 660 lectionis

221 684 421 718 amorem,
462 673 622 724 quippe
660 675 734 724 qui
770 687 857 713 non
895 675 1044 714 solitus
1081 676 1137 714 sis
1174 675 1254 715 hoc
1291 677 1494 727 temporis
1531 688 1618 727 quo
1654 687 1822 715 sacrum

219 726 384 777 peragit
400 727 607 774 sacerdos,
625 728 692 767 vel
708 729 1011 780 superstitiosis
1026 730 1353 780 precatiunculis
1369 729 1436 769 vel
1451 729 1612 769 friuolis
1627 729 1823 780 alloquiis

220 784 367 827 terere,
383 781 743 831 quemadmodum
766 782 953 833 plerique
974 788 1225 834 magnatum
1244 784 1394 831 solent,
1415 784 1489 823 sed
1509 788 1658 835 aperto
1679 784 1822 823 codice

221 834 477 885 Euangelico
501 840 742 876 reuerenter
765 838 970 888 inspicere
994 837 1098 888 quid
1123 837 1293 877 doceret
1316 839 1405 877 eius
1429 838 1512 878 diei
1537 838 1604 878 vel
1629 838 1825 890 Epistola

138 904 205 927 200
221 888 288 927 vel
309 889 602 941 Euangelium.
661 891 749 930 Nec
770 890 1019 931 dubitamus
1039 892 1144 943 quin
1163 893 1234 931 isti
1255 893 1462 943 pueritiae
1481 897 1583 932 tuae
1603 892 1823 944 specimini

221 943 405 983 multum
426 944 627 984 adiecerit
647 946 803 985 aetatis
823 947 1019 985 accessio.
1077 946 1165 986 Nec
1187 946 1408 986 mediocris
1428 959 1524 998 spes
1543 951 1609 986 est
1628 947 1823 986 futurum

220 1002 271 1036 vt
297 1002 422 1036 tuum
449 999 566 1038 istud
594 1000 836 1051 exemplum
865 1013 994 1052 quam
1023 1000 1193 1052 plurimi
1222 1001 1466 1040 mortalium
1494 1002 1652 1053 passim
1680 1014 1822 1041 aemu-

218 1051 373 1091 lentur.
432 1053 604 1092 Etenim
621 1058 671 1093 vt
688 1055 894 1094 viciorum
912 1056 1109 1106 contagia
1125 1055 1323 1094 facillime
1340 1060 1517 1108 serpunt
1533 1055 1589 1095 ad
1604 1055 1824 1108 plurimos,

219 1119 245 1144 a
287 1108 572 1146 summatibus
614 1109 716 1148 viris
757 1108 962 1161 profecta,
1006 1110 1068 1148 ita
1110 1110 1284 1150 virtutis
1326 1110 1569 1161 exemplum
1611 1110 1824 1150 celerrime

136 1176 200 1210 205
219 1161 545 1201 commendatur
568 1163 777 1210 omnibus,
803 1164 837 1202 si
860 1176 886 1202 a
909 1164 1031 1203 claris
1054 1164 1276 1204 autoribus
1297 1164 1428 1204 fuerit
1449 1169 1660 1204 exortum.

275 1214 447 1263 Quanta
469 1216 599 1256 fuerit
621 1217 721 1256 olim
745 1217 1028 1270 Euangelicae
1049 1218 1269 1258 doctrinae
1291 1220 1505 1266 maiestas,
1530 1219 1598 1259 vel
1619 1220 1727 1260 ritus
1749 1219 1826 1265 illi3

219 1282 327 1321 quos
350 1283 403 1309 ex
427 1272 687 1323 antiquitate
712 1272 895 1312 traditos
918 1274 1154 1312 etiamnum
1178 1278 1323 1313 seruat
1346 1273 1547 1321 Ecclesia,
1573 1273 1723 1314 docere
1746 1286 1824 1313 nos

219 1328 436 1375 poterunt.
495 1325 637 1365 Codex
668 1326 851 1366 habetur
882 1340 998 1375 auro,
1032 1328 1170 1375 ebore,
1203 1329 1380 1380 gemmis
1411 1327 1585 1380 pulchre
1617 1332 1825 1374 ornatum

218 1379 331 1417 inter
362 1392 482 1418 sacra
510 1380 702 1431 religiose
730 1385 949 1429 seruatur3
998 1395 1085 1421 non
1115 1383 1205 1422 sine
1236 1384 1510 1423 veneratione
1539 1384 1714 1435 ponitur
1745 1386 1823 1422 aut

139 1449 204 1473 210
220 1434 417 1472 sumitur.
476 1433 645 1473 Petitur
682 1448 708 1473 a
745 1435 966 1475 sacerdote
1004 1437 1316 1487 pronunciandi
1348 1437 1563 1485 facultas;
1617 1437 1669 1477 fit
1704 1449 1823 1477 sacer

220 1500 244 1526 e
277 1487 417 1535 thure,
448 1492 600 1536 stacte,
632 1490 807 1540 myrrha
841 1495 884 1529 et
918 1491 1103 1541 galbano
1136 1491 1330 1538 suffitus;
1380 1491 1544 1531 frontes
1573 1496 1618 1531 et
1647 1496 1824 1544 pectora

220 1541 443 1592 signantur
489 1543 624 1581 crucis
668 1544 865 1594 imagine,
913 1545 1131 1584 submissis
1179 1545 1412 1584 ceruicibus
1458 1545 1648 1585 defertur
1693 1545 1826 1597 gloria

221 1595 434 1642 Domino;
481 1597 715 1648 assurgitur
744 1598 798 1636 ab
828 1599 1037 1646 omnibus,
1070 1603 1237 1638 astatur
1265 1603 1405 1639 erecto
1435 1613 1621 1651 corpore,
1651 1600 1826 1640 nudatis

222 1650 446 1700 capitibus,
477 1652 650 1690 arrectis
678 1652 863 1699 auribus,
894 1653 1205 1693 venerabundis
1233 1654 1377 1694 oculis.
1435 1654 1503 1693 Ad
1530 1654 1628 1694 Iesu
1655 1668 1824 1701 nomen,

138 1722 200 1755 215
221 1705 388 1755 quoties
422 1705 586 1752 incidit,
623 1711 856 1745 curuantur
890 1720 1055 1758 genua:
1107 1721 1208 1747 mox
1242 1721 1398 1760 magna
1432 1709 1630 1760 religione
1664 1709 1827 1760 pectori

222 1758 422 1798 admotus
445 1759 578 1799 codex
602 1760 893 1808 circuniertur,
919 1762 1061 1801 osculo
1085 1762 1345 1814 singulorum
1369 1762 1624 1810 adorandus,
1649 1763 1825 1803 tandem

220 1813 331 1851 inter
377 1826 496 1853 sacra
541 1819 782 1854 reuerenter
827 1817 1058 1867 reponitur.
1128 1817 1223 1856 Hae
1263 1818 1524 1857 ceremoniae
1564 1817 1668 1868 quid
1709 1817 1825 1857 aliud

221 1867 343 1906 nobis
360 1867 606 1919 loquuntur,
627 1869 731 1920 quid
750 1869 866 1909 aliud
885 1875 1073 1918 monent,
1093 1884 1223 1923 quam
1242 1872 1347 1911 nihil
1364 1876 1559 1924 oportere
1577 1872 1826 1912 Christianis

221 1922 440 1973 antiquius
472 1936 575 1969 esse,
611 1924 716 1962 nihil
750 1924 931 1971 charius,
966 1925 1070 1964 nihil
1105 1926 1400 1973 venerabilius,
1435 1939 1566 1977 quam
1601 1926 1825 1966 coelestem

138 1994 203 2018 220
219 1975 336 2015 illam
353 1976 678 2029 philosophiam,
697 1991 827 2029 quam
845 1980 1042 2018 omnibus
1059 1980 1249 2020 Christus
1268 1981 1358 2032 ipse
1372 1981 1576 2028 tradidit;
1610 1994 1740 2032 quam
1758 1985 1828 2020 tot

220 2030 306 2068 iam
342 2030 490 2070 seculis
537 2032 671 2071 totius
707 2033 819 2072 orbis
855 2047 1082 2074 consensus
1129 2035 1437 2087 comprobauit,
1477 2048 1587 2086 quae
1624 2035 1714 2074 sola
1747 2049 1825 2075 nos

220 2083 362 2123 reddit
382 2085 585 2125 aduersus
606 2086 718 2126 hunc
739 2087 947 2127 mundum
968 2093 1013 2128 et
1032 2089 1157 2128 huius
1178 2089 1327 2128 mundi
1355 2090 1588 2141 principem
1608 2090 1824 2130 inuictos?

276 2138 359 2178 Sed
381 2140 743 2190 quemadmodum
766 2142 929 2192 optimo
952 2143 1042 2182 iure
1064 2143 1386 2194 reprehenditur
1408 2143 1664 2184 Iudaeorum
1687 2145 1825 2184 inanis

221 2205 271 2231 ac
308 2197 581 2244 praepostera
616 2194 772 2246 religiO,
812 2196 886 2245 qui
922 2196 1024 2248 legis
1059 2210 1159 2237 suae
1192 2198 1379 2238 codicem
1411 2199 1519 2238 mira
1553 2199 1826 2239 veneratione

139 2265 202 2298 225
222 2252 538 2298 prosequuntur
557 2261 565 2294 ;
602 2249 881 2289 substernunt
901 2251 1179 2290 mundissima
1198 2252 1342 2299 lintea,
1364 2252 1604 2304 procidunt,
1627 2253 1823 2300 adorant,

222 2314 309 2339 non
331 2306 601 2341 contrectant
622 2303 703 2342 nisi
725 2304 841 2355 puris
864 2305 1060 2344 manibus
1080 2318 1088 2352 ;
1128 2319 1261 2357 quum
1284 2319 1334 2346 ea
1357 2320 1466 2357 quae
1488 2307 1712 2358 praecipue
1755 2307 1824 2346 lex

223 2355 361 2402 docet,
384 2356 513 2407 impie
534 2356 750 2408 negligant
769 2371 777 2397 :
815 2358 878 2397 ita
899 2359 1022 2398 nobis
1043 2360 1277 2399 curandum
1300 2365 1365 2400 est
1385 2374 1439 2400 ne
1460 2373 1590 2411 quam
1612 2374 1758 2401 sumus
1779 2362 1824 2401 in

224 2411 469 2449 ceremoniis
508 2411 688 2462 religiosi
728 2412 911 2452 cultores
950 2413 1184 2465 Euangelii,
1225 2419 1316 2453 tam
1356 2416 1614 2466 reperiamur
1652 2416 1697 2454 in
1736 2429 1823 2455 non

222 2463 489 2503 obseruando
507 2466 729 2516 prophani.
789 2467 998 2514 Quorsum
1017 2469 1129 2507 enim
1148 2469 1305 2508 attinet
1323 2469 1455 2509 codex
1474 2469 1611 2516 ebore,
1632 2474 1822 2522 argento,

140 2535 206 2570 230
224 2531 340 2565 auro,
371 2519 514 2567 serico,
545 2521 720 2571 gemmis
749 2526 992 2570 exornatus,
1023 2523 1057 2562 si
1085 2527 1232 2562 nostra
1259 2524 1351 2563 vita
1379 2523 1573 2563 sordibus
1601 2525 1821 2572 viciorum,

712 2635 784 2667 214.
809 2637 828 2654 α
844 2625 927 2657 LB:
959 2626 1226 2659 venerabundus
1242 2640 1262 2658 ι.

224 2725 500 2790 0h1¹131i1023e1¹1³23
504 2716 991 2803 zssissfflffigssffiaffindtss
1053 2718 1676 2796 35033353‘}thfisssshs‘essss‘l’ffl'gssffi
1689 2721 1822 2797 ffisslfi

225 2800 284 2831 the
314 2811 466 2833 summer
495 2803 530 2834 of
563 2806 643 2844 1518
677 2805 756 2846 (Ep.
787 2807 862 2845 846.
898 2807 989 2846 15n),
1054 2806 1089 2837 It
1100 2806 1130 2837 is
1142 2806 1303 2847 possible,
1316 2806 1486 2845 however,
1499 2808 1578 2839 that
1590 2808 1633 2839 he
1643 2809 1673 2839 is
1685 2809 1819 2840 record·

225 2843 390 2876 Erasmus
420 2855 486 2877 can
516 2846 598 2889 only
627 2847 717 2879 have
747 2848 818 2880 had
847 2849 989 2880 second-
1051 2849 1112 2890 ing
1136 2849 1191 2880 his
1216 2859 1293 2881 own
1318 2850 1558 2882 observations
1582 2851 1684 2883 made
1709 2851 1817 2890 then;

225 2886 319 2918 hand
346 2887 561 2931 knowledge,
587 2890 729 2923 derived
754 2891 845 2924 from
873 2892 990 2924 others
1054 2892 1125 2924 and
1146 2903 1265 2924 means
1286 2893 1365 2925 here
1387 2894 1467 2926 that
1488 2894 1547 2926 the
1567 2894 1662 2936 lapse
1685 2895 1720 2927 of
1740 2895 1820 2928 four

224 2930 282 2970 (cf.
308 2930 373 2971 Ep.
398 2941 463 2973 917
487 2934 642 2974 introd),
665 2945 703 2966 as
727 2938 765 2967 to
787 2935 848 2967 the
871 2945 988 2977 young
1053 2946 1166 2977 years,
1181 2936 1272 2968 from
1291 2938 1330 2968 16
1350 2940 1387 2968 to
1409 2946 1464 2974 20,
1481 2937 1551 2969 had
1570 2937 1722 2979 brought
1737 2938 1816 2971 Fer-

223 2973 371 3015 prince’s
390 2975 541 3007 conduct
559 2987 607 3018 up
626 2981 663 3009 to
682 2978 762 3010 that
780 2978 871 3010 date.
916 2979 989 3011 But
1053 2979 1187 3011 dinand
1202 2979 1293 3011 from
1313 2978 1321 2992 ⁶
1335 2980 1487 3021 pueritia
1500 2981 1508 2993 ’
1528 2984 1565 3012 to
1581 2982 1768 3014 manhood.

225 3017 272 3058 by
294 3016 392 3059 April
418 3027 501 3061 1519
524 3019 628 3062 (Epp.
652 3030 727 3062 943.
751 3031 807 3062 23,
829 3031 904 3063 970.
930 3023 987 3062 24)
1095 3033 1168 3065 223.
1194 3022 1419 3063 Iudaeorum]
1435 3023 1485 3056 Cf.
1503 3024 1568 3066 Ep.
1590 3026 1683 3057 1006.
1706 3035 1803 3067 142n.
