2012 3370
65 144 185 194 1488]

537 143 608 181 ΤΟ
639 141 896 180 WILLIAM
926 139 1188 180 WARHAM
1582 137 1660 175 535

61 255 160 290 cant
183 252 320 290 amici.
372 249 573 301 Theologi
595 249 771 299 quidam
794 261 844 286 ac
866 248 1063 287 monachi
1085 248 1191 287 nihil
1212 260 1299 286 non
1321 246 1555 285 moliuntur
1578 258 1663 296 quo

60 318 127 344 me
143 305 339 357 perdant.
384 304 467 344 Sed
482 303 586 342 nulli
601 302 791 341 fremunt
807 303 996 341 insanius
1013 315 1142 353 quam
1159 302 1231 340 isti
1248 302 1321 352 qui
1337 313 1381 340 se
1397 299 1665 339 Lutheranos

60 359 292 410 appellant,
312 371 445 410 quum
463 358 615 396 horum
632 357 906 407 intemperiae
925 356 1162 394 detestetur
1181 357 1310 394 etiam
1328 356 1418 406 ipse
1437 353 1662 393 Lutherus.

61 413 252 453 Clemens
279 413 485 463 septimus
511 412 628 450 misit
654 410 935 450 honorificum
958 410 1095 450 Breue
1122 423 1219 448 cum
1243 413 1416 448 centum
1441 407 1662 460 angelatis,
1687 420 1722 452 15

62 469 222 506 maiora
242 467 443 518 pollicens
463 479 471 506 :
510 465 723 511 Stunicae,
747 465 821 516 qui
842 463 1007 502 nullum
1027 463 1267 502 insaniendi
1288 463 1415 502 finem
1437 461 1666 502 Videbatur

60 521 264 568 facturus,
305 520 520 560 silentium
557 519 775 570 imposuit.

61 642 189 669 vocor
221 630 266 669 in
301 628 495 669 Galliam.

61 683 192 735 ampli
228 687 462 735 prouentus
483 697 492 731 ;

61 738 212 777 auidus
240 741 284 777 et
311 737 430 776 breui
457 737 701 775 moriturus.

842 517 1009 568 Regum
1048 518 1281 556 amicitiam
1319 517 1526 556 hactenus
1565 515 1663 555 alui.

61 575 155 615 Rex
187 575 419 615 Galliarum
451 573 700 613 Franciscus
730 573 967 614 incredibili
998 575 1064 612 est
1093 572 1138 611 in
1170 585 1237 610 me
1269 571 1440 610 affectu.

1502 570 1666 609 Rursus

559 627 718 666 Parata
752 631 818 666 est
850 626 1104 678 iampridem
1138 626 1419 665 Thesauraria
1452 625 1664 663 Turonen.

545 681 619 721 sed
656 681 779 721 taleis
817 682 1002 720 sarcinas
1039 680 1145 719 nihil
1182 692 1335 726 moror,
1374 684 1419 719 et
1454 678 1666 718 libertatis
1684 693 1727 716 20

758 735 890 774 Amat
917 747 966 774 ac
993 734 1114 773 fauet
1141 733 1449 780 Ferdinandus‚
1479 734 1553 784 qui
1579 733 1665 771 iam

61 805 186 843 saepe
217 792 397 843 scripsit,
431 803 480 830 ac
510 803 646 842 nuper
676 790 793 829 misit
824 793 997 829 centum
1028 801 1190 828 aureos.

1252 787 1429 827 Polonia
1460 800 1555 826 mea
1585 790 1663 831 est,

61 850 105 885 et
126 845 241 898 apud
263 845 478 897 Hispanos
498 844 590 884 fato
613 844 801 896 quodam
822 844 979 895 incipio
1000 856 1089 882 esse
1111 843 1335 894 gratiosus.

114 899 153 939 A
188 899 529 940 Lutheranorum
564 898 724 938 harena
757 898 908 937 lubens
943 897 1257 943 abstinuissem,
1294 896 1424 947 idque
1459 895 1667 934 hactenus

61 955 166 993 totis
196 953 358 994 viribus
386 967 482 994 sum
509 957 718 1000 conatus;
766 953 841 992 sed
870 953 957 991 iam
988 951 1152 1004 pridem
1184 951 1238 990 ab
1270 951 1417 990 amicis
1448 962 1543 1001 spes
1574 952 1665 988 erat
1685 964 1703 986 2
1711 963 1725 994 5

60 1009 217 1048 iniecta
239 1007 437 1048 Pontifici
460 1021 508 1047 ao
533 1007 721 1059 Regibus
743 1006 833 1046 fore
855 1011 907 1047 vt
928 1006 1090 1058 aliquid
1113 1005 1320 1052 aederem,
1346 1017 1526 1055 eamque
1548 1015 1667 1055 spem

61 1066 106 1102 et
130 1063 220 1114 ipse
246 1066 464 1114 Vtcunque
490 1062 689 1113 pollicitis
715 1061 916 1101 alueram.
973 1060 1017 1100 Si
1041 1060 1147 1100 nihil
1172 1059 1396 1111 prodisset,
1425 1057 1668 1097 habuissem

61 1116 154 1156 illos
179 1116 378 1164 infensos,
407 1116 562 1168 quibus
588 1117 704 1155 visus
730 1116 905 1156 fuissem
932 1114 1159 1154 obtrudere
1186 1113 1375 1166 palpum.
1434 1111 1666 1162 Simulque,

92 1172 265 1211 uoniam
295 1183 438 1210 rumor
466 1171 596 1212 libelli
627 1171 835 1224 prodituri
862 1171 947 1209 iam
975 1169 1092 1221 apud
1117 1181 1263 1208 omnes
1294 1180 1465 1220 sparsus
1491 1170 1597 1212 erat,
1624 1170 1670 1206 et

99 1225 330 1265 utheranos
348 1225 591 1265 habuissem
608 1226 850 1276 miquiores,
871 1225 945 1276 qui
964 1223 1031 1263 vel
1050 1227 1169 1263 metu
1187 1236 1254 1262 me
1272 1234 1461 1274 premere
1479 1220 1668 1260 libellum
1689 1235 1729 1266 30

63 1279 391 1332 praedicassent,
425 1280 494 1320 Vel
525 1280 710 1318 atrocius
742 1279 904 1330 aliquid
935 1291 1066 1329 quam
1096 1290 1162 1317 res
1193 1276 1326 1316 habet
1357 1278 1668 1328 expectassent.

64 1333 184 1374 Certe
201 1334 260 1373 sie
278 1334 534 1374 obturauero
552 1347 598 1372 os
613 1334 719 1381 istis,
739 1334 813 1385 qui
829 1332 1090 1385 principibus
1107 1331 1304 1371 omnibus
1321 1331 1401 1370 hoc
1418 1328 1669 1382 persuadere

65 1392 286 1435 conantur,
318 1388 421 1427 mihi
450 1401 525 1441 per
555 1389 698 1427 omnia
727 1400 951 1426 conuemre
981 1400 1078 1428 cum
1108 1385 1310 1425 Luthero.

1369 1384 1463 1424 Hoc
1493 1382 1669 1435 quidam

66 1446 273 1482 conantur
298 1442 395 1482 odio
419 1443 516 1489 mei,
542 1455 627 1493 quo
652 1455 720 1481 me
743 1441 1006 1493 principibus
1029 1440 1214 1480 reddant
1236 1440 1423 1479 inuisum
1443 1452 1451 1485 ;
1493 1437 1669 1489 quidam

67 1501 115 1536 vt
137 1509 232 1536 meo
256 1495 442 1549 periculo
466 1509 639 1536 causam
663 1495 839 1536 Lutheri
862 1495 1046 1534 reddant
1069 1493 1390 1535 vincibiliorem.

119 1550 430 1603 Hieronymum
454 1550 511 1590 ad
533 1554 578 1590 te
601 1551 730 1590 mitto
749 1564 757 1598 ;
797 1550 989 1590 nondum
1013 1552 1185 1601 poterat
1209 1548 1423 1600 compingi
1448 1546 1501 1586 ob
1525 1558 1671 1585 recens

65 1609 368 1646 atramentum.
425 1605 719 1648 Sacerdotium
746 1604 852 1644 nihil
880 1617 1032 1651 moror,
1062 1603 1191 1643 modo
1219 1603 1335 1642 Deus
1363 1601 1468 1641 velit
1495 1605 1538 1640 te
1567 1599 1671 1639 mihi

66 1661 338 1712 superstitem
357 1673 459 1699 esse.

517 1659 675 1711 Accepi
694 1659 759 1699 bis
779 1659 925 1698 decem
944 1658 1087 1705 libras,
1109 1657 1265 1697 alteras
1285 1669 1392 1709 quas
1412 1669 1465 1695 ex
1485 1654 1671 1694 Potkino

65 1714 251 1754 reddidit
275 1714 494 1768 Hispanus
518 1714 668 1761 Dassa,
695 1715 738 1753 ni
764 1713 914 1753 fallor:
958 1713 1114 1752 alteras
1139 1711 1289 1751 attulit
1314 1711 1397 1750 huc
1422 1709 1672 1749 Franciscus

67 1768 369 1816 Bercmannus,
389 1773 543 1809 nactus
561 1768 688 1808 isthic
707 1780 760 1808 ex
779 1767 1011 1819 bibliopola
1030 1766 1232 1818 quodam,
1254 1778 1388 1818 quum
1408 1763 1513 1804 nihil
1531 1775 1671 1802 rerum
1690 1780 1734 1810 4¹>

811 1822 894 1862 Pro
922 1825 1050 1861 aucta
1078 1821 1280 1873 pensione
1307 1819 1446 1859 habeo
1473 1817 1669 1870 gratiam.

66 1876 176 1917 Male
207 1878 263 1917 sit
292 1878 386 1917 istis
417 1877 536 1917 bellis
567 1890 677 1929 quae
707 1890 785 1916 nos
815 1877 944 1916 toties
976 1876 1204 1915 decimant.

67 1835 257 1863 mearum
284 1822 345 1863 illi
372 1823 500 1862 velim
528 1822 754 1862 committi.

1266 1874 1400 1925 Atqui
1431 1871 1673 1912 arbitrabar

67 1932 289 1983 pensiones
309 1945 398 1971 esse
418 1931 572 1971 liberas
593 1931 648 1971 ab
669 1930 976 1970 exactionibus.

116 2094 164 2126 15.
192 2083 318 2124 Breue]
335 2084 399 2126 Ep.
423 2086 515 2125 1438.

116 2130 166 2161 16.
191 2127 370 2167 Stunicae]
385 2128 447 2161 See
462 2128 552 2169 App.
574 2137 622 2168 15,
638 2128 674 2160 111
690 2127 758 2160 vol.
774 2127 819 2159 iv.

116 2175 165 2206 18.
192 2170 341 2211 Rursus]
369 2171 441 2204 The
467 2172 658 2204 invitation
685 2171 722 2203 of
752 2180 832 2212 1523

70 2216 148 2257 (Ep.
180 2217 276 2256 1375)
302 2215 459 2248 renewed
484 2215 566 2247 that
590 2214 627 2247 of
655 2223 738 2256 1517
765 2216 835 2254 <see

69 2259 158 2301 Epp.
179 2267 252 2300 522,
272 2259 359 2299 &c.).

118 2313 166 2342 19.
192 2301 435 2342 Thesauraria]
453 2302 516 2335 See
535 2302 599 2344 Ep.
624 2310 718 2342 1434.
741 2311 817 2342 1911.

113 2355 165 2377 20.
191 2344 358 2385 sarcinas]
374 2345 424 2378 Cf.
442 2346 506 2387 Ep.
528 2347 621 2385 1481.
640 2347 717 2386 38n.

157 2388 344 2428 libertatis]
359 2389 409 2421 Cf.
428 2390 492 2430 Ep.
513 2393 606 2429 1434.
623 2392 653 2421 6.

114 2443 166 2465 21.
194 2432 448 2472 Fcrdinandus]
468 2433 530 2465 See
549 2433 640 2475 Epp.
665 2434 758 2473 1376.
784 2442 833 2472 14.

74 2477 167 2516 1386.
189 2478 266 2515 36n.

114 2529 167 2551 22.
193 2519 318 2561 nuper]
347 2520 441 2552 More
470 2520 556 2552 than
585 2531 606 2551 a
634 2530 718 2560 year
745 2530 835 2561 ago:

70 2574 126 2595 800
156 2563 221 2604 Ep.
258 2564 350 2603 1376.
388 2565 503 2603 14-16.
559 2563 627 2595 For
658 2562 834 2595 Erasmus'

71 2607 242 2639 looseness
262 2607 298 2638 in
319 2606 371 2639 his
391 2610 601 2639 statements
621 2606 732 2639 about
752 2607 837 2638 timo

71 2660 127 2682 see
142 2659 320 2732 pssdsszia]
348 2693 430 2725 This
460 2694 660 2735 expression
691 2693 728 2725 of
758 2704 835 2725 cou-

73 2737 204 2769 fidence
225 2746 295 2768 was
317 2747 362 2768 no
383 2736 496 2769 doubt
517 2737 577 2769 the
599 2736 708 2768 result
728 2736 764 2768 of
786 2737 838 2768 his

70 2782 283 2813 intercourse
301 2780 385 2811 wit-h
405 2780 530 2811 Decius
549 2779 628 2820 (Ep.
651 2782 748 2819 1393)
767 2780 836 2811 and

73 2833 167 2856 more
178 2823 333 2864 recently
340 2823 424 2855 with
436 2823 496 2855 the
507 2823 665 2855 brothers
675 2822 792 2863 Lasky
802 2825 838 2855 in

72 2866 174 2907 May:
198 2876 254 2899 see
268 2866 358 2909 Epp.
377 2875 470 2907 1452.
489 2866 606 2905 14-16‚
626 2867 721 2906 1496,
742 2874 837 2906 1502,

73 2911 143 2942 and
174 2919 198 2945 1,
232 2920 290 2951 pp.
329 2919 424 2950 31—3.
482 2909 549 2941 For
587 2909 639 2941 his
673 2909 838 2941 relations

73 2954 158 2986 with
185 2953 318 2985 Poland
344 2953 465 2985 earlier
491 2953 532 2984 cf.
562 2953 651 2995 Epp.
678 2954 754 2994 428.
783 2961 837 2993 41,

73 2999 149 3035 889.
171 3005 220 3038 15,
242 2998 335 3037 1482.
358 3006 407 3036 14.

119 3049 171 3080 23.
197 3041 292 3081 apud
328 3039 517 3081 Hispanos]
552 3040 601 3071 (ff.
640 3040 702 3081 Ep.
745 3049 838 3081 1455.

906 2093 983 2116 2211.

949 2137 1002 2168 27.
1028 2125 1198 2167 alueram]
1225 2126 1275 2159 Cf.
1305 2125 1393 2168 Epp.
1427 2127 1520 2166 1385.
1554 2133 1670 2164 11-13.

907 2173 1001 2211 1386.
1021 2180 1036 2212 5
1053 2181 1138 2212 seq..
1160 2171 1254 2210 1496.
1275 2171 1406 2212 173—63
1436 2169 1506 2201 and
1522 2177 1547 2207 1,
1564 2179 1597 2210 p.
1618 2177 1669 2208 31.

949 2259 1001 2299 36.
1028 2256 1298 2299 Hieronymum]
1314 2256 1386 2289 The
1402 2256 1499 2289 three
1514 2255 1672 2288 volumes

903 2302 938 2334 of
966 2301 1139 2343 Epistolae
1166 2301 1273 2342 only3
1310 2300 1352 2332 cf.
1380 2300 1414 2331 ll.
1449 2300 1535 2341 57—S
1569 2299 1670 2340 infra,

905 2345 974 2377 and
991 2356 1046 2377 800
1064 2346 1129 2387 Ep.
1153 2346 1234 2386 1465
1254 2344 1384 2376 introd-

994 2388 1183 2429 compingi]
1234 2388 1302 2419 For
1352 2386 1452 2418 other
1497 2396 1592 2417 casos
1638 2385 1673 2417 of

906 2432 1014 2464 books
1029 2431 1213 2474 presented
1230 2430 1398 2462 unbouud
1412 2440 1467 2461 800
1485 2429 1573 2470 Epp.
1592 2431 1668 2467 961.

902 2478 1001 2515 66-7,
1032 2477 1125 2516 1361.
1156 2484 1272 2511 10-21‚
1303 2482 1407 2514 1755;
1438 2474 1508 2505 and
1535 2474 1588 2504 for
1612 2473 1671 2503 thc

905 2530 1007 2552 cause
1024 2519 1069 2551 cf.
1087 2520 1152 2560 Ep.
1173 2527 1266 2557 1403.
1284 2526 1362 2557 2311.

949 2572 1001 2604 37.
1028 2560 1285 2600 Sacerdotium]
1338 2561 1400 2593 Sec
1451 2559 1515 2601 Ep.

905 2615 944 2645 72
961 2616 1031 2647 seq.

950 2653 1003 2690 38.
1030 2647 1196 2687 Potkino]
1210 2649 1272 2681 See
1287 2648 1350 2689 Ep.
1369 2648 1440 2685 782.
1457 2657 1514 2685 411.

951 2701 1002 2732 39.
1030 2691 1156 2732 Dassa]
1173 2692 1188 2723 I
1204 2695 1334 2723 cannot
1347 2690 1508 2730 identify.
1548 2689 1578 2721 A
1594 2689 1673 2721 Don

904 2736 999 2768 Juan
1023 2736 1119 2767 Daza
1141 2734 1272 2767 carricd
1295 2733 1494 2775 dispatches
1516 2733 1672 2765 between

906 2779 1067 2821 England
1087 2779 1156 2811 and
1177 2779 1283 2819 Spain
1304 2779 1338 2809 in
1363 2778 1515 2817 1496-7;
1548 2776 1618 2808 end
1638 2777 1673 2808 in

910 2831 995 2863 1300
1022 2832 1092 2854 was
1120 2832 1241 2864 purscr
1268 2822 1303 2853 in
1331 2821 1391 2853 the
1420 2819 1608 2852 household
1639 2819 1675 2851 of

907 2866 1114 2902 Katharinc,
1155 2865 1310 2897 Princcss
1349 2864 1384 2896 of
1423 2862 1548 2896 Walc-s.
1609 2863 1673 2896 See

907 2909 1123 2951 Bergcnroth
1139 2910 1160 2941 i.
1183 2917 1256 2946 170,
1274 2909 1348 2941 288.

948 2962 1003 2992 40.
1031 2951 1283 2991 Bcrcmannus]
1302 2952 1365 2985 Sec
1384 2951 1473 2993 Epp.
1494 2952 1569 2992 258.
1595 2959 1670 2991 1411,

911 2998 1004 3036 1388.
1025 3006 1101 3036 3411.

950 3049 1003 3079 43.
1033 3040 1212 3080 pensiones
1239 3050 1312 3071 csso
1341 3037 1480 3076 liberas]
1513 3038 1674 3068 Erasmus

1575 2568 1669 2599 1-'05-
