2012 3370
171 160 295 209 1390]
705 158 778 197 'ro
808 157 962 197 ιΙΟΗΝ
994 157 1256 196 VLATTEN
1687 159 1764 198 339

170 270 412 322 producere.
462 270 518 309 M.
542 281 642 308 vero
661 268 822 307 Tullius
845 268 946 306 mihi
976 268 1146 306 videtur
1167 281 1259 306 eam
1283 269 1411 306 etiam
1434 269 1477 305 in
1499 268 1764 318 proscenium
1783 283 1827 313 40

168 325 443 376 perduxisse:
492 325 611 364 cuius
644 335 772 374 opera
806 324 864 362 sio
897 323 1014 374 loqui
1047 322 1198 361 didicit
1231 326 1281 361 vt
1313 323 1600 374 promiscuum
1634 322 1764 360 etiam

168 378 320 431 vulgus
345 379 481 431 possit
505 377 775 430 applaudere.
830 377 973 428 Atque
998 376 1124 416 huius
1149 377 1311 428 generis
1335 380 1427 415 tam
1454 375 1612 415 multos
1637 375 1766 414 libros

170 434 339 485 scripsit
375 433 441 473 vir
476 432 546 472 ille
582 430 838 470 difficillimis
875 430 1140 482 temporibus
1176 443 1428 482 summoque
1465 430 1766 482 reip<ublicae>

167 487 372 536 tumultu,
390 486 598 539 quosdam
615 487 745 525 etiam
763 485 888 525 rebus
905 486 949 524 in
966 498 1178 524 summam
1195 485 1534 536 desperationem
1552 484 1762 530 adductis,

168 542 226 581 Et
249 555 335 581 non
358 541 493 593 pudet
514 554 592 580 nos
615 544 856 579 nostrarum
881 539 1278 578 confabulationum
1302 544 1433 591 atque
1457 540 1766 578 conuiuiorum.
1781 554 1822 587 45

166 609 299 647 quum
320 596 541 635 videamus
559 595 750 634 homines
769 594 961 633 ethnicos
980 598 1071 633 tam
1092 595 1250 633 sanctis
1270 593 1703 633 commentationibus
1722 598 1766 632 et

168 652 320 698 ocium,
342 650 458 702 quod
476 650 611 689 dabat
628 649 929 700 reip<ublicae>
948 648 1182 694 calamitas,
1209 649 1461 699 transegisse
1482 651 1497 686 ⁴?
1531 661 1607 687 nec
1628 648 1683 686 ab
1702 649 1763 686 in-

167 706 277 755 eptis
293 704 589 756 Voluptatibus
604 704 861 755 quaesiuisse
877 703 1032 741 mentis
1048 706 1343 748 auocamenta,
1357 702 1430 741 sed
1449 715 1474 740 a
1489 703 1765 741 sanctissimis

167 759 456 810 philosophiae
474 759 710 810 praeceptis
729 759 900 808 petiisse
918 757 1151 796 remedium
1173 759 1189 794 ⁶!

222 813 333 861 Quid
349 813 441 852 aliis
457 812 623 852 accidat
639 813 779 851 nescio
796 826 804 859 ;
833 824 901 851 me
916 811 1125 862 legentem
1141 813 1199 850 sic
1213 811 1376 850 afficere
1392 811 1500 850 solet
1514 811 1571 849 M.
1587 810 1762 857 Tullius,
1785 829 1825 861 50

166 869 413 918 praesertim
442 868 516 907 vbi
545 867 597 906 de
626 867 732 906 bene
760 866 946 905 viuendo
975 866 1156 913 disserit,
1187 870 1237 905 vt
1265 865 1464 904 dubitare
1491 878 1578 904 non
1606 866 1763 916 possim

165 923 268 972 quin
293 922 397 961 illud
424 926 572 974 pectus
597 921 710 961 vnde
734 922 819 960 ista
843 921 1105 972 prodierunt,
1133 921 1276 971 aliqua
1301 920 1506 959 diuinitas
1531 921 1764 971 occuparit.

165 976 307 1028 Atque
339 977 418 1016 hoc
450 989 591 1016 meum
622 976 825 1015 iudicium
857 975 961 1014 mihi
992 976 1126 1026 magis
1158 975 1389 1021 blanditur,
1423 975 1590 1025 quoties
1622 975 1764 1012 animo

165 1035 316 1082 reputo
339 1044 468 1082 quam
491 1032 698 1070 immensa
720 1032 789 1077 sit,
813 1043 1028 1082 quamque
1050 1029 1373 1069 inaestimabilis
1395 1030 1557 1068 aeterni
1578 1029 1765 1067 numinis

165 1084 428 1136 benignitas:
457 1098 586 1136 quam
603 1085 778 1136 quidam
794 1098 846 1124 ex
861 1085 1042 1136 ingenio,
1057 1085 1218 1136 opinor,
1234 1097 1310 1123 suo
1330 1085 1456 1122 nimis
1469 1085 1514 1122 in
1534 1087 1764 1134 angustum
1785 1101 1799 1133 5
1808 1103 1821 1134 3

164 1139 412 1179 contrahere
434 1144 656 1179 conantur.
707 1139 789 1179 Vbi
810 1152 923 1178 nunc
945 1142 1046 1190 agat
1067 1140 1210 1177 anima
1232 1138 1455 1184 Ciceronis,
1476 1137 1658 1177 fortasse
1678 1150 1765 1176 non

163 1198 229 1233 est
253 1194 429 1234 humani
453 1194 598 1233 iudicii
622 1195 914 1245 pronunciare.
968 1194 1036 1232 Me
1061 1197 1174 1232 certe
1198 1206 1285 1231 non
1309 1192 1542 1232 admodum
1568 1205 1764 1231 auersum

163 1247 352 1287 habituri
379 1252 481 1288 sunt
506 1250 550 1288 in
576 1248 760 1287 ferendis
787 1248 971 1295 calculis,
1000 1249 1074 1299 qui
1101 1251 1276 1299 sperant
1300 1247 1421 1286 illum
1448 1247 1565 1298 apud
1591 1258 1766 1298 superos

163 1303 353 1353 quietam
385 1303 522 1342 vitam
554 1315 690 1354 agere.
750 1302 866 1342 Nulli
897 1302 1076 1341 dubium
1108 1315 1197 1341 esse
1228 1305 1373 1353 potest
1404 1303 1508 1353 quin
1540 1300 1767 1340 crediderit

163 1356 336 1408 aliquod
353 1369 441 1396 esse
458 1369 629 1403 numen,
647 1369 734 1408 quo
750 1356 855 1395 nihil
872 1369 960 1395 esse
977 1360 1122 1408 posset
1137 1369 1275 1407 neque
1292 1357 1429 1395 maius
1445 1368 1583 1406 neque
1599 1355 1762 1394 melius
1782 1367 1826 1397 60

162 1410 293 1450 Porro
322 1411 426 1462 quid
455 1412 632 1450 senserit
661 1411 714 1450 de
743 1412 982 1449 animorum
1011 1411 1350 1457 immortalitate,
1381 1410 1485 1462 quid
1514 1409 1567 1449 de
1596 1410 1764 1449 diuersa

161 1469 274 1504 sorte
300 1466 583 1517 praemiisque
611 1466 727 1504 vitae
753 1464 938 1512 futurae,
967 1468 1062 1504 tum
1090 1468 1255 1516 quanta
1281 1464 1412 1504 fuerit
1438 1477 1639 1516 syncerae
1667 1475 1764 1503 con-

161 1521 362 1559 scientiae
376 1519 546 1567 fiducia,
563 1521 597 1559 si
611 1533 698 1559 non
712 1521 818 1559 satis
833 1519 1053 1559 declarant
1067 1523 1136 1558 tot
1150 1521 1239 1558 eius
1254 1519 1363 1567 libri,
1380 1523 1493 1558 certe
1508 1519 1576 1558 vel
1591 1531 1677 1557 vna
1691 1518 1764 1557 illa

161 1574 341 1626 epistola
367 1576 472 1614 satis
498 1576 652 1626 arguit,
681 1587 811 1626 quam
840 1574 895 1614 ad
924 1574 1152 1614 Octauium
1172 1573 1333 1621 scribit,
1366 1575 1467 1621 iam,
1489 1578 1540 1613 vt
1568 1577 1760 1625 apparet,

160 1628 377 1669 destinata
396 1633 546 1669 morte.
1782 1640 1821 1679 65

215 1682 258 1723 Si
276 1683 447 1723 Iudaeis
464 1688 565 1723 ante
582 1683 801 1735 proditum
820 1684 1101 1735 Euangelium
1119 1683 1358 1722 sufficiebat
1373 1683 1428 1722 ad
1446 1683 1628 1722 salutem
1647 1682 1764 1721 rudis

160 1737 372 1789 quaedam
387 1742 430 1777 et
445 1738 620 1777 confusa
634 1738 687 1777 de
700 1738 826 1777 rebus
840 1738 996 1777 diuinis
1009 1737 1252 1785 credulitas,
1267 1737 1373 1789 quid
1386 1742 1509 1777 vetat
1523 1750 1608 1788 quo
1623 1738 1763 1776 minus

160 1792 344 1839 ethnico,
368 1793 435 1831 cui
456 1806 508 1831 ne
527 1792 635 1831 Mosi
656 1793 828 1844 quidem
849 1792 917 1831 lex
939 1796 1032 1832 erat
1053 1793 1236 1843 cognita,
1259 1792 1404 1831 rudior
1424 1793 1555 1831 etiam
1577 1792 1762 1843 cognitio

161 1846 368 1897 profuerit
405 1847 460 1885 ad
498 1847 693 1894 salutem,
726 1848 975 1898 praesertim
1014 1859 1148 1898 quum
1184 1847 1278 1885 vita
1313 1847 1443 1886 fuerit
1473 1848 1652 1897 integra,
1685 1859 1761 1885 nec

159 1903 324 1952 integra
354 1901 490 1940 solum
520 1903 801 1940 verumetiam
832 1904 1018 1940 sancta?
1078 1901 1285 1952 Perpauci
1315 1901 1465 1940 Iudaei
1495 1905 1595 1939 ante
1625 1901 1761 1939 lucem
1781 1919 1825 1951 70

158 1960 352 1994 exortam
382 1956 603 2007 Euangelii
630 1960 841 1995 nouerant
868 1960 1018 1995 exacte
1045 1955 1200 1995 Filium
1229 1969 1278 1995 ac
1306 1955 1512 2007 Spiritum
1541 1955 1760 2001 Sanctum,

159 2010 284 2049 multi
305 2023 389 2049 non
412 2010 644 2049 credebant
663 2011 1013 2050 resurrectionem
1035 2023 1259 2061 corporum
1279 2024 1288 2057 3
1326 2023 1403 2049 nec
1424 2013 1572 2049 tamen
1592 2009 1688 2048 ideo
1710 2009 1763 2047 de

157 2063 325 2103 illorum
342 2064 479 2104 salute
495 2065 767 2116 desperatum
784 2069 849 2104 est
866 2077 891 2103 a
907 2064 1151 2104 maioribus.
1198 2064 1310 2112 Quid
1326 2065 1361 2103 si
1377 2064 1572 2103 ethnicus
1587 2068 1761 2103 tantum

158 2118 238 2157 hoc
277 2119 436 2166 credat,
477 2119 615 2158 Deum
655 2133 782 2170 quem
821 2132 1069 2171 persuasum
1108 2119 1240 2158 habet
1278 2132 1367 2158 esse
1407 2120 1761 2170 omnipotentem,

156 2173 518 2224 sapientissimum
545 2178 589 2213 et
615 2175 840 2225 optimum,
868 2174 1012 2225 aliqua
1037 2175 1203 2213 ratione
1229 2174 1541 2213 subuenturum
1570 2173 1692 2212 bonis
1718 2179 1760 2212 et
1780 2193 1798 2223 7
1805 2192 1818 2222 ς

158 2227 348 2266 vlturum
384 2227 530 2275 malos,
567 2240 678 2279 quae
710 2230 791 2280 ipsi
827 2229 1025 2268 videatur
1059 2241 1190 2279 quam
1226 2230 1411 2267 maxime
1446 2228 1758 2267 accommoda?

158 2281 282 2328 Quod
306 2283 340 2321 si
360 2283 455 2333 quis
479 2282 654 2322 obiiciat
677 2284 794 2322 Vitae
818 2283 1020 2329 maculas,
1047 2283 1244 2333 equidem
1270 2283 1454 2322 arbitror
1477 2296 1554 2322 nec
1579 2282 1658 2321 Iob
1683 2295 1760 2321 nec

156 2335 432 2376 Melchisedec
451 2336 649 2376 omnibus
667 2339 840 2377 omnino
858 2339 976 2377 vitiis
995 2339 1178 2377 caruisse
1197 2351 1271 2389 per
1289 2350 1459 2377 omnem
1478 2338 1629 2376 vitam.
1677 2336 1759 2376 Sed

155 2390 447 2430 excusandum
459 2404 546 2431 non
558 2395 624 2431 est
636 2392 752 2444 quod
764 2392 1007 2431 immolauit
1018 2392 1154 2431 idolis.
1198 2392 1250 2431 Id
1262 2391 1443 2431 fortasse
1456 2391 1571 2437 fecit,
1586 2390 1659 2429 sed
1673 2403 1759 2429 non

154 2457 208 2484 ex
242 2457 319 2484 suo
352 2445 510 2485 iudicio
545 2459 693 2485 verum
728 2459 781 2486 ex
816 2446 1123 2486 consuetudine
1157 2446 1357 2498 publica:
1409 2458 1520 2497 quae
1554 2446 1758 2496 quoniam
1778 2457 1821 2488 80

155 2498 317 2550 legibus
349 2501 480 2539 etiam
514 2505 608 2540 erat
642 2501 906 2548 confirmata,
942 2514 1027 2540 non
1061 2505 1233 2552 potera-t
1267 2500 1459 2539 conuelli.
1523 2500 1634 2538 Nam
1668 2511 1757 2538 esse

155 2552 337 2593 conficta
356 2567 467 2606 quae
486 2554 539 2594 de
559 2555 639 2594 diis
658 2555 918 2602 ferebantur,
942 2556 1008 2594 vel
1029 2569 1080 2594 ex
1102 2555 1230 2594 Ennii
1249 2568 1369 2594 sacra
1389 2555 1566 2593 historia
1586 2558 1756 2604 poterat.

200 2651 252 2682 42.
279 2640 389 2681 Atqui
406 2644 439 2674 β.
569 2654 621 2683 50.
648 2643 693 2673 M.
713 2655 754 2674 a:
785 2643 922 2674 Marcus
939 2645 972 2677 β.
1096 2653 1147 2683 52.
1174 2645 1296 2683 pectus
1312 2641 1397 2673 illud
1416 2645 1447 2675 β.
1585 2644 1636 2682 56.
1663 2640 1755 2672 Cice·

156 2684 250 2714 ronis
266 2685 383 2715 anima
414 2688 447 2718 β.
660 2697 710 2729 57.
737 2696 898 2717 auersum
919 2689 985 2720 nli:
1033 2685 1220 2716 aduersum
1251 2685 1296 2716 N.
1527 2687 1577 2726 58.
1605 2688 1688 2715 sunt
1708 2687 1752 2718 βε

153 2726 226 2758 sint
239 2739 268 2758 α.
375 2730 464 2769 aput
484 2730 517 2762 β.
637 2733 688 2771 64.
714 2729 835 2760 scribit
857 2729 901 2760 ad
924 2729 1102 2760 octauium
1121 2731 1307 2769 augustum
1327 2732 1359 2762 li.
1476 2739 1569 2769 70—1.
1596 2732 1754 2760 exortam

155 2769 267 2801 luc-em
291 2773 325 2805 β.
460 2773 510 2813 78.
537 2771 787 2804 Melchisedech
813 2776 845 2807 β.

201 2884 255 2922 64.
279 2879 444 2921 epistola]
465 2878 548 2910 This
570 2878 672 2909 letter
695 2882 731 2910 to
755 2879 921 2910 Octavius
990 2888 1027 2909 or
1048 2878 1201 2919 adapted
1223 2878 1312 2909 from
1328 2889 1348 2909 a
1363 2878 1496 2910 similar
1512 2879 1606 2910 work
1622 2880 1657 2912 of
1688 2881 1755 2913 Eu-

155 2933 194 2955 01·
220 2924 437 2955 Octavianus
462 2922 524 2954 has
548 2932 611 2953 ms.
638 2922 831 2963 authority,
857 2921 921 2953 but
989 2922 1147 2953 homerus
1164 2921 1199 2953 of
1219 2922 1446 2963 Agrigentum
1464 2922 1516 2964 (fl.
1538 2925 1628 2964 304).
1672 2923 1705 2956 It
1727 2925 1756 2955 is

154 2967 183 2998 is
196 2976 274 2998 now
285 2966 461 3008 generally
474 2965 675 3006 recognized
687 2975 724 2997 as
737 2966 919 3007 spurious:
990 2965 1192 2997 mentioned
1214 2964 1261 3007 by
1283 2966 1350 2998 Cic.
1376 2966 1420 2998 N.
1445 2966 1486 2997 D.
1515 2975 1540 2998 1.
1569 2976 1642 3008 119,
1664 2967 1752 3008 Aug.

155 3009 300 3048 Teuffel,
314 3010 427 3043 Gesch.
442 3011 537 3043 Rom.
556 3009 636 3047 Μὴ,
652 3011 781 3050 1890,§
803 3010 872 3041 188.
890 3019 918 3050 5.
989 3009 1063 3042 Ciu.
1091 3009 1213 3050 Deny.
1243 3011 1294 3041 26.
1346 3009 1407 3041 See
1433 3009 1576 3044 Teuffel.
1603 3022 1657 3053 op.
1685 3008 1753 3049 cil„

201 3056 252 3087 82.
279 3054 385 3085 Ennii
408 3064 506 3086 sacra
529 3052 690 3092 historia]
715 3053 921 3086 Translated
987 3054 1002 3093 5
1026 3062 1095 3093 103.
1116 3055 1147 3085 6.

916 3121 937 3149 Z
