2012 3370
124 129 245 179 1499]
470 128 542 167 'ro
575 127 740 166 DUKE
770 126 1005 166 GEORGE
1037 127 1108 166 or
1137 125 1373 166 sAXONY
1643 126 1722 163 553

122 249 286 287 semper
322 236 639 288 diligentissime
676 234 876 281 abstinui,
915 247 1049 286 quum
1085 234 1276 273 nondum
1314 232 1517 284 suspicari
1554 243 1721 282 possem

121 290 267 341 quales
300 290 444 329 beluas
475 289 605 328 aleret
634 288 707 327 illa
735 288 897 335 factio;
943 301 1020 327 nec
1049 289 1140 339 ipse
1171 288 1307 327 solum
1338 286 1540 333 abstinui,
1573 297 1722 324 verum
1741 303 1782 324 20

122 357 397 396 quoscunque
417 345 539 396 potui
559 343 811 382 dehortatus
831 355 938 381 sum.
991 342 1114 390 Quod
1134 342 1341 381 hactenus
1361 340 1526 379 nullum
1547 339 1724 378 Lutheri

121 399 277 450 dogma
312 399 512 450 peculiari
546 397 687 436 libello
722 396 867 443 refelli,
904 396 1066 435 diutius
1101 400 1297 435 tacuerat
1333 395 1520 434 Hilarius
1555 393 1724 433 Arianis

121 452 267 492 orbem
303 451 623 504 occupantibus.
688 451 746 490 Et
780 454 928 489 tamen
962 451 997 489 si
1033 454 1218 496 vacaret,
1256 449 1450 488 docerem
1486 447 1724 487 manifestis

120 506 359 546 rationibus
398 519 464 545 me
501 518 578 544 nec
616 504 811 544 debuisse
849 517 968 543 secus
1005 503 1143 543 facere
1182 516 1313 555 quam
1350 503 1443 549 feci,
1483 515 1560 541 nec
1598 501 1724 540 ahter

121 561 354 612 expedisse.
1740 573 1759 596 2
1765 573 1780 606 5

176 615 265 654 Nec
289 619 435 654 tamen
458 614 628 653 interim
653 625 747 652 sum
773 613 933 651 veritus
957 613 1001 650 in
1024 611 1141 650 libris
1166 612 1270 650 meis
1294 611 1443 650 docere
1467 623 1577 662 quae
1600 609 1724 661 longe

122 668 365 720 discrepant
387 682 413 707 a
434 668 614 707 decretis
640 667 797 706 Luteri.
851 665 1007 717 Scripsi
1031 666 1220 704 Adriano
1247 665 1445 704 Pontifici
1471 665 1523 703 de
1549 664 1724 715 negocio

122 722 202 762 hoc
229 724 288 762 sic
316 722 620 774 compescendo
648 726 698 760 vt
724 734 811 760 non
837 719 1076 771 repullulet.
1134 719 1398 759 Clamoribus
1426 732 1475 757 ac
1502 718 1653 757 libellis
1680 718 1724 756 in

123 776 328 817 Luterum
362 777 529 828 scriptis
563 776 667 827 quid
700 775 908 814 hactenus
942 774 1181 826 profectum
1217 775 1285 820 sit,
1322 773 1426 825 quid
1461 773 1647 811 censuris
1681 775 1725 810 et

122 831 272 870 edictis
293 831 497 881 (nescio).
556 829 678 878 Quod
706 830 741 868 si
768 829 929 868 malum
957 828 1036 867 hoc
1065 829 1241 867 manicis
1269 832 1313 866 et
1340 827 1545 866 incendiis
1564 831 1608 865 et
1627 838 1723 865 con·
1742 844 1785 876 30

122 885 413 924 fiscationibus
439 884 586 924 tollere
613 884 831 923 decretum
859 887 936 930 est,
966 883 1022 921 ad
1048 882 1093 921 id
1120 895 1214 921 mea
1243 894 1370 934 opera
1397 894 1480 920 non
1510 885 1575 919 est
1603 892 1723 930 opus.

123 939 214 991 Ego
235 952 483 991 quanquam
503 951 640 990 neque
660 942 788 977 natus
810 950 904 976 sum
924 950 1062 988 neque
1083 937 1366 975 excercitatus
1387 935 1442 974 ad
1463 935 1540 973 has
1561 945 1726 986 pugnas

121 993 407 1044 gladiatorias,
424 997 570 1032 tamen
584 1005 660 1044 pro
676 992 836 1031 viribus
851 1005 927 1030 nec
942 991 1058 1030 defui
1073 991 1285 1030 Ecclesiae
1300 990 1392 1037 Dei,
1409 1003 1486 1029 nec
1501 989 1726 1028 defuturus

121 1060 245 1095 sum3
288 1048 509 1099 presertim
536 1047 609 1086 vbi
636 1047 781 1086 videro
808 1046 1018 1098 principes
1045 1045 1257 1084 Ecclesiae
1283 1045 1363 1083 hoc
1391 1056 1513 1096 agere
1539 1042 1726 1094 synceris

122 1101 360 1149 affectibus,
381 1106 431 1141 vt
450 1101 605 1141 Christi
622 1100 799 1153 gloriam
818 1104 862 1139 et
880 1101 1015 1151 gregis
1034 1099 1262 1139 Christiani
1281 1099 1463 1138 salutem
1482 1099 1724 1149 procurent.
1743 1115 1783 1148 35

125 1155 248 1203 Quod
264 1156 299 1195 si
314 1169 401 1195 non
417 1156 575 1203 videro,
594 1159 706 1194 certe
723 1168 748 1193 a
765 1154 910 1193 Luteri
926 1154 1124 1200 factione,
1143 1158 1193 1192 vt
1209 1166 1373 1204 semper
1389 1152 1464 1199 fui,
1481 1153 1546 1191 ita
1560 1163 1726 1202 semper

123 1210 293 1249 futurus
315 1223 409 1249 sum
431 1210 722 1249 alienissimus.
774 1209 889 1248 Bene
911 1208 1054 1247 valeat
1075 1212 1152 1247 tua
1174 1207 1393 1247 celsitudo.

178 1263 382 1303 Basileae.
432 1263 579 1303 Natali
600 1263 640 1303 S.
664 1263 860 1302 Matthei.
921 1263 1077 1302 nuncio
1099 1266 1301 1314 vrgente„

705 1317 907 1356 Erasmus
928 1317 1029 1356 Rot.
1051 1329 1182 1355 manu
1201 1316 1373 1368 propria
1391 1328 1445 1355 ex
1464 1319 1669 1366 tempore.

178 1394 393 1434 Illustriss.
419 1394 599 1446 principi
624 1392 815 1444 Georgio,
842 1392 939 1431 duci
964 1392 1186 1439 Saxoniae‚
1212 1391 1483 1443 landtgrauio
1506 1390 1725 1441 Thuring.‚
1739 1409 1785 1441 40

124 1449 356 1488 marchioni
376 1448 523 1488 Misne.

386 1603 648 1659 149615001523
708 1602 849 1644 FROM
880 1602 1049 1644 PHILIP
1080 1603 1469 1645 MELANcH'rHoN.

170 1706 272 1753 Opus
290 1705 541 1751 Epistolarum
561 1716 595 1750 p.
612 1705 695 1748 629.
1354 1703 1596 1748 Wittenberg.

169 1763 215 1798 N.
235 1775 270 1809 p.
286 1765 382 1799 600:
416 1762 532 1797 Lond.
552 1762 627 1796 xix.
647 1772 666 1795 2
688 1762 716 1795 &
737 1761 819 1795 Mel.
836 1761 889 1795 iii.
905 1762 948 1805 65
970 1775 976 1794 ε
1010 1761 1085 1796 LB.
1104 1771 1185 1804 704.
1276 1771 1320 1805 30
1338 1760 1555 1805 September
1576 1770 1675 1805 1524.

171 1821 469 1856 Melanchthonis
488 1819 693 1866 Epistolae,
717 1828 826 1862 1590,
847 1830 882 1865 p.
906 1828 976 1864 134
997 1820 1059 1863 (a).

169 1911 276 1951 [First
294 1910 433 1952 printed
454 1910 499 1951 by
518 1910 694 1947 Era-smus,
715 1910 750 1942 of
769 1920 888 1942 course
906 1908 996 1941 from
1016 1908 1076 1941 the
1093 1908 1198 1940 letter
1217 1908 1258 1940 he
1277 1908 1347 1940 had
1366 1907 1522 1950 actually
1540 1907 1696 1940 received
1712 1919 1720 1944 ;

125 1955 196 1987 and
218 1954 308 1986 later
332 1953 378 1995 by
403 1953 555 1986 Pezelius
578 1954 615 1986 in
639 1954 708 1986 vol.
731 1954 769 1986 iii
793 1953 829 1985 of
852 1951 1130 1984 Melanchthon’s
1154 1951 1337 1993 Epistola&
1363 1952 1522 1989 Bremen,
1551 1960 1636 1993 1590
1660 1952 1721 1991 (α),

124 1998 215 2031 from
242 2009 263 2029 a
290 1997 452 2030 different
477 2007 609 2035 source,
637 1996 860 2039 presumably
890 1995 1167 2028 Melanchthon's
1195 1995 1305 2038 rough
1332 1995 1438 2028 draft.
1488 1995 1599 2027 Lond.
1625 1995 1723 2037 gives

126 2041 213 2073 both
231 2044 338 2078 texts,
357 2041 394 2072 in
409 2041 501 2073 their
519 2042 710 2083 respective
729 2041 844 2082 places
860 2052 868 2077 ;
902 2040 978 2076 but,
997 2043 1036 2071 to
1054 2039 1211 2081 simplify
1229 2039 1289 2072 the
1307 2039 1406 2081 sigla,
1426 2039 1444 2070 I
1463 2038 1553 2071 have
1573 2038 1721 2071 omitted

126 2087 155 2117 it
170 2085 260 2117 from
278 2084 338 2117 the
356 2084 488 2116 critical
504 2088 616 2117 notes.
657 2085 726 2116 LB.
745 2085 775 2116 is
793 2083 876 2125 only
892 2083 1106 2125 reproduced
1124 2083 1220 2115 there
1237 2086 1276 2115 to
1293 2083 1388 2114 show
1405 2083 1487 2115 that
1502 2083 1533 2115 it
1549 2081 1722 2114 conflated

126 2129 186 2161 the
208 2132 278 2160 two
300 2131 420 2165 texts;
454 2128 590 2161 Leclerc
614 2128 715 2170 being
738 2127 887 2170 perhaps
909 2126 965 2159 led
987 2130 1025 2158 to
1048 2126 1118 2158 this
1142 2126 1189 2168 by
1211 2126 1394 2169 observing
1417 2126 1498 2158 that
1520 2125 1580 2158 the
1602 2125 1724 2158 earlier

126 2175 204 2204 text
221 2172 257 2203 in
276 2171 386 2204 Lond.
407 2171 469 2203 has
487 2182 583 2203 some
602 2172 791 2213 misprints.
835 2170 877 2202 In
896 2170 957 2202 the
975 2170 1078 2202 series
1097 2170 1134 2202 os
1150 2169 1238 2212 sigla
1259 2183 1277 2199 α
1293 2169 1426 2202 follows
1446 2170 1487 2201 N.

171 2215 280 2247 There
293 2225 402 2247 seems
416 2218 454 2247 to
468 2215 558 2247 have
573 2215 659 2247 been
673 2226 768 2248 some
781 2214 884 2256 delay
897 2214 934 2246 in
948 2213 1008 2246 the
1023 2213 1177 2255 delivery
1192 2213 1228 2245 of
1242 2213 1312 2245 this
1326 2213 1431 2246 letter
1443 2213 1513 2245 and
1528 2213 1592 2255 Ep.
1614 2221 1692 2254 1501
1714 2225 1721 2250 ;

126 2259 190 2296 for,
206 2262 310 2300 apart
324 2258 414 2290 from
430 2258 490 2291 the
505 2259 606 2291 dates
621 2259 658 2291 of
672 2257 848 2291 Erasmus⁷
866 2257 988 2299 replics
1006 2257 1108 2299 (Epp.
1131 2266 1224 2298 1523,
1247 2260 1356 2297 1524),
1373 2257 1403 2289 it
1416 2257 1445 2288 is
1462 2256 1552 2288 clear
1567 2257 1648 2289 that
1663 2255 1723 2288 the

127 2306 325 2335 news—too
341 2301 501 2334 welcome
517 2306 582 2334 not
597 2306 635 2334 to
652 2302 693 2334 be
710 2306 748 2334 at
764 2312 848 2334 once
866 2301 1144 2333 communicated
1161 2304 1200 2332 to
1215 2300 1428 2332 friends—of
1443 2300 1503 2332 the
1518 2299 1723 2331 favourable

127 2346 303 2387 reception
326 2345 362 2377 of
385 2345 445 2377 the
469 2346 518 2378 Dc
542 2345 642 2377 libero
664 2346 802 2378 arbitrio
825 2349 865 2377 at
888 2344 1105 2386 Wittenberg
1131 2345 1200 2383 (see
1224 2344 1244 2375 l.
1265 2346 1347 2382 42n)
1373 2343 1442 2375 had
1470 2343 1553 2384 only
1575 2342 1721 2375 reached

128 2389 199 2422 him
215 2389 290 2429 just
304 2389 414 2421 about
429 2389 489 2421 the
505 2399 600 2421 same
616 2390 701 2421 time
716 2390 752 2421 in
769 2387 968 2420 December.

172 2432 254 2465 This
278 2432 382 2464 letter
406 2443 488 2473 may
513 2433 555 2465 be
577 2432 776 2465 illustrated
802 2432 849 2473 by
873 2431 1020 2463 another
1045 2430 1081 2463 of
1104 2429 1364 2467 Melanchthon,
1390 2430 1528 2462 written
1553 2433 1592 2462 to
1617 2429 1721 2462 Oeco-

127 2476 322 2518 lampadius
344 2476 436 2515 (Oec.
461 2476 500 2508 Ε.
522 2477 557 2508 ii.
584 2486 617 2508 11
634 2477 712 2508 =H.
733 2477 771 2508 E.
797 2474 962 2512 Bindseil,
982 2474 1252 2506 Mela-nchtlzonis
1268 2473 1451 2514 Epi-stolae,
1473 2475 1566 2514 1874,
1584 2484 1640 2505 no.
1659 2482 1721 2514 30:

128 2520 278 2551 without
294 2519 389 2557 date,
408 2519 473 2552 but
490 2530 574 2561 very
591 2520 696 2561 likely
713 2518 919 2561 dispatehed
937 2518 1022 2550 with
1041 2518 1122 2555 this,
1140 2528 1178 2549 as
1197 2517 1486 2558 Oecolampadius
1503 2527 1573 2548 was
1590 2527 1667 2548 now
1685 2520 1725 2548 at

129 2563 268 2602 Basle):
309 2562 316 2574 ‘
330 2563 432 2595 Nunc
453 2573 541 2604 pene
563 2563 738 2596 debellato
762 2563 940 2599 Pontifice,
964 2572 1017 2593 res
1039 2561 1193 2593 Luthero
1216 2561 1308 2602 cepit
1329 2571 1402 2592 esse
1425 2570 1503 2591 cum
1526 2561 1626 2592 nouis
1648 2561 1722 2602 qui·

130 2606 277 2638 busdam
293 2607 459 2646 μαιίχήοις
482 2606 583 2647 plane
607 2607 848 2649 sanguinariis.
903 2605 951 2636 Et
974 2606 1185 2646 papisticum
1210 2604 1338 2636 bellum
1362 2607 1510 2636 renouat
1533 2604 1721 2636 Erasmus:

128 2660 231 2692 quem
249 2649 399 2691 optarim
417 2651 511 2690 pacis
528 2651 645 2691 potius
662 2660 768 2691 quam
787 2659 957 2680 nouorum
971 2654 1130 2680 motuum
1144 2651 1322 2680 auctorem
1335 2658 1418 2679 csse.
1460 2648 1636 2688 Scriptum
1650 2647 1723 2679 eius

131 2694 197 2734 περὶ
225 2694 371 2724 {noum-ov
397 2697 582 2734 exceptum
605 2697 660 2726 cst
688 2692 906 2734 aequissimis
937 2693 1072 2724 animis.
1125 2691 1298 2723 Lutherus
1332 2690 1435 2732 plane
1469 2691 1654 2732 pollicetur
1687 2701 1723 2722 se

130 2736 403 2769 moderatissime
427 2746 671 2778 responsurum
694 2747 778 2768 esse.
838 2736 886 2767 Et
907 2736 1027 2772 facict,
1050 2735 1115 2766 nisi
1140 2745 1194 2766 me
1217 2734 1346 2766 fallunt
1369 2735 1495 2765 omnia.
1557 2734 1647 2772 Quid
1669 2738 1723 2766 est

128 2781 220 2812 enim
242 2780 405 2812 iniustius
427 2789 534 2821 quam
557 2780 652 2821 quod
674 2789 767 2812 nunc
790 2779 896 2821 vulgo
921 2779 972 2816 fit,
996 2778 1258 2810 dissentientem
1284 2777 1441 2819 iugulare
1467 2787 1575 2819 quam
1600 2777 1722 2810 docere

130 2823 257 2856 malle?
274 2823 282 2836 ‘
329 2823 403 2855 The
419 2832 476 2855 MS.
494 2825 522 2855 is
537 2824 573 2855 in
590 2824 650 2855 the
665 2823 909 2856 Staatsarchiv
924 2826 964 2854 at
979 2821 1114 2859 Zurich‚
1134 2822 1173 2853 E.
1191 2821 1239 2853 11.
1259 2829 1333 2862 337.
1355 2821 1423 2861 12.]

176 2987 226 3009 21.
252 2977 472 3018 dehortatus]
489 2975 540 3008 Cf.
558 2976 622 3018 Ep.
644 2985 737 3018 1375.
757 2986 832 3008 2111.
1001 2984 1054 3015 30.
1077 2973 1215 3014 edictis]
1228 2975 1291 3008 See
1306 2974 1398 3017 Epp.
1417 2983 1509 3015 1141.
1526 2983 1607 3013 zon,
1626 2984 1720 3013 1192.

174 3031 226 3062 27.
253 3020 421 3060 Adriano]
440 3020 504 3061 Ep.
526 3028 620 3060 1352.
953 3021 1034 3056 6611,
1056 3028 1147 3059 1217.
1171 3028 1267 3059 14411,
1289 3028 1382 3057 1299.
1402 3027 1479 3059 73n.
