2012 3370
252 178 330 215 570
724 173 976 214 LETTERS
1007 173 1079 214 OF
1110 173 1372 214 ERASMUS
1730 174 1853 224 [1524

253 283 329 323 hoc
357 288 591 335 praestaret
619 282 735 334 quod
761 281 1013 334 profitetur!
1057 282 1282 333 profitetur
1309 282 1419 320 enim
1448 280 1741 332 Euangelium.
1797 282 1856 321 At

194 353 234 375 10
251 351 327 390 ego
351 350 572 388 nunquam
597 336 686 375 vidi
709 336 925 376 hominem
949 335 1232 375 confidentius
1255 340 1525 387 arrogantem
1549 339 1626 373 aut
1648 334 1856 376 rabiosius

252 391 505 430 maledicum
537 394 614 430 aut
643 390 936 442 impudentius
968 389 1244 430 mendacem:
1293 390 1478 428 breuiter
1508 388 1639 428 talem
1671 390 1855 441 comperi

252 450 300 484 vt
326 458 422 484 cum
448 445 607 484 talibus
632 458 708 484 1100
735 445 969 484 amicitiam
995 444 1150 483 habere
1176 444 1303 483 velim
1328 457 1405 483 nec
1430 444 1711 484 inimicitiam.
1766 443 1855 483 Nec

250 500 330 550 ipsi
365 499 598 538 Lutherani
626 498 734 538 ferre
762 503 998 550 potuerunt
1026 498 1209 538 hominis
1237 498 1524 538 insatiabilem
1553 497 1852 549 petulantiam.

249 553 383 604 Saepe
394 553 642 605 obiurgatus
656 558 718 592 est
734 554 788 592 ab
804 553 1145 605 Oecolampadjo,
1158 554 1289 592 etiam
1301 552 1447 599 literis,
1459 565 1584 604 saepe
1595 564 1620 590 a
1633 551 1830 590 Pelicano
1843 565 1852 599 ;

193 623 227 655 15
249 607 323 646 sed
342 607 446 646 nihil
465 607 705 658 profectum
725 612 802 654 est,
824 612 949 647 tanta
970 607 1106 647 morbi
1126 608 1203 646 vis.

303 661 410 701 Cum
431 661 502 701 illo
524 675 746 714 nunquam
768 662 1000 714 disputaui,
1024 662 1098 701 sed
1120 661 1269 701 diremi
1291 661 1628 712 disputationem
1649 672 1735 712 qua
1757 673 1852 699 cum

248 715 341 755 aliis
365 716 623 767 quibusdam
647 716 947 755 altercabatur.
1003 715 1207 755 Volebam
1231 716 1343 754 enim
1368 728 1465 754 cum
1487 714 1560 754 illo
1584 714 1854 766 expostulare

248 783 358 822 quur
378 783 446 809 me
467 775 661 810 vocasset
681 770 860 809 Balaam
879 785 887 811 :
925 770 1042 822 quod
1061 770 1238 817 dictum,
1261 783 1287 808 a
1307 769 1431 808 Bleto
1451 768 1638 821 quodam
1659 783 1711 809 ne
1743 770 1851 809 ocia-

249 829 338 863 torc
348 825 510 864 iactum
519 826 563 864 in
575 838 653 872 me,
666 826 724 864 sic
735 826 876 864 arrisit
886 824 1087 871 Phallico‚
1101 829 1149 863 vt
1160 838 1226 864 me
1238 825 1396 875 passim
1407 823 1641 875 appellaret
1652 823 1716 861 Ba
1733 835 1830 862 aam
1841 836 1850 868 ;

186 895 229 917 20
248 891 381 931 quum
410 879 513 918 mihi
540 879 681 918 nullus
710 879 848 918 adhuc
877 880 1117 918 teruncium
1145 879 1334 930 potuerit
1362 877 1589 916 obtrudere
1617 877 1696 916 hoc
1724 877 1852 916 titulo

248 938 299 973 vt
322 933 545 973 scriberem
574 934 619 973 in
648 934 897 973 Lutherum.
951 933 1132 972 Proinde
1157 933 1315 972 discere
1341 931 1537 971 volebam
1562 931 1667 983 quid
1690 931 1851 970 homini

246 988 291 1027 in
321 992 508 1027 mentem
538 989 723 1027 venisset
752 992 802 1027 vt
830 988 910 1027 hoc
939 988 1109 1026 nomine
1139 1000 1205 1026 me
1234 986 1411 1038 dignum
1439 985 1681 1025 iudicasset.
1739 985 1851 1024 Nam

248 1046 415 1081 caetera
452 1043 641 1082 conuitia
676 1055 786 1094 quae
823 1041 1015 1093 quotidie
1050 1043 1095 1080 in
1132 1054 1199 1080 me
1235 1040 1534 1080 deblaterabat
1569 1039 1850 1091 neglexeram.

249 1095 329 1135 Vix
351 1096 496 1135 decem
517 1096 657 1135 verbis
679 1096 847 1135 velitati
867 1109 1024 1135 sumus.
1076 1095 1300 1148 Rogabam
1320 1107 1452 1147 quare
1472 1099 1661 1133 censeret
1681 1098 1852 1133 sanctos

185 1168 225 1199 25
246 1163 332 1189 non
367 1151 640 1197 inuocandos,
677 1163 733 1189 an
767 1151 868 1202 quia
902 1163 989 1189 non
1023 1163 1269 1202 expressum
1304 1154 1414 1188 esset
1447 1150 1492 1188 in
1526 1149 1654 1188 sacris
1688 1148 1849 1187 literis:

247 1205 411 1244 annuit.
479 1204 688 1244 Iubebam
726 1209 776 1243 vt·
812 1204 1126 1244 demonstraret
1163 1204 1382 1243 euidenter
1418 1216 1492 1255 per
1529 1215 1670 1242 sacras
1705 1202 1850 1242 literas

247 1258 452 1310 Spiritum
471 1263 667 1298 sanctum
684 1259 986 1298 inuocandum.
1035 1260 1043 1273 ⁶
1063 1258 1106 1298 Si
1125 1258 1239 1297 Deus
1257 1263 1322 1297 est
1342 1258 1365 1305 ',
1383 1258 1537 1309 inquit,
1560 1257 1567 1271 ‘
1586 1256 1851 1296 inuocandus

246 1318 310 1352 est
330 1313 352 1351 '.
403 1313 615 1365 Vrgebam
637 1318 686 1353 vt
705 1314 1018 1352 demonstraret
1038 1326 1060 1352 e
1080 1314 1208 1352 sacris
1228 1312 1372 1359 literis,
1396 1311 1524 1351 semel
1543 1316 1675 1362 atque
1693 1312 1849 1350 iterum

246 1372 431 1407 testatus
462 1381 529 1407 me
561 1368 810 1419 disputandi
841 1369 979 1421 gratia
1009 1367 1138 1420 loqui,
1172 1380 1306 1419 quum
1338 1367 1405 1406 hic
1437 1366 1561 1418 plane
1593 1365 1645 1404 de
1676 1379 1720 1404 re
1752 1378 1847 1405 con-

185 1440 225 1471 50
248 1423 434 1462 ueniret:
499 1423 708 1474 siquidem
752 1423 833 1462 hoc
875 1427 1049 1462 tantum
1093 1422 1271 1475 agebam
1317 1426 1366 1460 vt
1412 1421 1524 1460 illius
1572 1420 1848 1471 enthymema

245 1476 489 1525 refellerem,
529 1490 614 1529 quo
652 1477 888 1517 conabatur
926 1478 1117 1516 euincere
1154 1476 1250 1515 ideo
1287 1489 1373 1515 non
1409 1475 1671 1515 inuocandos
1709 1474 1844 1520 diuos,

245 1531 360 1582 quod
395 1531 474 1570 1100
510 1545 532 1570 0
567 1533 694 1570 sacris
728 1531 846 1571 libris
881 1531 1021 1570 doceri
1056 1543 1142 1570 non
1177 1535 1333 1583 posset.
1398 1529 1583 1568 Protulit
1618 1529 1759 1568 locum
1794 1542 1846 1568 ex

246 1585 439 1637 Epistola
466 1585 651 1632 Ioannis,
683 1585 691 1601 ⁶
711 1586 768 1625 Et
795 1586 839 1625 hi
865 1589 950 1625 tres
978 1598 1111 1624 vnum
1138 1590 1236 1623 sunt
1259 1584 1281 1622 ².
1339 1583 1557 1635 Respondi
1583 1596 1681 1622 eum
1706 1583 1847 1622 locum

244 1652 330 1679 non
353 1640 507 1679 sentire
531 1640 583 1679 de
607 1640 756 1679 eadem
779 1644 935 1679 natura
958 1640 1032 1678 sed
1055 1639 1108 1678 de
1132 1651 1337 1678 consensu
1361 1638 1595 1677 testimonii
1615 1651 1625 1684 ;
1664 1641 1708 1676 et
1731 1636 1847 1690 quod

185 1712 222 1744 35
244 1693 441 1733 additum
465 1698 531 1732 est
554 1694 605 1732 de
630 1695 846 1746 sanguine,
873 1707 986 1746 aqua
1009 1698 1054 1732 et
1077 1694 1242 1744 spiritu,
1268 1706 1355 1732 non
1379 1693 1544 1743 pat-itur
1567 1691 1695 1731 aliam
1718 1692 1845 1731 inter·

244 1749 541 1799 pretationem.
604 1748 829 1787 Praeterea
862 1761 960 1800 pars
992 1747 1064 1786 illa
1097 1747 1149 1786 de
1183 1748 1323 1794 Patre,
1360 1746 1498 1786 Verbo
1532 1750 1575 1785 et
1608 1745 1770 1797 Spiritu
1802 1746 1846 1785 in

246 1803 426 1842 vetustis
463 1803 678 1842 codicibus
716 1802 816 1841 olim
853 1816 939 1842 non
976 1801 1230 1848 habebatur,
1269 1814 1344 1840 nec
1383 1801 1541 1840 citatur
1578 1800 1633 1839 ab
1671 1800 1735 1839 his
1773 1799 1846 1851 qui

246 1857 430 1896 maxime
469 1862 663 1908 pugnant
702 1857 905 1896 aduersus
944 1857 1136 1902 Arianos,
1177 1860 1284 1907 puta
1322 1855 1571 1901 Athanasio,
1612 1853 1766 1905 Cyrillo
1805 1857 1849 1892 et

1074 1985 1316 2026 (Herminjard
1336 1994 1407 2023 121,
1425 1995 1459 2016 n.
1480 1987 1546 2025 12).
1623 1995 1634 2005 ·

1161 2029 1339 2070 Pelicano]
1355 2028 1417 2062 See
1433 2029 1498 2070 Ep.
1518 2038 1614 2070 1452.
1633 2037 1709 2069 19n.

1121 2076 1170 2105 18.
1197 2072 1358 2112 Balaam]
1372 2072 1422 2105 Of.
1438 2072 1504 2115 Ep.
1522 2073 1617 2113 1496.
1641 2081 1714 2112 141.
1760 2071 1841 2104 This

1073 2120 1179 2149 taunt
1203 2116 1367 2148 incensed
1394 2116 1561 2148 Erasmus
1585 2115 1734 2158 greatly.
1786 2115 1841 2148 He

1072 2160 1245 2192 describes
1274 2160 1335 2192 the
1363 2160 1544 2192 interview
1573 2160 1610 2191 in
1640 2158 1716 2191 Cat.
1746 2159 1839 2196 Luc„

1072 2203 1143 2236 and
1176 2214 1291 2235 recurs
1325 2207 1364 2235 to
1397 2204 1428 2235 it
1459 2203 1564 2246 again
1597 2203 1687 2235 later
1720 2213 1766 2234 on
1801 2203 1839 2241 (1,

1073 2258 1131 2289 pp.
1153 2255 1205 2287 31.
1226 2249 1325 2288 8—27‚
1346 2255 1399 2287 43.
1426 2247 1542 2287 15-16,
1565 2246 1652 2278 both
1670 2245 1786 2278 added
1804 2246 1840 2277 in

1077 2294 1198 2331 1524):
1243 2290 1317 2322 also
1340 2290 1375 2322 in
1400 2290 1460 2322 the
1483 2290 1583 2330 Resp.
1611 2289 1647 2329 (1.
1672 2291 1744 2330 811),
1769 2289 1838 2321 LB.

243 1986 312 2020 LB.
344 1997 377 2019 x.
413 1988 495 2029 1617
511 1988 597 2019 F—18
614 1997 635 2019 Β
651 1998 659 2024 ;
704 1986 911 2029 concluding
944 1985 952 1997 ‘
967 1986 1009 2018 In

239 2030 524 2106 {itidsssffm
537 2030 617 2106 1ῗέ
621 2055 627 2062 ·
635 2039 660 2105 ἐ
666 2030 854 2106 4395ιί1ἓῖὓο
869 2030 1009 2106 ἲέἒὲὲἓ

243 2118 285 2149 cf.
304 2118 369 2160 Ep.
392 2126 472 2158 1033
491 2117 621 2150 introd.
846 2083 869 2115 p

290 2170 340 2201 14.
364 2161 473 2193 etiam
501 2160 626 2200 literis]
657 2160 883 2200 Herminjard
915 2161 1007 2200 (126)

243 2205 360 2246 points
375 2208 413 2237 to
429 2208 498 2236 two
513 2204 635 2237 letters
649 2205 687 2236 in
703 2204 814 2236 which
831 2204 1007 2236 0000111111-

243 2248 366 2290 padjus
383 2247 473 2280 tried
489 2252 527 2280 to
543 2248 691 2280 restrain
709 2246 838 2279 Farel’s
854 2247 1010 2279 violence

243 2291 310 2330 (his
326 2300 382 2323 111
399 2291 469 2323 and
485 2300 557 2332 115,
571 2291 637 2331 013
653 2291 723 2323 and
739 2300 777 2329 19
790 2291 878 2333 Aug.
898 2293 1008 2332 1524),

241 2335 312 2367 and
342 2339 468 2377 quotes
497 2335 589 2367 from
621 2333 796 2366 Erasmus²
831 2334 932 2375 Resp.
965 2335 1010 2365 ad

234 2378 360 2418 fratres
389 2378 425 2418 (l.
456 2379 527 2418 811),
558 2377 877 2420 ‘oecolampadius
913 2378 1010 2410 cuius

242 2432 361 2454 mensa
384 2426 462 2454 tum
486 2421 654 2454 vtebatur
678 2421 913 2461 <Pharellus>‚
940 2432 1009 2453 non

241 2465 348 2498 semel
376 2465 475 2498 obiur
500 2466 576 2497 auit
605 2465 793 2502 hominem,
823 2465 919 2507 quod
948 2465 1008 2497 ob·

242 2509 417 2541 trectandi
430 2519 477 2541 nu
494 2508 566 2541 'um
578 2508 711 2541 faceret
725 2509 839 2546 finem,
856 2512 1010 2540 testatus

241 2563 276 2584 se
309 2563 380 2584 non
413 2562 513 2594 posse
545 2552 634 2584 ferre
666 2553 703 2584 in
737 2552 899 2584 conuiuio
932 2556 1008 2584 tam

241 2595 478 2628 amarulentas
508 2596 795 2628 obtrectationes.
849 2595 893 2627 Id
923 2595 1009 2627 mihi

241 2640 400 2671 narrauit
424 2639 486 2681 qui
510 2640 547 2671 in
573 2639 696 2671 eadem
722 2649 842 2671 mensa
867 2649 1005 2672 accum-

244 2683 361 2720 bebat,
406 2683 460 2714 vir
502 2683 719 2725 integritatis
763 2681 1007 2714 rarissimae’:

242 2726 326 2758 with
360 2726 421 2758 the
454 2726 576 2768 highly
606 2725 771 2767 probable
806 2726 1007 2769 suggestion

242 2769 323 2801 that
360 2768 537 2801 Erasmus’
572 2769 767 2801 informant
801 2779 871 2801 was
907 2769 1010 2801 Peter

243 2812 417 2845 Tossanus
447 2812 526 2854 (Ep.
562 2815 710 2853 155911);
753 2812 830 2845 who
860 2822 1009 2854 appears

243 2859 280 2887 to
309 2855 399 2888 have
429 2856 515 2888 been
544 2856 643 2888 weak
671 2856 811 2898 enough
839 2859 878 2888 to
907 2866 1011 2897 curry

242 2898 367 2931 favour
387 2899 473 2931 with
492 2899 659 2932 Erasmus
680 2899 729 2941 by
747 2899 927 2942 divulging
949 2899 1010 2932 the

243 2945 405 2974 contente
448 2942 484 2974 of
529 2942 829 2984 Oecolampadius’
874 2942 1008 2980 letters,

242 2984 317 3024 Just
333 2995 372 3017 as
391 2985 434 3017 he
451 2985 612 3018 revealed
630 2990 668 3018 to
687 2985 788 3018 Farel
804 2986 866 3019 the
883 2990 1010 3018 nature

243 3027 280 3058 of
317 3038 337 3058 a
374 3027 479 3059 letter
512 3028 548 3060 of
582 3029 749 3060 Erasmus
787 3029 867 3071 (Ep.
908 3030 1004 3069 1481)

245 3071 279 3101 of
312 3070 422 3102 which
462 3070 503 3102 110
543 3071 612 3103 had
641 3072 768 3113 gained
799 3073 1006 3114 cognizancc

1073 2345 1105 2366 x.
1129 2335 1212 2366 1618
1228 2344 1260 2366 A.

1162 2376 1279 2416 Bleto]
1308 2377 1394 2409 Ant.
1433 2376 1481 2409 du
1520 2376 1601 2409 Blet
1639 2377 1672 2417 (†
1688 2386 1716 2409 0.
1757 2376 1840 2417 May

1076 2422 1186 2462 1526),
1206 2432 1226 2452 a
1247 2420 1379 2452 banker
1398 2431 1435 2452 or
1454 2420 1637 2452 merchant
1655 2419 1692 2452 of
1709 2419 1838 2461 Lycus,

1072 2465 1149 2496 who
1175 2474 1245 2496 was
1270 2464 1307 2496 in
1333 2463 1422 2496 close
1448 2463 1642 2505 sympathy
1667 2463 1753 2495 with
1778 2462 1839 2495 the

1072 2508 1281 2540 Reformers.
1330 2507 1373 2539 In
1397 2507 1457 2539 the
1482 2508 1598 2550 spring
1625 2506 1661 2538 of
1687 2516 1773 2548 1524
1796 2506 1839 2539 he

1071 2550 1321 2593 accompanied
1359 2550 1460 2583 Farel
1497 2555 1535 2582 to
1573 2551 1658 2582 visit
1695 2550 1789 2582 Zwin
1815 2549 1840 2582 li

1071 2599 1111 2627 at
1130 2594 1266 2627 Zurich.
1311 2594 1409 2636 They
1430 2604 1517 2626 were
1538 2598 1577 2626 at
1598 2593 1701 2626 Basle
1720 2594 1758 2627 in
1778 2597 1795 2626 t
1820 2603 1839 2625 e

1072 2638 1201 2670 middle
1223 2638 1260 2670 of
1280 2638 1364 2680 May
1385 2637 1627 2678 (Herminjard
1652 2645 1726 2675 100,
1753 2645 1809 2669 101
1829 2648 1838 2673 ;

1072 2682 1153 2714 LE2.
1180 2684 1271 2723 795),
1291 2685 1330 2714 at
1351 2682 1545 2714 Constanee
1568 2680 1665 2722 early
1685 2681 1721 2712 in
1744 2680 1838 2712 June

1072 2726 1151 2767 (Ep.
1169 2734 1263 2766 1454.
1279 2726 1346 2765 18),
1357 2725 1428 2757 and
1438 2725 1485 2756 du
1497 2724 1577 2756 Blet
1588 2724 1658 2756 had
1671 2723 1836 2756 returned

1070 2774 1109 2800 to
1137 2769 1268 2800 France
1296 2768 1343 2810 by
1369 2768 1429 2800 the
1455 2768 1524 2800 end
1550 2767 1586 2799 of
1612 2767 1673 2799 the
1698 2767 1834 2799 mouth.

1072 2812 1178 2844 Later
1186 2813 1222 2844 in
1233 2812 1294 2844 the
1304 2822 1457 2844 summer
1466 2811 1509 2844 he
1524 2822 1594 2843 was
1604 2815 1643 2844 at
1653 2809 1834 2843 Grenoble.

1071 2857 1134 2888 See
1171 2855 1408 2895 Herminjard,
1445 2855 1516 2886 and
1545 2855 1612 2886 Zw.
1649 2854 1702 2886 E2.
1734 2855 1835 2895 346n,

1072 2900 1148 2939 380.

1116 2952 1170 2974 20.
1195 2941 1406 2981 teruncium]
1424 2941 1475 2974 Cf.
1493 2941 1559 2983 Ep.
1582 2950 1676 2983 1459.
1696 2949 1772 2982 5411.

1115 2994 1169 3024 24.
1194 2985 1349 3025 sanctos]
1366 2985 1417 3018 Cf.
1435 2985 1501 3027 Ep.
1523 2986 1618 3026 1506.
1638 2994 1693 3017 211.

1117 3037 1168 3068 33.
1194 3028 1355 3070 Epistola
1370 3027 1526 3067 Ioannis]
1546 3037 1573 3059 1.
1592 3036 1621 3068 5.
1639 3028 1716 3069 7-8.

1118 3078 1169 3111 30.
1197 3083 1275 3113 pars
1289 3071 1364 3110 illa]
1380 3072 1442 3104 See
1458 3071 1522 3112 Ep.
1542 3079 1602 3110 373
1620 3069 1751 3102 introd-
