2012 3370
212 139 290 181 292
687 140 941 180 LETTERS
973 140 1045 180 or
1076 141 1339 181 ERJASMUS
1691 142 1814 191 [1523

266 254 324 293 Te
353 267 451 292 vero
479 253 545 291 vel
574 253 757 291 maxime
784 264 953 289 mouere
981 251 1121 297 debet,
1151 251 1263 302 quod
1292 264 1419 302 quam
1449 251 1595 289 multis
1622 251 1814 290 lucubra-

211 309 399 348 tionibus
420 310 461 346 iu
494 307 704 345 Ecclesiae
725 305 957 344 vtilitatem
978 306 1160 355 sumptis
1180 305 1353 356 gloriam
1385 306 1558 356 parasti,
1581 306 1817 356 praeripere

208 362 289 402 tibi
316 362 564 401 Lutheriani
590 363 758 411 parant,
785 360 889 398 dum
913 361 958 398 in
983 372 1156 398 suorum
1180 372 1357 399 numero
1381 359 1489 398 falso
1515 364 1558 398 te
1583 365 1816 399 recensent.

210 417 331 456 Adde
351 415 467 467 quod
488 415 655 461 aemuli,
678 415 711 453 si
732 415 805 464 qui
826 419 939 460 sunt,
962 415 1035 465 qui
1055 418 1177 453 tuam
1197 414 1428 453 corrodunt
1447 413 1621 460 famam,
1644 413 1818 464 quando

152 487 188 519 55
210 484 296 510 non
324 471 406 509 alio
434 470 567 521 magis
596 470 766 507 nomine
793 469 873 507 tibi
901 481 1050 507 nocere
1078 473 1270 519 possunt,
1299 470 1343 507 in
1370 468 1486 507 illam
1514 467 1745 507 factionem
1773 471 1816 506 te

210 525 462 564 asscribunt.
523 524 719 571 Quantus
766 527 909 561 autem
958 523 1124 562 accedit
1168 523 1378 569 stimulus,
1427 522 1543 573 quod
1589 522 1816 568 Adrianus,

209 592 400 618 summus
432 578 631 618 Pontifex
662 582 706 616 et
735 581 836 616 tuus
868 581 1180 624 conterraneus,
1213 582 1257 616 et
1287 577 1339 616 de
1370 590 1492 628 grege
1523 576 1696 615 Domini
1725 580 1817 614 tam

209 633 426 679 sollicitus,
460 637 687 684 tantopere
717 636 761 671 te
792 632 952 671 inuitat
983 635 1034 670 vt
1065 644 1158 670 eam
1191 633 1454 682 prouinciam
1487 630 1712 669 desumas!
1763 630 1817 668 ad

210 700 339 738 quam
370 700 466 726 cum
494 687 605 726 illius
633 691 764 737 atque
793 687 982 724 omnium
1011 686 1167 724 iudicio
1196 686 1351 724 videris
1379 687 1422 724 in
1450 686 1597 736 primis
1625 684 1815 730 idoneus

148 752 193 781 60
208 746 303 780 tum
323 743 453 780 etiam
472 755 557 780 non
575 745 749 792 rogatus
767 745 919 791 sponte
938 753 1092 778 nomen
1111 740 1211 778 dare
1230 740 1358 778 debes
1378 754 1385 778 ς
1422 752 1519 778 cum
1537 752 1608 778 eas
1625 738 1818 777 haereses

208 796 498 847 suppullulare
538 796 696 841 videas,
732 795 887 846 quibus
927 795 1103 833 tandem
1145 794 1302 833 adultis
1343 798 1438 832 tota
1477 798 1573 832 ruet
1614 793 1816 832 Ecclesia.

208 850 358 902 Neque
391 852 503 889 cnim
538 863 623 888 vna
656 854 733 888 aut
766 849 901 887 altera
933 850 1167 899 perniciosa
1199 850 1371 887 nouitas
1403 849 1620 899 ingeritur,
1655 847 1730 886 sed
1763 847 1817 885 ad

208 906 423 956 ingentem
454 904 778 943 Vuiclcficarum
807 903 1027 941 haeresum
1060 907 1277 941 cateruam
1307 915 1421 941 noua
1450 902 1660 941 accedunt
1684 914 1816 948 arma,

207 972 361 1011 nempe
393 960 597 1005 conuicia,
633 957 927 1003 contumeliae,
961 957 1129 1007 probra,
1163 957 1331 1007 linguae
1363 969 1527 995 veneno
1559 958 1734 1001 tinctae,
1769 960 1819 994 vt

148 1024 187 1063 65
206 1013 333 1064 plane
367 1014 501 1052 videri
535 1014 670 1063 possit
702 1024 915 1050 venenum
949 1011 1145 1062 aspidum
1180 1011 1259 1049 sub
1293 1024 1438 1049 eorum
1472 1011 1595 1049 labiis
1628 1009 1816 1049 ebullire.

209 1068 289 1107 His
324 1068 419 1107 telis
455 1067 700 1113 Ecclesiam,
738 1078 868 1117 quam
905 1064 988 1104 alia
1022 1066 1187 1103 ratione
1222 1078 1309 1103 non
1344 1069 1536 1116 possunt,
1575 1076 1817 1115 expugnare

207 1127 377 1173 parant.
437 1121 554 1169 Quae
574 1125 719 1159 autem
741 1120 795 1158 ab
815 1119 1032 1171 Apostolis
1051 1120 1253 1158 instituta
1272 1123 1371 1170 post
1391 1119 1605 1158 Christum
1625 1120 1816 1157 incarna-

206 1182 303 1216 tum
337 1177 381 1215 in
417 1175 605 1215 Ecclesia
639 1174 849 1214 catholica
883 1187 1047 1225 semper
1082 1173 1309 1212 obseruata
1343 1177 1457 1220 sunt,
1493 1174 1585 1212 istis
1620 1174 1817 1212 vniuersa

208 1230 446 1282 displicent,
484 1229 738 1269 traditiones
775 1232 1020 1268 sanctorum
1059 1228 1250 1274 Patrum,
1290 1227 1502 1267 Ecclesiae
1537 1228 1660 1274 ritus,
1699 1239 1816 1266 sacra

147 1301 192 1333 70
208 1286 351 1324 omnia
372 1298 379 1324 :
421 1286 465 1324 in
491 1296 672 1335 quorum
698 1283 841 1322 locum
866 1282 970 1334 quid
995 1283 1076 1334 ipsi
1101 1286 1290 1322 statuere
1316 1282 1463 1329 velint,
1490 1281 1682 1321 nondum
1707 1282 1819 1320 inter

205 1352 278 1378 eos
304 1340 517 1378 conuenit.
577 1338 733 1377 Omnes
757 1350 943 1388 namque
968 1337 1229 1376 Christianos
1254 1337 1367 1375 viros
1390 1338 1514 1375 iuxta
1538 1349 1587 1375 ac
1610 1335 1818 1375 foeminas

206 1406 259 1432 ex
288 1407 425 1445 aequo
452 1393 693 1432 sacerdotes
720 1405 822 1438 esse,
852 1391 995 1431 Stoica
1022 1391 1210 1442 quadam
1238 1391 1509 1442 morosophia
1536 1390 1816 1436 contendunt,

207 1461 353 1487 omnes
372 1449 502 1486 etiam
522 1460 575 1486 ex
593 1460 731 1498 aequo
750 1459 867 1497 reges
887 1459 895 1492 ;
931 1458 1032 1484 nam
1051 1458 1100 1484 eo
1120 1445 1262 1484 tendit
1279 1445 1454 1484 libertas
1472 1444 1544 1483 illa
1563 1444 1816 1490 Christiana,

209 1515 340 1553 quam
360 1501 486 1541 nullis
510 1501 731 1540 hominum
754 1500 917 1551 legibus
941 1504 1138 1539 asserunt
1161 1499 1404 1538 obnoxiam.
1464 1499 1558 1546 Quo
1578 1498 1682 1550 quid
1702 1498 1815 1538 aliud

147 1572 186 1605 75
208 1569 339 1607 quam
371 1555 617 1595 anarchiam
647 1557 842 1606 parant?
891 1555 1066 1593 tametsi
1100 1553 1351 1593 Germaniae
1383 1554 1594 1604 principes
1626 1552 1817 1592 nondum

206 1610 251 1649 id
292 1611 573 1661 persentiunt.
631 1609 865 1648 Tentatum
905 1608 950 1647 id
992 1607 1223 1659 aliquando
1261 1621 1287 1646 a
1327 1607 1613 1658 Vuyclefiam‘s
1652 1608 1696 1646 in
1737 1607 1818 1645 hoc

207 1677 337 1716 regno
376 1664 488 1710 suit;
547 1667 829 1714 coactumque
869 1662 924 1701 ab
966 1662 1033 1701 his
1072 1663 1391 1701 coniuratorum
1431 1662 1665 1700 exercitum
1705 1673 1817 1700 com·

207 1720 335 1758 misso
353 1718 512 1770 praelio
528 1719 602 1757 vix
620 1717 797 1757 tandem
816 1717 931 1768 regia
949 1720 1166 1768 potestate
1182 1716 1326 1755 fusum
1344 1716 1627 1767 fugatumque
1645 1714 1819 1754 annales

206 1773 341 1812 nostri
370 1776 599 1812 testantur.
658 1772 870 1811 Lutherus
900 1771 964 1809 De
993 1770 1239 1821 abroganda
1266 1770 1408 1817 Missa,
1438 1783 1569 1821 quam
1596 1782 1817 1820 nunquam

148 1837 192 1867 80
205 1828 431 1874 intellexit,
447 1827 636 1874 libellum
651 1830 716 1865 est
730 1839 858 1865 ausus
874 1825 1038 1864 aedere.
1098 1824 1209 1872 Quid
1223 1824 1400 1864 tandem
1413 1828 1606 1876 superest
1621 1823 1817 1875 ampliuS‚

206 1882 288 1921 nisi
314 1883 348 1920 si
376 1882 427 1920 de
454 1881 664 1920 abolendo
690 1880 858 1920 Christo
883 1879 1065 1918 scribere
1092 1879 1362 1918 destinauit?
1406 1891 1507 1917 nam
1526 1878 1610 1918 huc
1635 1878 1818 1917 hominis

206 1937 372 1976 insania
398 1935 573 1974 tendere
599 1935 733 1974 videri
759 1938 902 1986 potest
923 1948 930 1973 :
974 1933 1323 1984 quandoquidem
1350 1933 1495 1972 diuam
1521 1933 1736 1984 Virginem
1763 1931 1818 1970 ab

206 1990 296 2029 eius
329 1990 582 2041 sequacibus
611 1991 698 2028 iam
730 1989 947 2040 explosam
979 1988 1190 2027 audimus.
1249 1987 1444 2026 Tantane
1474 1988 1674 2038 impietas
1705 1986 1818 2025 vltra

209 2044 461 2085 sustinenda
481 2048 546 2083 est
566 2047 582 2082 ‘3

148 2098 186 2140 85
262 2099 342 2137 Per
375 2111 452 2149 ego
485 2102 529 2137 te
563 2097 718 2137 Christi
751 2101 820 2136 tot
854 2097 1086 2136 exhaustos
1120 2095 1290 2135 mortali
1325 2109 1498 2146 corpore
1531 2095 1709 2141 labores,
1744 2107 1819 2145 per

206 2152 326 2191 illum
349 2153 597 2203 sanguinem
619 2165 746 2202 quem
767 2153 811 2190 in
833 2151 981 2190 mundi
1001 2152 1193 2202 precium
1215 2150 1494 2189 moribundus
1515 2149 1720 2201 profudit,
1744 2161 1819 2200 per

206 2207 323 2245 illam
347 2206 523 2258 gloriam
547 2219 677 2257 quam
700 2207 745 2244 'm
769 2205 893 2244 coelis
917 2205 1092 2244 decursa
1117 2204 1197 2244 hac
1221 2205 1313 2243 vita
1337 2208 1551 2255 expectas,
1576 2208 1620 2242 te
1644 2203 1818 2242 obsecro

207 2265 341 2312 atque
360 2261 564 2306 obtestor,
586 2260 774 2307 Era-sme,
795 2260 882 2299 imo
901 2272 1002 2298 vero
1021 2263 1065 2298 te
1085 2262 1180 2298 orat
1201 2262 1332 2309 atque
1352 2259 1595 2298 obtestatur
1615 2257 1817 2303 Ecclesia,

208 2319 259 2354 Vt
291 2328 388 2354 cum
419 2315 500 2354 hac
532 2314 670 2365 hydra
701 2314 878 2353 tandem
911 2313 1195 2364 congrediare.
1253 2312 1376 2352 Aude
1407 2316 1594 2359 tantum,
1629 2316 1673 2351 et
1705 2311 1817 2350 orbis

148 2389 191 2422 90
208 2369 392 2420 spondet
421 2369 501 2408 tibi
530 2369 768 2408 Victoriam.
827 2368 1047 2415 Quantum
1077 2368 1234 2406 etenim
1264 2367 1344 2406 tibi
1374 2366 1524 2418 culpae
1552 2379 1639 2405 non
1668 2365 1745 2404 abs
1773 2377 1818 2404 re

208 2422 388 2475 impingi
414 2426 575 2474 potest,
607 2424 641 2462 si
669 2427 771 2461 tuae
798 2423 963 2473 patriae
991 2421 1262 2473 periclitanti,
1285 2421 1319 2459 si
1347 2420 1560 2460 Ecclesiae
1589 2417 1817 2459 collabenti

209 2490 340 2529 quam
360 2479 545 2528 primum
572 2490 846 2516 succursurus
866 2489 952 2515 non
973 2475 1162 2521 aduolaS,
1184 2478 1358 2514 tantum
1386 2473 1640 2514 immortalis
1660 2473 1817 2524 gloriae

209 2536 252 2571 te
268 2531 472 2577 manebit,
490 2532 524 2570 si
540 2531 617 2570 abs
631 2535 675 2570 te
696 2532 862 2582 patriae
882 2535 983 2569 tuae
1005 2534 1257 2569 conseruata
1277 2529 1434 2580 religio,
1457 2529 1493 2567 si
1512 2529 1599 2567 tuis
1619 2527 1814 2567 lucubra-

208 2585 397 2625 tionibus
428 2585 617 2624 Ecclesia
646 2585 823 2624 suffulta
853 2586 945 2624 erit.
1004 2584 1211 2634 Denique,
1242 2583 1301 2622 illi
1331 2584 1411 2634 ipsi
1441 2582 1606 2621 labores
1636 2594 1743 2632 quos
1771 2584 1815 2622 in

149 2653 188 2686 95
210 2641 338 2679 sacris
362 2640 494 2678 literis
520 2639 775 2679 exornandis
800 2639 1033 2690 sumpsisti,
1059 2651 1145 2677 non
1170 2650 1322 2690 parum
1347 2641 1392 2676 te
1417 2638 1602 2676 excitare
1628 2635 1785 2675 debent
1806 2651 1816 2676 :

257 2726 307 2757 53.
334 2717 525 2749 Lutherani
539 2717 643 2748 Lond.
725 2721 778 2759 63.
805 2716 994 2748 haereseoen
1007 2716 1111 2748 Lond.
1195 2718 1247 2757 64.
1274 2714 1407 2745 tinctae
1420 2713 1473 2745 N:
1500 2713 1614 2745 tincta
1625 2713 1672 2752 Η,
1686 2724 1813 2746 necnon

210 2760 257 2792 Νι
274 2762 313 2791 *in
328 2760 527 2802 quibusdam
543 2761 798 2801 exemplaribus.
892 2763 943 2803 76.
971 2758 1192 2791 Vuiclefianis
1208 2758 1312 2790 Lond.

254 2854 307 2891 65.
332 2850 521 2890 venenum]
539 2851 595 2882 Ps.
619 2860 668 2891 13.
691 2860 721 2891 3,
744 2859 815 2890 139.
834 2860 866 2889 4.
1088 2860 1140 2893 79.
1167 2849 1220 2881 De
1255 2847 1457 2890 abroganda
1490 2846 1612 2886 Missa]
1646 2847 1708 2879 See
1744 2847 1809 2889 Ep.

254 2902 308 2936 72.
334 2894 569 2945 morosophia]
584 2894 634 2926 Cf.
652 2893 734 2926 Luc.
752 2895 848 2926 Alex.
861 2902 918 2933 40.
1048 2902 1140 2934 1342.
1161 2901 1263 2936 753n.
1435 2935 1442 2941 ι

213 2937 974 3020 12.⁷32..}.l‚¹¹315}.5323¹.{l‚Iagsssffffaffifi
1042 2933 1810 3012 ιηῖἱεὲζῗξῗὲἒᾶἶὲἒῖῧῗὲἓᾚῖἕῖἓὲῗ

216 3031 311 3064 1534,
329 3033 386 3064 pp.
405 3025 529 3063 435-6,
548 3024 616 3055 and
633 3023 677 3055 cf.
696 3024 762 3065 Ep.
784 3032 882 3065 1352.
900 3032 972 3066 155.
1042 3023 1178 3061 ccrned,
1197 3033 1345 3064 appears
1363 3026 1399 3053 to
1416 3021 1458 3053 be
1476 3021 1573 3062 quite
1591 3020 1750 3053 baseless.
