2012 3370
90 136 212 185 1302]
1634 128 1686 166 95

504 252 626 291 1302.
690 249 757 289 To
791 248 954 289 Pmmz
986 248 1269 289 BARmmtrs.

135 326 237 371 Opus
253 325 503 371 Epistolarum
518 335 552 368 p.
569 326 649 367 762.
1370 321 1536 363 <Basle.>

136 385 180 419 N.
198 395 232 429 p.
248 394 316 428 727
335 397 343 419 ε
370 381 486 417 Lond.
505 393 565 416 xx.
582 391 653 426 40:
681 381 754 416 LB.
771 382 852 426 644.
1277 383 1328 421 <c.
1349 391 1391 425 14
1407 379 1497 424 July
1514 381 1640 423 1522>

132 457 365 500 [Apparently
380 456 613 498 incomplete:
645 459 914 498 contemporary
931 455 1016 487 with
1034 455 1124 497 Epp.
1148 463 1243 493 1299,
1265 463 1360 494 1300,
1379 452 1490 484 which
1509 451 1585 484 deal
1604 451 1688 482 with

89 511 195 544 many
212 501 248 534 of
263 502 322 534 the
339 502 450 543 topics
466 500 667 532 mentioned
682 499 789 539 hera]

348 608 565 639 ERASMVS
597 607 836 638 ROTEROD.
869 606 1024 636 PETRO
1056 605 1288 635 BARBIRIO
1322 603 1358 634 S.
1381 605 1427 634 D.

143 671 290 710 AMIOE
316 669 671 721 incomparabilis,
700 668 847 719 scripsi
872 679 947 718 per
972 665 1242 704 Morillonum
1269 669 1477 711 nostrum,
1507 665 1689 704 amicum

89 738 186 764 vere
211 724 439 764 candidum
459 738 468 771 ;
509 737 561 763 ex
585 736 670 775 quo
695 722 832 761 multa
855 733 1079 772 cognosces
1104 719 1157 759 de
1179 723 1299 759 statu
1323 720 1387 758 tui
1412 719 1591 765 Erasmi,
1617 719 1691 769 qui

89 779 214 830 plane
243 779 381 830 periit,
411 779 446 817 si
474 779 609 830 perire
637 781 703 816 est
731 776 787 816 ad
816 780 997 815 mortem
1026 774 1213 814 tendere.
1271 773 1427 824 Scripsi
1455 785 1589 824 nuper
1618 772 1691 811 sed

90 833 237 884 paucis
264 833 460 879 Romam,
488 832 604 884 quod
628 833 837 870 incertum
863 833 974 869 esset
1003 842 1058 868 an
1086 828 1169 867 illic
1198 840 1308 867 esses
1336 827 1520 866 futurus.
1578 827 1690 866 Nam

89 887 192 927 mihi
241 900 406 939 semper
441 887 525 926 fuit
561 886 739 938 suspitio
777 884 1027 924 Pontificem
1064 882 1300 922 Adrianum
1344 895 1431 921 non
1474 881 1691 921 aditurum

89 942 286 989 Romam,
314 941 382 980 vel
404 945 503 980 ante
526 945 782 980 autumnum
804 938 872 978 vel
894 939 982 977 sine
1004 937 1193 978 Caesare.

144 996 267 1036 Nunc
291 1009 377 1035 non
400 1009 584 1047 aequum
608 999 673 1034 est
695 998 739 1034 te
762 994 920 1033 nescire
944 1005 1029 1044 quo
1052 991 1144 1031 fato
1168 991 1340 1043 perierit
1361 994 1463 1030 tuus
1486 991 1692 1029 hactenus

91 1051 166 1090 abs
199 1055 243 1089 te
274 1050 471 1089 defensus
509 1050 649 1089 cliens.
708 1047 1013 1087 Excudebatur
1050 1047 1117 1085 hic
1154 1050 1322 1097 praeter
1360 1045 1443 1084 alia
1480 1044 1690 1096 quaedam

91 1105 263 1145 Nouum
282 1104 605 1144 Testamentum
623 1104 751 1143 tertio
771 1102 1034 1154 recognitum
1054 1113 1103 1140 ac
1121 1099 1430 1151 locupletatum
1451 1113 1460 1146 ;
1496 1103 1540 1138 et
1559 1111 1689 1150 quan-

94 1172 224 1210 quam
245 1158 373 1198 semel
393 1163 523 1210 atque
542 1159 698 1197 iterum
718 1170 786 1196 me
806 1156 1031 1196 crudeliter
1045 1155 1275 1206 accepisset
1291 1153 1530 1200 Germania,
1546 1157 1692 1192 tamen

91 1213 453 1265 quemadmodum
482 1213 601 1252 asina
629 1212 785 1251 dicitur
813 1224 888 1263 per
916 1209 1077 1249 medios
1105 1210 1221 1260 ignes
1245 1221 1484 1248 succurrere
1507 1207 1692 1246 foetibus

90 1268 189 1314 suis,
212 1268 275 1306 ita
297 1280 372 1318 ego
395 1267 618 1318 cupiebam
640 1266 770 1305 etiam
793 1265 945 1316 capitis
967 1264 1049 1303 mei
1070 1262 1256 1315 periculo
1278 1262 1424 1302 adesse
1445 1263 1562 1314 operi
1584 1275 1691 1308 mec,

90 1321 207 1373 quod
223 1321 339 1360 haud
356 1321 483 1360 dubie
501 1321 611 1360 male
626 1324 863 1359 tractatum
879 1318 1030 1357 fuisset
1046 1318 1125 1356 nisi
1142 1318 1232 1368 ipse
1250 1316 1492 1356 adfuissem.
1539 1316 1693 1366 Itaque

91 1388 224 1427 quum
243 1375 417 1414 daretur
434 1375 664 1414 comitatus
682 1374 879 1425 frequens
898 1372 1082 1411 militum
1100 1372 1175 1423 qui
1192 1375 1286 1410 tum
1305 1370 1467 1409 dimissi
1480 1383 1505 1409 a
1518 1369 1693 1409 Caesare

91 1430 343 1481 repetebant
369 1429 558 1476 domum,
586 1441 714 1468 ausus
741 1441 835 1467 sum
862 1440 929 1466 me
954 1426 1096 1465 itineri
1123 1425 1402 1465 committere.
1460 1424 1572 1464 Nam
1598 1437 1694 1463 rure
1739 1445 1750 1471 ς

92 1483 392 1524 Anderlacensi
419 1485 478 1523 sic
507 1483 820 1530 conualueram,
849 1482 935 1520 imo
965 1481 1023 1520 sic
1052 1479 1368 1532 quodammodo
1397 1479 1693 1531 repubueram,

93 1543 143 1578 vt
165 1538 269 1578 nihil
291 1551 379 1577 non
401 1538 599 1577 auderem
623 1537 858 1577 forticulus.
916 1535 983 1576 Sic
1008 1539 1108 1574 ante
1130 1535 1311 1581 ruinam,
1336 1534 1459 1573 iuxta
1483 1533 1694 1585 Sapientis

92 1593 269 1640 dictum,
291 1593 399 1633 solet
418 1592 559 1632 attolli
578 1605 661 1632 cor.

148 1647 242 1686 Hac
263 1648 307 1686 in
327 1660 371 1686 re
390 1647 477 1686 iam
497 1646 603 1686 illud
623 1646 859 1686 maximum
879 1644 964 1684 fuit
982 1643 1278 1690 infortunium,
1296 1642 1412 1694 quod
1433 1642 1577 1682 subita
1592 1642 1696 1681 data

95 1702 314 1741 occasione
343 1701 616 1741 discesseram
644 1700 836 1740 nondum
866 1699 1135 1750 colloquutus
1165 1711 1262 1737 cum
1292 1697 1454 1736 Ioanne
1475 1696 1693 1747 Glapione,

94 1769 221 1807 quem
246 1760 447 1808 expertus
471 1769 565 1795 sum
591 1755 695 1794 mihi
720 1768 817 1794 vere
842 1758 887 1793 et
912 1767 965 1793 ex
990 1753 1131 1792 animo
1158 1753 1356 1791 amicum.
1415 1751 1696 1802 Expetiuerat

92 1811 161 1850 ille
188 1810 443 1862 colloquium
470 1823 625 1856 meum,
654 1814 698 1849 et
723 1822 799 1861 ego
826 1809 1099 1848 vehementer
1125 1806 1349 1858 cupiebam
1370 1805 1573 1862 ¹congredi
1599 1818 1694 1844 cum

94 1864 271 1904 eodem:
325 1865 399 1904 sed
436 1864 539 1904 dum
574 1864 643 1904 ille
680 1868 848 1902 nostras
885 1862 1009 1902 aedes
1046 1861 1224 1907 adierat,
1262 1873 1339 1912 ego
1375 1859 1486 1899 forte
1524 1859 1695 1898 aberam

94 1919 367 1970 Antuerpiae,
390 1919 586 1970 colligens
607 1931 785 1958 messem
805 1917 1130 1969 pensionariam.
1188 1915 1367 1954 Interim
1386 1914 1455 1953 ille
1475 1913 1696 1953 Caesarem

95 1977 301 2025 sequutus
336 1977 402 2013 est
437 1973 635 2013 Valentia
670 1972 897 2024 profugum
932 1972 977 2010 in
1013 1970 1171 2010 bellum
1206 1969 1482 2008 Tornacense.
1542 1968 1696 2019 Itaque

95 2028 320 2079 desperata
355 2027 622 2079 colloquendi
658 2026 963 2066 commoditate
998 2025 1081 2064 huc
1116 2023 1332 2075 profectus
1369 2036 1476 2069 sum,
1514 2023 1593 2061 hoc
1630 2035 1697 2061 me

96 2082 330 2129 consolans,
345 2082 462 2133 quod
475 2094 687 2133 sperarem
700 2081 790 2120 fore
804 2084 854 2120 vt
868 2080 1074 2119 absolutis
1088 2079 1153 2118 his
1167 2091 1277 2130 quae
1291 2081 1414 2117 erant
1426 2078 1471 2116 in
1485 2077 1695 2123 manibus,

96 2136 313 2176 redderem
338 2149 404 2175 me
428 2137 592 2188 patriae
616 2140 716 2175 ante
740 2135 927 2175 Caesaris
951 2134 1130 2173 abitum.

95 2224 250 2266 quidem,
270 2223 394 2261 fateor,
414 2223 475 2255 sed
494 2224 542 2254 sic
562 2226 646 2255 sunt
665 2222 847 2255 hominum
868 2231 990 2254 mores.
1034 2221 1156 2262 Neque
1176 2230 1306 2262 paucos
1326 2230 1348 2252 a
1368 2219 1561 2261 theologiae
1581 2219 1700 2251 studio

95 2267 226 2299 alienat
245 2267 347 2299 istius
368 2267 546 2309 asperitas.
595 2266 672 2299 Scio
694 2269 810 2298 totum
833 2265 1010 2298 hominem
1032 2264 1132 2296 vobis
1154 2263 1344 2306 displicere,
1368 2266 1506 2305 practer
1527 2263 1613 2294 duos
1636 2267 1699 2294 aut

96 2315 165 2343 tres
188 2310 411 2343 combibones
434 2314 470 2342 et
492 2320 603 2342 vnum
626 2313 858 2342 veteratorem
882 2309 942 2351 qui
965 2307 1121 2340 stulticia
1143 2307 1294 2340 hominis
1316 2307 1362 2339 ad
1384 2317 1464 2339 suas
1487 2306 1698 2347 cupiditates

95 2355 265 2386 abutitur.
309 2354 376 2386 Sed
395 2355 447 2385 ita
466 2354 607 2385 demum
626 2352 889 2395 intellig[er]ent
909 2363 1027 2384 omnes
1047 2362 1127 2384 eum
1147 2351 1247 2384 vobis
1266 2362 1337 2383 non
1357 2349 1509 2392 probari,
1528 2351 1556 2381 si
1576 2354 1697 2391 postea

96 2408 203 2440 quam
222 2397 393 2429 coherceri
410 2408 481 2429 non
500 2401 630 2439 potest,
647 2397 814 2429 eieceritis
832 2406 850 2428 e
869 2400 987 2428 vestro
1005 2395 1244 2427 contubernio.
1286 2393 1537 2426 Difficillimum
1556 2392 1696 2434 quidem

95 2441 210 2473 isthuc
227 2442 306 2479 erit,
321 2444 378 2473 sat
393 2442 474 2473 scio.
514 2441 606 2473 Nam
623 2450 723 2482 aegre
741 2440 827 2472 tales
844 2439 1044 2471 auelluntur
1059 2450 1080 2471 a
1095 2439 1216 2471 nidore
1233 2438 1474 2470 conuiuiorum
1491 2436 1697 2469 solennium.

98 2485 320 2526 opiparorum
340 2488 377 2516 et
396 2485 642 2526 gratuitorum.
688 2484 754 2517 Sed
775 2487 893 2515 tamen
915 2483 979 2515 hoc
1000 2483 1154 2525 pertinet
1173 2482 1218 2514 ad
1239 2482 1405 2514 honorem
1427 2480 1556 2513 ordinis
1576 2481 1695 2514 vestri.

96 2529 152 2560 cui
170 2529 295 2560 merito
310 2528 424 2561 faueo.
466 2528 559 2560 Bene
578 2528 691 2560 valete
708 2540 738 2559 a.

147 2632 172 2654 1.
198 2622 332 2664 scripsi]
362 2622 434 2654 The
464 2622 566 2654 letter
596 2622 794 2654 mentioned
825 2622 860 2653 in
982 2628 1030 2659 15.
1056 2617 1188 2657 itineri]
1216 2618 1283 2649 For
1309 2616 1484 2648 Erasmus?
1514 2619 1632 2647 return
1661 2619 1698 2647 to

100 2667 166 2708 Ep.
183 2668 274 2708 1287.
291 2671 333 2708 46
349 2680 356 2698 :
387 2665 567 2707 evidently
579 2669 657 2697 sent
672 2665 756 2697 with
770 2665 859 2706 Epp.
934 2663 1033 2695 Basle
1055 2663 1091 2694 in
1115 2662 1306 2693 Oct.——Nov.
1336 2670 1413 2701 1521
1441 2669 1496 2691 see
1520 2659 1584 2700 Ep.
1614 2668 1693 2699 1242

106 2711 242 2751 1273-6.
260 2709 314 2741 for
329 2709 487 2741 Morillon
505 2713 542 2740 to
559 2709 640 2740 take
658 2712 696 2740 to
712 2709 828 2750 Spain.
931 2706 1058 2738 introd.

149 2762 177 2793 3.
206 2752 335 2793 Scripsi
351 2751 476 2793 nuper]
493 2752 557 2793 Ep.
583 2762 676 2791 1294.
982 2752 1032 2781 10.
1058 2745 1318 2786 conualueram]
1333 2747 1383 2779 Cf.
1402 2746 1466 2788 Ep.
1488 2748 1579 2778 1208.
1600 2754 1654 2777 2n.

145 2805 176 2834 9.
202 2796 343 2828 Nouum
381 2794 661 2834 Testamentum]
696 2795 757 2827 See
796 2795 862 2836 Ep.
982 2802 1031 2834 17.
1059 2790 1247 2833 Sapientis]
1265 2791 1365 2822 Prov.
1391 2791 1440 2822 16,
1463 2792 1511 2822 18.

105 2849 197 2881 1174.
222 2848 296 2880 1511.
979 2845 1033 2867 zo.
1060 2836 1242 2877 Glapiono]
1263 2834 1325 2867 See
1342 2835 1407 2876 Ep.
1428 2841 1522 2873 1275.

150 2891 199 2915 10.
225 2882 409 2915 crudeliter
422 2881 624 2923 accepisset]
639 2882 706 2913 For
719 2881 865 2923 dangers
981 2888 1034 2918 24.
1061 2877 1288 2919 Antuerpiae]
1302 2878 1363 2909 Sec
1380 2878 1443 2919 Ep.
1470 2885 1551 2916 1242
1568 2877 1697 2909 introd.

101 2926 333 2958 encountered
351 2926 398 2967 by
416 2926 582 2957 Erasmus
600 2935 644 2957 on
662 2925 715 2956 his
733 2935 809 2966 way
829 2929 866 2956 to
981 2931 997 2953 2
1006 2931 1033 2963 5.
1060 2921 1189 2954 bellum
1229 2920 1459 2960 Tornacense]
1500 2920 1598 2953 Since
1640 2919 1699 2951 the

101 2969 171 3001 and
185 2969 274 3001 from
291 2968 391 3001 Basle
405 2969 447 3000 cf.
466 2969 530 3010 Ep.
551 2970 643 3009 1248.
661 2979 716 3000 2n.
935 2965 1078 3005 English
1104 2965 1312 2997 evacuation
1338 2965 1374 2996 in
1404 2966 1484 3005 1518
1513 2963 1593 3005 (Ep.
1623 2965 1698 3003 360.

151 3021 200 3044 11.
227 3011 338 3051 asina]
354 3012 404 3045 Cf.
423 3013 487 3054 Ep.
509 3014 600 3054 1248.
620 3014 695 3052 6-7.
939 3005 1015 3048 1611)
1055 3008 1217 3050 'rournay
1257 3008 1325 3040 had
1367 3009 1450 3039 boon
1491 3008 1524 3039 in
1567 3007 1696 3038 Frons-h

1714 1173 1753 1195 10

1714 1989 1753 2020 25
