2012 3370
270 134 321 171 88
742 128 996 167 LETTERS
1028 126 1099 167 OF
1131 127 1275 167 ERAS
1282 126 1393 166 MUS
1742 127 1865 176 [1522

269 238 276 251 ⁴
292 239 451 282 Epistola
485 240 524 270 1).
559 237 693 270 Erasini
726 236 980 267 Rottcrodami.
1010 245 1027 267 2
1059 235 1219 267 Octobris
1253 237 1336 276 1596
1367 235 1512 266 inuenta
1541 234 1633 266 inter
1659 234 1798 266 chartas
1830 237 1867 266 et

269 284 486 315 munimenta
500 282 520 314 ³,
566 282 601 312 lt
620 282 648 312 is
671 280 728 311 the
749 280 887 311 earliest
907 280 942 311 of
963 279 1022 310 the
1043 279 1085 310 de
1106 279 1310 311 Ram-Neve
1332 278 1564 319 manuscripts
1585 277 1719 319 bought
1739 277 1786 319 by
1808 277 1868 309 the

267 326 398 358 British
422 326 579 357 Mus-eum
604 325 639 355 in
668 333 748 361 1012
775 326 844 363 (sec
868 323 959 363 App.
990 333 1027 363 17
1053 324 1088 354 in
1112 323 1179 354 vol.
1208 323 1280 362 vi):
1317 322 1376 353 the
1401 321 1550 362 opening
1574 320 1770 363 paragraph
1793 321 1864 352 and

267 380 288 401 a
304 369 369 404 few
386 369 486 401 other
501 368 599 400 short
619 369 773 398 extracts
796 376 853 397 are
870 366 1009 407 printed
1028 366 1074 407 by
1093 366 1130 397 F.
1152 365 1261 403 Neve,
1282 365 1506 397 Remissancc
1522 375 1564 396 en
1579 364 1746 406 Belqiquffi
1767 366 1864 403 1890,

266 424 324 454 pp.
345 415 456 450 8930.
506 412 577 443 The
595 412 698 442 lcttcr
715 411 743 441 is
761 409 888 450 clearly
906 413 1174 450 contemporary
1191 409 1277 440 with
1295 409 1359 450 Ep.
1383 418 1477 447 1299.

313 457 451 488 derome
472 454 610 487 Vander
634 454 728 485 Noot
748 454 782 493 (†
797 463 834 494 17
856 453 937 484 Feb.
964 455 1073 494 1540),
1093 453 1250 493 seigneur
1270 453 1304 484 of
1329 451 1531 484 Wastwczel
1551 451 1622 483 and
1640 451 1770 489 Rizoir,
1791 462 1865 483 suc·

269 499 395 532 ceeded
410 499 596 531 Gattinara
611 498 690 539 (Ep.
711 506 794 537 1150
808 496 952 537 introd.)
967 506 1005 527 as
1019 496 1220 529 Chanccllor
1234 496 1268 527 of
1286 496 1442 527 Brabant
1455 496 1491 526 in
1509 504 1604 536 1514,
1619 495 1690 526 and
1704 494 1786 526 thus
1801 504 1871 526 was

269 554 346 575 now
362 553 426 574 one
441 541 476 573 of
491 541 638 573 Charles'
656 540 745 572 chief
761 540 934 571 ministcrs
949 540 1086 579 (Hennc
1100 540 1121 571 i.
1138 549 1214 577 220,
1230 540 1274 571 iv.
1292 542 1366 577 208,
1384 540 1441 570 vii.
1459 540 1547 579 303).
1587 539 1629 570 111
1647 540 1727 580 1528
1745 538 1787 570 110
1802 548 1871 569 was

269 586 340 617 still
361 585 573 623 Chancellor‚
596 585 661 616 but
683 584 729 625 by
751 584 830 615 Jan.
859 592 940 624 1532
965 583 1034 614 had
1057 583 1143 615 been
1165 583 1351 614 succeeded
1374 583 1421 624 by
1442 582 1495 614 his
1517 582 1659 614 brother
1678 581 1872 623 Adelphus,

269 630 426 671 seigneur
447 629 482 660 of
505 629 642 670 Oignics
664 628 802 667 (Henne
824 627 894 658 viii.
917 637 1071 667 233—423
1107 627 1149 658 cf.
1175 627 1244 658 OE.
1268 637 1302 668 p.
1326 636 1389 666 314
1411 626 1481 657 and
1504 625 1603 657 Basle
1624 624 1694 657 MS.
1719 625 1872 657 Goclenii

270 674 336 715 Ep.
359 674 412 713 10)
428 684 435 710 ;
468 672 545 704 who
563 671 636 703 also
653 671 734 702 died
750 671 786 702 in
808 679 891 711 1540
909 671 1047 710 (Hennc
1066 671 1123 701 vii.
1144 680 1207 710 303
1223 682 1231 708 ;
1263 670 1305 701 cf.
1328 671 1463 701 Brcwer
1481 670 1549 700 xvi.
1575 667 1678 709 161).]

326 750 366 789 S.
389 749 435 788 P.
494 748 568 787 Vir
597 748 835 794 clarissime,
868 747 1100 786 multorum
1128 746 1260 785 literis
1289 746 1344 784 ad
1374 759 1440 784 me
1462 746 1734 797 perscribitur
1753 745 1869 797 quod

271 804 325 843 D.
352 803 553 843 Nicolaus
580 802 883 854 Egmondanus
909 801 1035 840 isthic
1062 801 1219 852 passim
1245 801 1290 838 in
1316 801 1523 839 conuiuiis
1549 805 1594 840 et
1619 801 1664 839 in
1689 800 1869 852 publicis

270 857 543 897 concionibus
570 857 856 896 debacchatur
887 857 932 894 in
962 868 1118 894 nomen
1144 867 1298 901 meum,
1326 868 1376 894 ac
1403 855 1582 894 subinde
1607 855 1869 894 haereticum

272 916 399 952 vocat
415 926 422 958 ;
454 911 653 963 quodque
674 915 774 962 agat
795 914 844 949 vt
863 911 1064 961 impetret
1084 910 1362 948 autoritatem
1377 922 1429 948 cx
1445 908 1542 948 aula
1554 909 1742 949 Caesaris
1758 922 1868 948 com-

236 985 249 1016 5
273 966 448 1006 burendi
471 966 659 1005 libellum
682 966 755 1015 qui
776 965 1020 1003 inscribitur
1043 963 1368 1014 Colloquiorum‚
1393 963 1509 1013 quod
1530 963 1613 1002 11110
1635 963 1687 1002 de
1710 963 1869 1002 confes-

271 1022 399 1067 sione,
417 1021 469 1059 de
482 1021 652 1066 ieiunio,
669 1020 721 1058 de
742 1018 1120 1058 constitutionibus
1140 1018 1338 1056 humanis
1357 1018 1539 1056 sentiam
1556 1030 1653 1056 cum
1668 1017 1868 1057 Luthero.

271 1075 314 1114 Si
334 1075 429 1126 quis
446 1074 558 1125 leget
572 1073 774 1119 libellum,
793 1073 947 1111 sentiet
968 1072 1071 1110 11000
1086 1071 1209 1122 longe
1224 1084 1343 1110 secus
1358 1071 1513 1110 habere
1533 1084 1540 1110 :
1578 1071 1651 1110 sed
1665 1072 1728 1111 ita
1742 1072 1869 1111 inter-

270 1133 464 1180 pretatur
488 1128 569 1173 1110,
597 1128 670 1178 qui
695 1131 837 1166 vetere
863 1126 960 1165 odio
984 1126 1152 1165 laborat
1175 1127 1220 1164 in
1245 1138 1311 1164 me
1337 1129 1381 1164 et
1404 1126 1448 1164 in
1473 1125 1637 1177 linguas
1662 1139 1712 1165 ac
1736 1126 1870 1165 bonas

269 1183 426 1222 literas.
471 1182 618 1221 Visum
634 1186 699 1220 est
713 1182 842 1233 igitur
856 1193 1129 1232 praemonere
1145 1179 1437 1219 celsitudinem
1452 1184 1586 1227 tuam,
1604 1193 1656 1219 ne
1671 1193 1746 1231 per
1759 1180 1870 1219 illius

216 1255 255 1278 10
271 1237 526 1277 calumniam
547 1239 765 1276 statuatur
785 1235 946 1286 aliquid
964 1236 1008 1274 in
1024 1247 1090 1273 me
1110 1247 1195 1285 quo
1215 1235 1294 1273 sim
1313 1234 1523 1286 indignus.
1573 1234 1685 1274 Nam
1705 1236 1739 1274 si
1758 1235 1869 1273 illius

271 1291 537 1345 odiozvoletis
555 1291 743 1341 obsequi,
762 1290 902 1328 nullus
920 1290 999 1329 erit
1016 1288 1110 1328 finis
1128 1288 1314 1328 seuiendi
1331 1289 1375 1328 in
1394 1301 1465 1328 eos
1482 1289 1555 1339 qui
1571 1293 1721 1328 amant
1737 1289 1870 1328 bonas

270 1344 426 1386 literas.
478 1345 618 1384 Facile
639 1344 884 1396 suspicabar
905 1344 1024 1382 illum
1046 1343 1221 1382 absente
1244 1342 1418 1382 Caesare
1441 1343 1688 1382 moliturum
1710 1342 1871 1394 aliquid

269 1400 384 1442 noui.

326 1455 516 1494 Primum
536 1454 581 1493 in
595 1466 644 1493 eo
663 1453 804 1492 libello
824 1453 954 1492 doceo
973 1452 1089 1504 loqui
1109 1451 1272 1498 Latine,
1295 1465 1381 1491 non
1401 1451 1526 1491 trado
1547 1451 1747 1491 articulos
1761 1451 1872 1492 fidei.

216 1526 252 1559 15
273 1509 330 1548 Et
365 1513 511 1548 tamen
544 1522 597 1547 ne
635 1508 813 1547 verbum
848 1507 1019 1559 quidem
1058 1511 1122 1546 est
1157 1506 1272 1557 quod
1307 1506 1554 1545 aduersetur
1588 1505 1698 1545 fidei.
1763 1506 1872 1546 Puer

274 1563 449 1614 quidam
467 1563 550 1602 illic
570 1563 631 1601 ait
650 1576 693 1601 se
718 1561 909 1602 confiteri
928 1561 1118 1613 quotidie
1137 1561 1316 1600 Christo.
1365 1560 1558 1612 Rogatus
1577 1573 1633 1600 an
1651 1561 1730 1600 hoc
1749 1565 1874 1613 putet

273 1631 363 1658 esse
401 1619 517 1665 satis,
552 1616 780 1668 respondet
813 1629 890 1655 suo
924 1616 1066 1654 animo
1099 1614 1189 1654 fore
1223 1616 1338 1662 satis,
1375 1615 1410 1653 si
1442 1614 1556 1654 idem
1590 1616 1731 1654 visum
1765 1619 1875 1654 esset

273 1671 518 1724 proceribus
543 1671 768 1710 Ecclesiae.
825 1669 917 1709 Hoc
942 1669 1011 1708 ille
1036 1670 1094 1708 sic
1118 1670 1426 1720 interpretatur
1454 1669 1577 1719 quasi
1601 1670 1876 1720 pronunciem

274 1726 581 1766 confessionem
597 1737 686 1764 esse
699 1725 801 1763 iuris
816 1724 1004 1763 humani.
1049 1723 1228 1763 Constat
1242 1723 1351 1762 110110
1367 1722 1672 1762 confessionem
1686 1727 1877 1762 nostram

213 1802 256 1823 ιω
276 1793 429 1832 magna
452 1793 504 1819 ex
527 1783 649 1831 parte
673 1792 761 1818 esse
784 1779 885 1817 iuris
907 1778 1084 1816 humani
1103 1791 1112 1824 ;
1152 1777 1269 1828 quod
1291 1778 1403 1816 enim
1427 1777 1555 1816 semel
1577 1778 1622 1816 in
1644 1790 1757 1817 anno
1780 1790 1876 1817 con-

276 1835 457 1881 fitemur,
480 1833 595 1885 quod
614 1833 712 1872 huic
732 1836 810 1872 aut
828 1833 901 1879 illi,
924 1836 1094 1872 constat
1113 1845 1201 1871 esse
1221 1844 1273 1870 ex
1294 1831 1481 1883 capitulo
1502 1831 1648 1871 Omnis
1668 1832 1878 1883 viriusque

274 1901 408 1929 sexu&
447 1889 559 1939 Ergo
578 1887 694 1939 quod
712 1886 963 1926 confitemur
981 1886 1109 1925 semel
1126 1887 1171 1925 in
1188 1898 1313 1932 anno,
1329 1889 1475 1925 mouet
1488 1899 1565 1925 nos
1582 1886 1876 1937 episcoporum

276 1944 498 1983 autoritas.
545 1942 662 1982 Nihil
680 1943 810 1993 igitur
828 1945 978 1993 peccat
996 1953 1113 1992 puer,
1134 1941 1169 1979 si
1186 1941 1231 1979 in
1250 1939 1491 1980 confitendo
1511 1941 1703 1991 sequitur
1721 1941 1877 1980 autori-

276 2002 413 2038 tatem
427 1996 692 2048 pontificum,
710 1997 840 2035 etiam
855 1996 888 2034 si
904 1995 1075 2034 dubitet
1090 2007 1145 2033 an
1160 1995 1216 2033 sit
1229 1995 1331 2033 iuris
1346 1994 1480 2033 diuini
1495 2007 1551 2033 an
1564 2007 1651 2033 non
1670 2008 1678 2041 ;
1711 1994 1764 2034 de
1778 2008 1876 2046 quo,

218 2072 235 2094 2
242 2071 255 2103 3
276 2056 326 2091 vt
364 2064 463 2090 vere
501 2051 653 2097 dicam,
694 2050 799 2089 mihi
837 2049 1028 2088 nondum
1067 2050 1171 2088 satis
1210 2052 1392 2088 constat.
1463 2048 1717 2100 Quanquam
1764 2050 1875 2088 inter

278 2106 489 2145 Ecclesiae
513 2117 704 2156 proceres
728 2105 914 2155 primum
933 2104 1073 2143 locum
1093 2103 1225 2142 habet
1245 2103 1448 2150 Christus,
1474 2107 1526 2142 vt
1549 2104 1710 2154 opinor.
1766 2103 1877 2143 Item

278 2160 382 2199 dicit
416 2172 520 2211 puer
549 2172 592 2198 se
627 2158 817 2198 confiteri
851 2162 1025 2197 tantum
1059 2170 1108 2196 ea
1143 2170 1251 2208 quae
1285 2158 1373 2196 sint
1407 2161 1522 2196 certo
1556 2157 1766 2204 mortalia,
1803 2161 1880 2196 aut

279 2215 551 2254 vehementer
573 2217 783 2264 suspecta.
834 2211 940 2259 Hoc,
966 2213 1126 2263 opinor,
1150 2224 1275 2250 nemo
1297 2215 1425 2262 negat
1447 2224 1535 2250 esse
1558 2211 1858 2251 orthodoxum.

333 2268 397 2307 De
413 2268 569 2307 ieiunio
585 2268 630 2305 in
647 2280 695 2306 eo
712 2266 853 2305 libello
869 2266 986 2305 nulla
1002 2265 1052 2305 fit
1069 2266 1242 2313 mentio,
1262 2265 1336 2304 sed
1352 2269 1525 2304 tantum
1542 2265 1594 2304 de
1611 2279 1684 2305 esu
1701 2267 1880 2317 piscium

221 2343 262 2375 30
280 2322 474 2374 disputat
500 2321 688 2373 quidam.
744 2320 955 2360 Ieiunium
982 2324 1047 2359 est
1072 2320 1194 2359 nobis
1220 2319 1566 2358 commendatum
1593 2333 1618 2358 a
1644 2320 1811 2359 Christo
1837 2324 1881 2359 et

280 2376 508 2428 Apostolis.
573 2375 773 2414 Deiectus
808 2375 998 2414 ciborum
1034 2374 1178 2413 multis
1213 2373 1314 2413 locis
1350 2373 1580 2412 damnatur
1614 2374 1881 2425 Euangelicis

280 2432 424 2470 literis.
479 2430 568 2469 Nec
592 2434 739 2469 tamen
762 2429 846 2468 illic
872 2429 1102 2467 damnatur
1127 2427 1338 2467 Ecclesiae
1364 2427 1639 2467 consuetudo.
1693 2428 1881 2467 Tantum

281 2485 531 2536 disputatur
557 2485 603 2523 in
623 2484 822 2523 conuiuio
853 2496 908 2522 an
937 2496 987 2522 ea
1015 2483 1147 2522 fuerit
1173 2495 1292 2520 mens
1320 2481 1574 2533 pontificum
1606 2486 1655 2521 vt
1675 2483 1731 2522 ad
1760 2496 1879 2521 esum

282 2540 460 2590 piscium
486 2538 723 2590 obligarent
747 2539 984 2589 promiscue
1022 2550 1167 2576 omnes
1192 2536 1271 2575 sub
1297 2549 1434 2587 poena
1459 2536 1687 2588 gehennae,
1715 2537 1882 2576 etiamsi

224 2614 241 2645 3
248 2614 261 2646 5
282 2597 457 2644 possent
493 2593 573 2632 hoc
610 2592 771 2631 facere:
812 2605 976 2643 semper
1009 2592 1173 2642 excipio
1207 2590 1455 2629 scandalum
1493 2594 1537 2629 et
1570 2595 1880 2643 contemptum.

285 2647 412 2686 Videt
430 2651 508 2686 tua
526 2646 755 2698 prudentia
774 2659 905 2697 quam
923 2646 991 2684 hic
1010 2645 1115 2684 1111111
1136 2647 1191 2684 sit
1210 2645 1396 2684 alienum
1415 2657 1440 2683 a
1458 2644 1603 2696 regula
1622 2644 1732 2684 fidei.
1783 2646 1880 2686 Non

285 2705 350 2740 est
371 2701 639 2752 Egmondam‘
659 2701 733 2740 sed
751 2700 970 2740 Pontificis
989 2713 1199 2752 exponere
1218 2703 1405 2738 mentem
1425 2712 1560 2738 suam.

309 2795 338 2827 7.
365 2786 491 2819 habere
504 2787 578 2819 add.
594 2787 626 2816 α2
640 2786 678 2818 in
689 2796 791 2828 marq.
870 2793 923 2817 20.
951 2785 1158 2818 confitemur
1168 2783 1243 2816 add.
1259 2784 1292 2813 a²
1305 2782 1343 2816 in
1357 2793 1459 2824 marq.
1541 2783 1593 2823 36.
1619 2784 1673 2815 a²:
1700 2783 1797 2815 Vidit
1810 2785 1864 2815 αι.-

333 2897 359 2927 3.
402 2887 672 2929 colloquiorum]
712 2888 773 2920 See
820 2888 910 2929 Epp.
954 2890 1048 2924 1262,
1163 2897 1215 2919 21.
1240 2885 1410 2928 capitulo]
1422 2883 1604 2917 Decretales
1619 2895 1652 2915 v.
1671 2884 1723 2926 38.
1745 2896 1795 2918 12.

291 2934 383 2971 1290.
400 2941 488 2973 24111
517 2930 666 2968 and,for
681 2931 739 2963 the
753 2931 870 2972 points
884 2930 1049 2962 attacked
1164 2938 1218 2967 29.
1243 2929 1385 2969 ieiunio]
1434 2928 1599 2960 Erasmus
1649 2931 1744 2959 must
1792 2928 1881 2961 have

289 2975 336 3016 by
353 2973 612 3015 Qmondanus,
631 2975 696 3015 Ep.
719 2983 812 3013 1299.
1118 2972 1303 3013 forgotten.
1349 2971 1493 3012 Fasting
1512 2971 1541 3002 is
1562 2969 1684 3012 briefly
1705 2971 1881 3005 discussed

336 3027 383 3058 13.
413 3018 516 3058 Puer]
537 3017 658 3059 Colloq.
680 3018 803 3056 form„
823 3017 864 3050 f:
885 3020 926 3049 c⁷.
1118 3016 1155 3047 ‘m
1173 3015 1232 3047 the
1251 3013 1485 3055 Consabulalio
1504 3014 1571 3046 Pia
1589 3014 1643 3054 (f0.
1664 3016 1697 3045 0’ς
1717 3018 1781 3056 VO).
