2012 3370
138 146 258 196 1307]
554 142 713 182 FROM
741 142 896 183 JOHN
926 143 1318 183 GALLINARIUS
1656 145 1729 182 115

132 267 199 293 1110
218 254 278 293 1111
297 255 464 294 laeticia
484 253 713 300 affecerint,
735 266 821 292 non
839 253 962 293 facile
982 254 1065 294 dici
1084 258 1241 306 potest,
1262 254 1483 306 presertim
1503 254 1620 305 quod
1639 259 1729 293 tam

132 321 158 347 a
169 309 429 348 nobilissimo
442 309 630 360 principe
645 312 794 347 contra
806 321 903 347 eum
916 308 1095 360 profecti
1109 313 1261 355 essent,
1274 309 1319 347 in
1331 321 1459 360 quem
1473 320 1515 347 se
1532 321 1554 347 e
1568 308 1728 347 doctio-

131 363 247 402 ribus
273 364 428 402 nostris
454 367 530 401 aut
550 362 689 401 nullus
715 363 859 413 potuit
885 367 962 401 aut
986 376 1111 402 nemo
1138 363 1276 402 voluit
1301 363 1550 413 <proicere>.
1596 362 1728 402 Credo

130 416 175 455 id
201 418 264 456 ita
292 418 400 456 diuis
419 418 558 455 visum
579 429 679 455 esse.
759 416 902 455 Veluti
921 418 1033 456 enim
1054 431 1181 456 causa
1200 418 1272 456 illa
1292 417 1425 456 ardua
1446 416 1728 456 Christianam
1751 429 1791 451 10

129 472 470 523 tranquilitatem
513 470 660 509 iandiu
703 471 994 510 interturbans
1038 485 1125 511 non
1168 472 1248 510 nisi
1292 484 1480 511 summos
1524 475 1728 522 patronos

129 526 383 576 expostulet,
401 529 698 576 argumentum
713 524 842 563 libelli
866 527 1074 565 maximos
1098 526 1316 577 theologos
1339 527 1540 577 requirat,
1567 526 1725 581 stilum,

129 580 269 618 nobile
286 580 501 631 ingenium
521 584 565 618 et
583 580 715 617 viuax
741 578 902 626 deceat,
924 581 987 618 ita
1013 594 1062 619 ea
1084 582 1151 629 (vt
1176 581 1280 618 mihi
1306 580 1465 626 videor,
1487 593 1587 619 nam
1614 580 1726 620 hune

128 633 299 685 perlegi)
331 635 376 672 in
406 634 485 672 hoc
517 646 602 672 vno
632 633 914 672 illustrissimo
947 634 1062 685 Rege
1094 635 1237 672 omnia
1268 634 1452 673 vbertim
1484 634 1725 673 coadunata

127 692 355 738 patronum
372 688 546 739 dignum
562 688 713 726 sortita
729 692 841 726 sunt.
886 687 1061 726 Vtinam
1078 688 1190 727 hune
1206 688 1286 726 sibi
1301 689 1533 739 principem
1550 701 1724 739 scopum
1750 695 1784 727 15

126 743 393 781 intuerentur
425 742 559 781 nostri
592 746 788 792 satrapae
823 741 1023 781 Germani
1055 742 1326 788 imitandum,
1361 743 1491 781 immo
1525 744 1725 794 episcopi,

125 796 311 847 theologi
343 801 387 835 et
418 796 542 835 huius
574 795 736 835 farinae
768 796 978 843 monachi,
1013 797 1205 848 magistri
1236 797 1370 835 nostri
1403 796 1727 848 sacerdotesque

125 850 359 897 sacrificuli,
380 851 424 889 in
440 863 642 901 magnum
658 850 840 901 Reipub.
857 850 1120 890 Christianae
1137 850 1407 890 commodum
1425 851 1432 889 1
1464 850 1545 890 Hic
1567 852 1725 889 etenim

124 905 440 944 cordatissimus
457 905 550 944 Rex
566 905 741 944 Lutheri
756 904 1038 944 fundamenta
1051 905 1337 956 oppugnando
1348 905 1529 952 fortiter,
1544 910 1728 956 proster-

125 959 264 998 nendo
298 963 467 998 strenue
500 959 814 1010 prudenterque
849 959 1139 999 conuincendo
1173 964 1297 998 tanto
1332 960 1535 998 maiorem
1570 960 1725 998 meruit
1743 966 1787 989 20

125 1013 241 1064 apud
263 1013 475 1064 Rempub.
500 1013 783 1053 Christianam
806 1013 989 1061 laudem,
1014 1018 1177 1065 quanto
1201 1014 1420 1065 pauciores
1443 1027 1495 1053 ex
1518 1014 1724 1066 theologis

127 1069 323 1118 (quorum
367 1068 551 1107 maxime
592 1067 789 1107 interfuit
831 1068 940 1108 hanc
983 1068 1165 1119 hydram
1209 1068 1450 1116 confodere)
1495 1069 1569 1119 qui
1612 1068 1725 1107 hune

122 1122 287 1161 erudite
307 1123 602 1173 sapienterque
623 1121 961 1173 aggrederentur,
982 1123 1148 1162 inuenti
1167 1127 1280 1162 sunt.
1332 1122 1443 1170 Quid
1462 1122 1614 1173 plura?
1673 1123 1725 1162 In

125 1177 203 1214 hoc
229 1176 406 1215 seculari
431 1177 618 1227 principe
644 1176 768 1216 Video
794 1177 1052 1228 theologiam
1081 1178 1206 1228 (quae
1231 1190 1327 1216 rara
1352 1177 1396 1216 in
1421 1177 1545 1216 terris
1569 1178 1725 1215 nostris

127 1231 219 1268 auis
256 1232 336 1279 est)
376 1230 642 1281 eloquentiae
681 1231 965 1270 coniunctam.
1033 1231 1115 1271 Sed
1153 1244 1220 1270 me
1258 1231 1573 1270 nomenclatore
1611 1232 1724 1270 tanti
1743 1238 1782 1270 25

123 1285 280 1336 ingenii
296 1285 491 1336 princeps
503 1298 589 1323 non
601 1289 708 1336 eget.
746 1285 811 1324 Tu
823 1285 896 1331 illi,
911 1285 1086 1324 Erasme
1099 1286 1296 1332 maxime,
1310 1285 1371 1324 1111
1384 1285 1652 1324 charissimus
1665 1298 1722 1332 es,

121 1342 171 1377 tu
194 1339 367 1385 amicus,
390 1343 441 1377 tu
462 1338 573 1377 illius
595 1339 764 1390 genium
786 1340 900 1378 nosti
920 1353 928 1385 ;
966 1339 1116 1378 iccirco
1138 1339 1234 1390 plus
1256 1352 1391 1390 aequo
1415 1339 1466 1378 de
1488 1340 1559 1378 illo
1582 1344 1724 1379 tecum

123 1395 246 1444 (quos
268 1397 470 1444 vtrosque
492 1393 765 1432 vehementer
786 1395 900 1442 amo)
921 1393 1105 1432 fabulari
1125 1393 1264 1432 libuit.

175 1446 517 1499 Calchographus
546 1448 726 1498 pessimo
756 1447 868 1486 1111110
898 1451 1110 1487 caractere
1140 1447 1404 1498 materiaque
1439 1447 1512 1486 illa
1550 1447 1724 1499 indigno

121 1502 319 1540 excussit.
367 1501 434 1540 Ex
452 1502 538 1541 tuis
556 1501 747 1553 epistolis
767 1501 886 1548 duas,
909 1506 958 1541 vt
979 1502 1117 1549 videm
1139 1501 1397 1541 addiderunt
1417 1515 1426 1548 ;
1461 1515 1571 1553 quae
1590 1503 1624 1541 si
1642 1502 1723 1542 tibi
1744 1511 1786 1543 30

120 1555 330 1607 placitura
362 1556 462 1603 sint,
499 1557 653 1595 nescio.
717 1556 859 1595 Vnum
895 1560 972 1603 est,
1010 1557 1068 1595 mi
1103 1555 1346 1596 doctissime
1381 1556 1571 1603 Erasme,
1608 1556 1723 1608 quod

119 1614 288 1649 oratum
308 1610 448 1657 velim,
466 1614 516 1650 vt
533 1610 731 1650 videlieet
749 1623 825 1662 per
843 1611 1167 1650 sincerissimam
1186 1615 1231 1650 et
1248 1611 1564 1663 integerrimam
1584 1624 1723 1650 meam

119 1677 217 1716 erga
235 1669 280 1704 te
298 1665 615 1704 obseruantiam
631 1665 971 1717 charitatemque
985 1664 1167 1717 digneris
1182 1665 1411 1717 aliquando
1425 1666 1604 1705 scribere
1619 1666 1723 1717 quid

118 1718 171 1759 de
198 1719 270 1758 1110
299 1720 487 1771 principe
517 1719 688 1759 sentias.
750 1719 879 1759 Mitto
900 1720 1030 1771 igitur
1048 1719 1237 1759 libellum
1257 1733 1404 1767 vnum,
1425 1724 1475 1759 vt
1494 1720 1722 1760 tabellione

117 1774 305 1825 principe
325 1787 452 1825 quem
472 1774 552 1813 tibi
572 1774 865 1813 charissimum
884 1775 1047 1821 scirem,
1069 1774 1312 1813 salutarem.
1742 1783 1779 1817 35

173 1828 428 1867 Rhenanum
470 1832 664 1867 nostrum
706 1828 904 1868 hesterna
946 1829 1014 1868 die
1055 1829 1272 1880 increpaui
1313 1827 1562 1868 insolentius
1605 1828 1721 1879 quod

118 1883 284 1933 parcius
318 1883 496 1921 Erasmo
530 1883 689 1922 scribat
709 1896 717 1921 :
766 1883 886 1922 illum
921 1882 1039 1922 breui
1073 1895 1372 1934 responsurum
1407 1895 1542 1934 spero.
1604 1883 1721 1922 Nihil

117 1949 229 1976 nunc
252 1937 333 1976 nisi
357 1941 406 1976 vt
429 1937 670 1983 Erasmum,
693 1941 888 1976 nostrum
913 1936 1053 1984 decuS,
1079 1937 1135 1976 ad
1156 1937 1349 1976 Nestoris
1373 1950 1506 1976 annos
1528 1936 1720 1977 foelicem

116 1990 368 2042 saluumque
391 1991 499 2030 salui
521 1991 756 2038 videamus,
781 2004 928 2042 precor
950 1995 1139 2042 optoque
1159 2005 1167 2030 :
1208 1992 1275 2030 cui
1298 2004 1366 2031 me
1388 1995 1439 2032 vt
1460 2004 1585 2030 suum
1609 2004 1719 2030 eom-

117 2045 284 2084 mendo.
336 2045 438 2084 Vale
459 2045 576 2084 salue
598 2059 651 2084 ex
673 2045 889 2092 Brisaeho,
913 2045 1040 2085 Festo
1062 2045 1278 2085 Marianae
1300 2046 1629 2097 Assumptionis.
1737 2058 1783 2090 40

549 2099 665 2138 Tuus
685 2100 866 2139 Ioannes
885 2099 1153 2147 Gallinarius‚
1174 2100 1333 2140 assecla
1351 2104 1395 2140 et
1414 2101 1619 2148 minister,

766 2159 912 2205 pastor
937 2154 1134 2194 ecclesiae
1160 2155 1373 2194 Brisacen.

339 2270 459 2309 1308.
524 2267 664 2309 FROM
697 2267 976 2310 VVOLFGANG
1009 2267 1273 2310 FABRICIUS
1306 2268 1496 2310 CAPI'ro.

163 2339 310 2385 Leipzig
324 2339 399 2375 MS.
1441 2339 1575 2375 Mainz.

162 2399 238 2434 ΕΕ.
253 2410 289 2440 9.
1345 2408 1384 2442 17
1402 2398 1549 2442 August
1567 2408 1667 2442 1522.

156 2466 226 2507 [An
241 2467 384 2508 original
398 2467 512 2506 letter,
528 2467 723 2510 autograph
739 2467 964 2510 throughout.
1003 2468 1075 2500 The
1090 2467 1282 2511 year-datei
1299 2478 1314 2500 s
1329 2467 1450 2510 amply
1465 2467 1653 2500 confirmed
1670 2469 1716 2510 by

113 2510 173 2542 the
191 2509 379 2549 contenta]

599 2565 631 2595 9.
655 2556 808 2597 proicere
825 2556 953 2594 addidi,
971 2556 1010 2588 in
1019 2556 1091 2598 fine
1110 2566 1232 2588 versus.

159 2618 213 2680 224.
238 2618 330 2680 1111111
343 2618 428 2673 111117.
445 2642 476 2673 6.
499 2642 569 2683 165.
946 2641 1128 2683 yraphique
1150 2641 1419 2682 strasbourqeois,
1445 2642 1539 2681 1893.

159 2693 212 2722 29.
239 2684 533 2726 Calchographus]
581 2685 675 2717 John
701 2684 880 2716 Reinhard
994 2694 1046 2726 30.
1071 2684 1173 2724 duas]
1191 2685 1281 2726 Epp.
1306 2694 1401 2722 1219,
1424 2686 1516 2716 1228.

115 2728 150 2760 of
178 2728 378 2769 Griiningen
406 2729 443 2759 in
473 2728 620 2765 Swabia,
650 2728 756 2759 hcnee
786 2738 877 2759 com·
994 2729 1047 2768 36.
1073 2727 1299 2767 Rhenanum]
1331 2728 1384 2759 He
1416 2738 1525 2759 seems
1557 2731 1594 2760 to
1626 2729 1715 2761 have

114 2771 233 2813 monly
248 2771 375 2802 known
395 2781 432 2802 as
449 2771 642 2811 Gruningcr
663 2772 712 2811 (in
728 2772 875 2813 varying
947 2771 1033 2804 been
1055 2772 1226 2813 spending
1249 2771 1308 2803 the
1331 2781 1484 2803 summer
1505 2774 1543 2803 at
1566 2771 1713 2804 schlett-

112 2815 242 2855 fotms).
289 2815 342 2846 He
363 2814 502 2855 printed
523 2818 561 2846 at
581 2815 767 2856 Strasburg
787 2815 876 2846 from
945 2815 1066 2846 stadt:
1107 2815 1149 2847 cf.
1180 2815 1238 2846 the
1265 2815 1407 2846 address
1442 2819 1479 2847 to
1515 2815 1619 2847 BRE.
1649 2825 1714 2856 224

116 2860 197 2899 1483
228 2862 264 2889 to
296 2867 373 2899 1531
394 2870 401 2894 ;
444 2857 514 2889 and
543 2858 659 2889 unlikc
689 2858 747 2889 the
777 2858 877 2889 other
949 2859 1074 2898 (=Zw.
1093 2858 1145 2890 E2.
1166 2861 1257 2898 222),
1273 2868 1315 2898 30
1331 2858 1426 2900 July.
1467 2858 1522 2890 He
1538 2858 1607 2890 had
1625 2859 1712 2893 been

113 2901 297 2943 strasburg
342 2902 502 2943 printers,
547 2901 723 2943 produced
769 2912 875 2943 many
943 2901 1113 2942 expected
1136 2903 1171 2934 in
1199 2901 1297 2933 Baslc
1318 2901 1414 2944 early
1432 2902 1468 2934 in
1489 2902 1574 2944 July
1595 2903 1712 2943 (Basle

115 2945 224 2977 books
251 2945 389 2986 against
416 2944 474 2976 the
502 2945 756 2977 Reformation.
809 2945 870 2977 800
944 2945 1038 2978 MSS.
1072 2945 1112 2977 G.
1145 2945 1193 2977 II.
1230 2954 1278 2986 13.
1312 2947 1447 2987 124‚5);
1491 2946 1561 2978 and
1588 2957 1616 2978 c.
1648 2949 1711 2988 5—6

112 2988 217 3019 ADB.
247 2999 279 3020 x.
315 2996 408 3029 53-5,
438 2988 508 3020 and
536 2999 557 3020 a
585 2988 800 3029 monograph
829 2988 876 3030 by
944 2988 1030 3030 Aug.
1057 2988 1098 3020 he
1127 2988 1196 3020 had
1219 2988 1301 3031 paid
1319 2999 1340 3021 a
1357 2990 1439 3021 visit
1458 2989 1493 3021 of
1511 2989 1606 3021 three
1625 2990 1712 3031 days

112 3031 172 3063 Ch.
205 3031 363 3064 Schmidt
391 3033 428 3064 in
458 3032 511 3064 his
542 3032 730 3073 Repertoire
760 3032 874 3064 biblio·
945 3032 1042 3073 (ibid.
1066 3035 1187 3076 126‚7).

887 3101 949 3131 12
