2012 3370
209 123 287 161 158

680 122 936 161 LETTERS
968 122 1040 162 OF
1070 122 1334 163 ERASMUS

1685 126 1807 176 [1522

204 232 420 284 Ἀρχιερέως
457 231 630 270 meliora
666 231 770 270 libet
795 232 974 270 ominari
995 245 1003 278 3
1046 235 1160 270 certe
1183 231 1299 282 quod
1325 231 1379 270 ad
1406 244 1472 270 me
1498 233 1696 282 pertinet,
1724 233 1809 272 scio

202 284 322 324 illum
342 285 611 338 quorundam
632 286 676 324 in
696 298 763 325 me
783 286 890 325 odiis
910 286 1100 325 nondum
1120 285 1267 325 fecisse
1286 287 1403 325 satis.

1462 285 1573 325 Sunt
1591 287 1704 326 enim
1724 291 1810 327 tres

145 354 187 387 50
203 340 338 379 furiae
379 340 495 391 apud
535 353 625 386 nos,
668 353 778 391 quae
819 340 916 379 odio
958 341 1167 380 bonarum
1206 340 1425 380 literarum
1467 341 1660 380 excitant
1699 341 1809 381 hanc

203 394 480 445 tragoediam,
515 394 697 433 Iacobus
731 394 1045 446 Hoghestratus
1079 395 1397 442 Dominicanus‚
1432 395 1682 434 Vincentius
1714 396 1807 435 Alc-

203 450 420 488 maricnsis
470 448 658 487 eiusdem
708 449 911 496 sodalicii,
962 450 1163 490 Nicolaus

1213 449 1515 489 Ecmondanus
1565 450 1806 490 Carmelita.

202 503 282 542 Est
312 516 439 554 quem
471 503 535 541 his
568 504 719 542 merito
752 517 1016 550 annumerem
1050 504 1130 543 hoc
1161 505 1380 543 nocentior
1411 504 1527 555 quod
1559 507 1672 544 tecte
1703 504 1809 544 facit

199 558 344 596 omm'a
365 562 409 596 et
431 557 609 596 aliorum
631 557 788 597 fruitur
810 558 878 598 vel
900 558 1095 598 abutitur
1117 559 1250 610 magis
1271 559 1449 597 insania.

1509 558 1580 606 Hi,
1603 559 1806 610 quoniam

141 626 178 657 55
198 612 324 650 inuisi
351 615 452 651 sunt
479 612 600 650 bonis
627 613 838 660 omnibus,
866 617 910 652 et
937 613 1070 652 indies
1096 613 1334 652 redduntur
1359 614 1593 660 inuisiores,
1622 613 1805 653 multum

199 665 394 717 profuere
413 665 591 705 factioni
612 666 895 707 Lutheranae.

254 720 318 759 De
356 720 496 759 Roma
534 721 732 760 adeunda
769 735 856 761 non
893 726 959 762 est
996 722 1113 773 quod
1151 735 1300 761 causas
1337 735 1549 773 suggeras

1609 723 1704 762 Vna
1741 728 1807 762 est

196 775 348 814 iustior
374 788 506 827 quam
534 775 686 815 vellem
714 778 947 824 excusatio,
977 782 1096 816 aetas
1122 777 1431 828 ingrauescens,
1461 777 1647 828 corporis
1674 777 1804 816 imbe-

196 829 362 877 cillitas,
389 829 445 869 ad
468 830 572 869 haec
595 843 744 870 renum
769 831 967 878 calculus,
994 831 1177 882 capitale
1199 831 1371 882 iamque
1394 831 1574 870 nimium
1597 831 1805 871 familiare

135 890 181 921 60
198 884 372 924 malum.
431 884 496 924 De
515 885 704 936 epistolis
724 886 810 925 tuis
830 886 947 937 quod
966 898 1126 932 mones,
1147 885 1354 925 hactenus
1375 898 1400 924 a
1419 898 1487 924 me
1507 890 1704 925 curatum
1724 891 1803 933 est,

197 943 242 978 et
285 939 330 978 in
374 943 593 991 posterum
639 940 871 980 curabitur.
928 940 1228 986 Athanasium,
1275 939 1511 979 Reuchlino
1556 941 1802 992 interprete,

197 992 400 1032 Latinum
435 993 491 1033 ad
524 998 568 1033 te
602 995 775 1033 mittam
809 1007 884 1046 per
918 995 1044 1041 hunc,
1080 995 1114 1033 si
1149 995 1325 1046 quiuero
1359 994 1559 1042 nancisci,
1594 994 1804 1046 simulque

195 1049 427 1088 Ἀποθέωσιν
446 1048 511 1087 tui
531 1048 769 1088 Reuchlini.
827 1049 1010 1088 Ioannes
1036 1049 1270 1088 Frobenius
1295 1053 1397 1088 tuus
1421 1053 1487 1088 est
1511 1053 1556 1089 et
1580 1049 1660 1089 tibi
1685 1050 1804 1101 cupit

196 1115 285 1141 esse
308 1101 645 1142 commendatus.
704 1103 820 1142 Bene
842 1103 951 1143 vale.

250 1156 443 1196 Basileae
465 1156 690 1196 vndecimo
713 1157 800 1197 Cal.
825 1157 1027 1206 Ianuarii,
1049 1158 1175 1198 Anno
1197 1168 1412 1197 M.D.xxn.

605 1298 791 1351 13311335

241 1367 342 1412 Opus
358 1367 610 1412 Epistolarum
624 1379 659 1413 p.
675 1378 696 1412 7
702 1369 756 1413 58.

241 1425 285 1461 N.
303 1437 337 1470 p.
353 1436 448 1470 723:
477 1425 594 1461 Lond.
613 1437 673 1461 xx.
691 1436 761 1471 33:
790 1426 864 1461 LB.
879 1427 961 1471 643.

850 1296 918 1338 To
951 1294 1086 1338 JOHN
1119 1295 1387 1337 BOTZHEIM.

1495 1366 1614 1402 Basle.

1365 1436 1408 1471 25
1426 1426 1631 1461 December
1649 1436 1748 1472 1522.

476 1505 563 1545 [The
582 1505 764 1547 year-date
782 1506 812 1538 is
830 1505 951 1548 amply
970 1505 1160 1538 confirmed
1179 1505 1227 1547 by
1246 1505 1306 1538 the
1325 1504 1515 1544 contenta]

448 1612 665 1642 ERASMVS
698 1613 936 1642 ROTEROD.
971 1612 1146 1642 IOANNI
1178 1612 1400 1642 BOTZEMO
1435 1611 1469 1641 S.
1493 1613 1538 1641 D.

246 1671 399 1710 HODIE
424 1672 592 1711 reddita
616 1677 681 1712 est
705 1673 886 1725 epistola
912 1685 974 1725 14.
996 1674 1252 1714 Nouembris
1272 1687 1346 1726 per
1366 1673 1642 1714 academicos.

1701 1675 1799 1714 Non

190 1730 283 1765 erat
306 1738 411 1777 opus
434 1739 485 1765 ea
508 1726 728 1779 diligentia
749 1729 793 1767 in
816 1728 1032 1768 reddendo
1055 1728 1226 1768 tantillo
1250 1741 1423 1768 munere
1445 1732 1570 1768 tanto
1594 1728 1796 1775 Praesuli‚

190 1781 438 1831 praesertim
463 1794 597 1833 quum
622 1782 727 1821 nihil
751 1787 862 1822 esset
885 1783 969 1822 illic
994 1783 1111 1835 quod
1135 1783 1191 1822 ad
1214 1783 1334 1822 illum
1359 1784 1526 1835 proprie
1551 1784 1796 1835 pertineret.

190 1834 284 1873 Alio
324 1840 589 1887 argumento,
630 1837 665 1875 si
705 1836 879 1877 dabitur
917 1838 1095 1885 occasio,
1136 1838 1329 1878 testabor
1367 1851 1510 1877 meum
1549 1851 1648 1890 erga
1686 1837 1798 1877 illius

152 1902 166 1934 5
189 1889 483 1929 celsitudinem
505 1890 710 1931 studium.
768 1892 857 1932 Nec
879 1892 958 1932 hoc
980 1891 1136 1932 faciam
1157 1891 1269 1940 ficte,
1293 1891 1367 1932 sed
1388 1905 1441 1932 ex
1463 1893 1620 1940 animo,
1643 1905 1719 1932 nec
1742 1893 1796 1931 ab

188 1943 259 1982 1110
298 1944 529 1996 quicquam
569 1945 710 1985 ambio
750 1947 830 1985 nisi
870 1951 1066 1986 mutuam
1106 1947 1449 1986 beneuolentiam
1488 1951 1533 1986 et
1571 1960 1796 1987 commune

187 1998 379 2037 studium
402 2012 501 2051 erga
523 2013 613 2038 rem
637 2000 953 2052 Euangelicam‚
979 2014 1090 2053 quae
1113 2001 1169 2041 ad
1192 2014 1337 2041 omnes
1361 2001 1549 2053 pertinet
1569 2015 1577 2041 :
1619 2002 1687 2041 cui
1709 2014 1796 2040 non

189 2052 340 2091 dubito
372 2054 476 2104 quin
506 2054 576 2093 ille
606 2055 794 2106 optimus
826 2055 1000 2095 Praesul
1030 2056 1190 2104 faueat,

1223 2060 1435 2108 quantum
1466 2056 1570 2095 haec
1600 2060 1796 2108 tempora

189 2107 429 2158 patiuntur.
487 2107 786 2160 Paraphrasim
815 2110 859 2149 in
889 2110 1094 2150 Ioannem
1123 2110 1337 2150 destinaui
1365 2110 1648 2157 Ferdinando,
1679 2110 1795 2162 quod

187 2215 244 2254 sit
281 2215 361 2254 sibi
398 2215 527 2256 fuisse
565 2218 879 2268 gratissimam3

378 2298 472 2331 1330.
502 2307 552 2339 51.
582 2299 816 2333 Hochstratus
833 2300 878 2332 N.

234 2400 328 2433 1330.
353 2401 409 2439 48.
437 2401 640 2441 Ἀρχιερέως]
657 2402 790 2435 Adrian
807 2411 853 2435 VI.
888 2402 956 2435 For

188 2443 364 2476 Erasmus'
395 2445 667 2487 apprehensions
696 2446 818 2478 earlier
845 2446 956 2479 about

187 2487 246 2519 the
261 2498 337 2520 new
350 2487 444 2530 Pope
456 2498 512 2520 see
525 2489 589 2530 Ep.
609 2499 665 2530 131
676 2499 703 2522 1.
725 2501 840 2530 19-20.
882 2490 954 2522 The

185 2535 477 2573 encouragement
491 2532 528 2564 in
544 2533 609 2574 Ep.
630 2542 715 2574 1324
730 2533 801 2565 had
815 2537 879 2566 not
894 2538 955 2576 yet

186 2574 331 2606 reached
347 2575 443 2607 him:
474 2575 516 2607 cf.
536 2576 601 2617 Ep.
623 2586 706 2617 1329
721 2577 849 2608 introd.

233 2626 282 2658 51.
309 2617 568 2658 Alcmariensis]
599 2620 668 2651 For
696 2620 768 2652 this
797 2620 953 2662 designa-

183 2661 259 2693 tion
280 2661 315 2693 of
332 2662 428 2694 Vinc.
452 2662 657 2695 Theodorici
678 2665 748 2704 (see
768 2663 833 2706 Ep.
855 2666 951 2704 1196)

183 2704 225 2735 cf.
247 2705 311 2746 Ep.
335 2707 428 2737 1166.
447 2716 501 2745 42.

233 2755 283 2787 53.
311 2747 390 2787 Est]
444 2749 598 2791 Perhaps
652 2749 848 2789 Aleander;
915 2761 953 2782 as

185 2789 450 2824 Schottenloher
468 2796 637 2835 suggests,
658 2803 691 2836 p.
712 2795 766 2826 62.
811 2794 861 2827 Cf.
885 2795 949 2836 Ep.

189 2842 281 2873 1302.
331 2845 357 2867 1.

229 2887 281 2918 59.
306 2846 475 2919 Zaleulus]
490 2878 543 2912 Of.
562 2879 627 2921 Ep.
650 2883 742 2924 1267.
767 2891 841 2914 Ion.

230 2921 284 2952 60.
310 2921 406 2961 quod
422 2921 556 2961 mones]
572 2923 623 2956 To
646 2923 735 2955 burn
760 2924 881 2962 them;
905 2924 948 2956 cf.

185 2963 249 3005 Ep.
280 2965 373 2996 1260.
402 2969 519 3007 274—6.
581 2966 653 2998 But
685 2967 850 2999 Erasmus
881 2967 951 2999 had

182 3011 245 3039 not
261 3006 446 3049 destroyed
466 3008 529 3049 Ep.
554 3011 644 3041 1260.

130 2174 170 2198 10
187 2161 232 2199 in
256 2160 526 2201 Matthaeum
553 2162 725 2202 Carolus
751 2163 903 2203 Caesar
928 2165 1059 2204 etiam
1083 2165 1216 2204 literis
1242 2165 1298 2204 ad
1323 2178 1391 2205 me
1415 2165 1583 2217 scriptis
1608 2168 1794 2204 testatus

934 2232 1182 2271 quanquam
1220 2219 1265 2258 id
1302 2233 1389 2259 non
1426 2232 1479 2259 ex
1515 2219 1627 2258 illius
1665 2219 1792 2258 modo

1092 2302 1142 2341 58.
1170 2301 1294 2333 vellem
1312 2302 1370 2334 N:
1401 2301 1507 2334 vellet
1525 2302 1567 2334 H.

1067 2404 1121 2435 61.
1149 2402 1397 2443 Athanasium]
1413 2404 1585 2436 Reuchlin
1597 2404 1667 2436 had
1680 2408 1790 2436 trans-

1021 2446 1117 2479 lated
1139 2450 1209 2479 two
1225 2447 1260 2479 of
1276 2447 1330 2479 his
1345 2447 1469 2486 works‚
1486 2447 1573 2480 both
1587 2447 1727 2490 printed
1743 2448 1791 2490 by

1023 2490 1061 2522 T.
1095 2490 1262 2522 Anshelm
1277 2503 1286 2523 ε
1332 2491 1378 2523 In
1408 2491 1532 2524 librum
1564 2491 1788 2530 Pmtmorum,

1022 2533 1216 2575 Tubingen,
1239 2544 1276 2566 12
1298 2534 1384 2576 Aug.
1410 2544 1505 2576 1515,
1525 2535 1596 2567 and
1615 2535 1666 2567 De
1684 2535 1790 2567 variis

1021 2578 1282 2619 quaestionibus,
1307 2578 1488 2620 Hagenau,
1512 2578 1632 2611 March
1658 2588 1751 2620 1519.

1066 2621 1121 2661 63.
1148 2620 1358 2660 Ἀποθέωσιν]
1376 2622 1438 2654 See
1456 2622 1520 2664 Ep.
1543 2632 1636 2663 1311.
1656 2626 1733 2665 46n.

1068 2665 1163 2697 1331.
1195 2674 1221 2696 1.
1246 2664 1410 2706 epistola]
1425 2665 1498 2697 Not
1512 2669 1649 2697 extant.

1067 2717 1097 2739 2.
1126 2708 1282 2748 munere]
1298 2708 1519 2750 Apparently
1535 2709 1595 2741 the
1617 2708 1787 2742 diuinatio

1023 2750 1058 2783 of
1074 2752 1140 2793 Ep.
1162 2760 1255 2793 1335.
1275 2762 1294 2792 3
1310 2764 1319 2790 ;
1348 2752 1462 2784 which
1479 2752 1662 2784 Botzheim
1677 2762 1786 2783 seems

1023 2798 1060 2826 to
1076 2795 1166 2826 have
1182 2795 1312 2827 offered
1328 2798 1365 2827 to
1380 2795 1442 2827 the
1459 2796 1524 2838 Bp.
1544 2796 1579 2828 of
1594 2795 1787 2828 Constance

1021 2838 1103 2879 (Ep.
1133 2840 1227 2879 1316.
1257 2840 1336 2880 12n)
1364 2849 1409 2871 on
1434 2839 1488 2870 his
1514 2849 1591 2871 own
1616 2839 1785 2881 responsi-

1021 2881 1099 2913 bilit
1127 2906 1133 2913 .

1063 2892 1158 2962 9.yin
1174 2924 1358 2964 Ioannem]
1375 2925 1439 2966 Ep.
1461 2935 1554 2966 1333.

1068 2977 1117 3000 10.
1143 2968 1180 2999 in
1198 2968 1433 3007 Matthaeum]
1450 2968 1515 3010 Ep.
1538 2978 1631 3010 1255.

1106 3010 1231 3051 literis]
1249 3011 1314 3053 Ep.
1335 3020 1428 3053 1270.
