2012 3370
288 122 368 160 224
759 123 1014 164 LETTERS
1045 125 1117 164 OF
1147 125 1410 165 ERASMUS
1760 127 1883 177 [1523

285 233 441 274 licebat
455 234 658 286 pluribus,
676 235 863 273 arridens
877 234 1007 274 reddo
1020 234 1189 275 librum.
1221 235 1230 252 ‘
1245 235 1423 274 Inuideo
1439 235 1447 251 ’
1463 236 1652 286 inquam,
1672 236 1680 251 ‘
1697 236 1884 276 Luthero

204 295 264 336 855
285 288 415 328 talem
441 289 759 328 aduersarium.'
812 289 888 328 Ille
912 290 1095 340 primum
1120 290 1366 342 ringebatur
1389 291 1523 341 magis
1547 302 1676 340 quam
1700 290 1882 330 ridebat.

285 343 367 382 Vbi
389 346 644 382 sententiam
667 344 844 382 eandem
866 344 1090 383 dilucidius
1111 346 1419 395 expressissem,
1442 344 1673 395 respondit,
1699 344 1707 360 ‘
1727 344 1785 384 Et
1806 358 1882 397 ego

286 398 475 449 gratulor
494 398 572 436 Ro.
596 398 792 437 Pontifici
811 399 941 437 talem
961 399 1253 438 (1010110010111.9

341 452 510 491 Interea
538 466 669 503 quum
699 453 802 492 mihi
831 466 1000 505 quoque
1028 453 1192 492 libellus
1220 458 1330 493 esset
1359 458 1473 493 certo
1503 467 1551 492 ac
1580 466 1882 505 saepenumero

284 508 528 557 promissus,
556 508 695 546 1100010
721 521 806 558 000
833 521 931 547 casu
958 521 1043 547 non
1068 508 1260 548 redditus
1285 513 1349 547 est
1370 522 1376 547 :
1421 510 1609 559 suspicor
1634 508 1689 547 ob
1715 508 1881 548 abitum

203 566 269 597 860
283 561 407 600 Card.
434 562 631 612 opinione
657 562 908 602 celeriorem.
963 563 1042 602 Est
1067 564 1177 602 enim
1204 567 1248 602 et
1272 563 1351 602 hoc
1376 564 1549 614 regium.
1605 562 1712 602 Erat
1735 567 1881 602 tamen

284 615 524 655 destinatus
559 616 723 655 libellus
759 630 884 668 quem
924 617 1016 656 Rex
1053 622 1203 669 suapte
1240 631 1368 656 manu
1405 621 1645 664 notaucrat,
1686 617 1694 632 ‘
1713 630 1790 668 pro
1826 617 1880 657 D.

285 669 501 709 Erasmo’.
566 671 609 710 Is
636 672 788 710 missus
815 685 957 711 mense
985 671 1191 723 Augusto,
1223 685 1334 711 anno
1361 673 1484 711 iuxta
1514 672 1753 711 Romanam
1783 684 1880 723 sup-

284 726 553 775 putationem
584 726 806 765 millesimo
836 728 1174 778 quingentesimo
1205 728 1556 778 vicesimoprimO,
1592 726 1783 765 redditus
1817 730 1883 766 est

284 779 474 818 Basilcae
504 793 646 819 mense
675 780 791 828 Feb„
828 794 939 820 anno
973 781 1194 820 millesimo
1223 782 1561 832 quingentesimo
1591 782 1791 819 vicesimo
1820 794 1880 820 se-

202 838 262 880 865
285 834 437 872 cundo.
497 833 584 874 Nec
616 848 805 886 vnquam
838 836 943 874 mihi
972 836 1093 874 licuit
1125 836 1260 887 legere
1290 836 1479 874 libellum
1508 837 1685 887 regium,
1717 835 1798 874 nisi
1829 848 1880 874 ex

283 888 495 927 aeditionc
534 890 761 928 miserabili
802 890 1098 941 Argentinensi
1119 903 1126 935 ;
1164 903 1298 940 eoque
1336 890 1533 941 perlecto,
1581 903 1680 929 mox
1725 890 1882 941 perlegi

283 947 327 981 et
365 943 541 982 Lutheri
579 945 907 995 responsionem.
962 944 1150 983 Tantum
1185 944 1288 983 mihi
1322 948 1492 983 constat
1525 944 1577 983 de
1615 944 1769 991 libello,
1804 957 1880 983 nee

282 1002 501 1048 praeterea
525 998 635 1049 pilus
664 999 786 1037 vllus.
845 999 933 1037 Nec
963 1011 1152 1049 vnquam
1183 998 1362 1037 olfacere
1390 1000 1513 1049 potui
1542 1000 1576 1037 si
1606 1000 1725 1037 cuius
1754 1011 1882 1050 opera

283 1052 376 1090 Rex
396 1052 479 1091 illic
500 1053 673 1091 adiutus
693 1057 815 1091 esset.
865 1053 996 1091 Plane
1016 1053 1181 1103 phrasis
1200 1054 1332 1104 ipsius
1352 1058 1428 1099 est,
1452 1057 1496 1092 et
1514 1054 1730 1104 ingenium
1751 1053 1882 1092 habet

201 1110 266 1151 870
282 1106 337 1144 ad
351 1108 494 1145 omnia
506 1106 607 1145 felix
620 1111 663 1146 ct
675 1107 925 1158 expeditum
945 1121 953 1146 :
984 1111 1028 1146 et
1040 1111 1186 1146 tamen
1199 1109 1234 1146 si
1246 1107 1349 1158 quid
1364 1107 1567 1146 voluisset
1579 1109 1644 1146 vti
1657 1107 1880 1146 doctorum

282 1160 462 1207 auxiliis,
485 1161 617 1200 habet
639 1162 780 1200 aulam
803 1161 1017 1201 differtam
1039 1163 1141 1201 viris
1163 1162 1330 1201 disertis
1352 1166 1396 1201 et
1417 1162 1607 1201 eruditis.
1658 1162 1881 1202 Caeterum

280 1216 325 1253 in
345 1215 525 1266 epistola
546 1216 649 1267 quid
670 1216 787 1255 aliud
806 1217 980 1256 laudaui
996 1229 1125 1267 quam
1147 1218 1337 1255 animum
1354 1217 1480 1267 Regis
1498 1219 1513 1254 ⁴?
1545 1220 1622 1255 aut
1641 1216 1745 1268 quid
1766 1216 1880 1255 aliud

281 1269 454 1309 laudare
485 1275 692 1322 poteram,
725 1284 811 1310 non
841 1271 952 1310 lecto
982 1271 1127 1310 libro?
1188 1271 1269 1310 Hic
1301 1275 1480 1322 expecto
1511 1272 1767 1310 sententiam
1799 1272 1881 1310 mei

282 1323 527 1372 Lutherani,
547 1338 602 1364 an
619 1339 802 1377 aequum
820 1327 876 1365 sit
892 1326 1017 1366 huius
1033 1326 1282 1377 suspicionis
1299 1330 1390 1364 tam
1406 1327 1531 1364 inane
1549 1327 1760 1365 somnium
1778 1325 1881 1364 mihi

200 1382 260 1423 875
282 1378 428 1417 obesse
448 1379 564 1430 apud
584 1381 697 1419 viros
718 1380 1010 1432 Euangelicos.

335 1433 448 1473 Audi
477 1447 590 1473 nunc
622 1435 737 1473 aliud
768 1436 937 1474 crimen.
997 1434 1255 1486 Impingitur
1285 1435 1388 1473 mihi
1419 1435 1534 1485 quod
1565 1439 1665 1474 ante
1695 1438 1881 1486 quatuor

280 1500 414 1526 annos
445 1501 530 1527 non
562 1489 821 1528 discesserim
853 1503 875 1528 e
906 1490 1137 1541 proscenio,
1170 1489 1312 1528 dicens
1347 1489 1355 1504 ‘
1374 1489 1523 1528 Valete
1554 1494 1597 1528 et
1628 1489 1819 1540 plaudite
1840 1489 1878 1528 'z

279 1543 479 1581 nimirum
522 1556 616 1582 mea
656 1544 787 1595 gloria
828 1557 1006 1595 meoque
1047 1545 1235 1595 praemio
1276 1548 1515 1590 contentus,
1559 1543 1675 1594 quod
1714 1543 1880 1595 linguas

279 1599 557 1636 consecrarim
576 1598 826 1650 theologiae,
847 1599 963 1649 quod
982 1599 1233 1650 sophisticas
1251 1611 1376 1637 ranas
1395 1612 1417 1637 e
1437 1598 1589 1637 scholis
1607 1597 1879 1649 profligarim,

199 1654 266 1685 880
280 1651 395 1702 quod
419 1653 675 1703 contemptis
698 1654 943 1692 ceremoniis
966 1653 1021 1691 ad
1042 1653 1184 1692 fontes
1203 1665 1345 1691 sacrae
1371 1651 1611 1703 Scripturae
1627 1654 1706 1691 sim
1727 1652 1877 1691 adhor-

279 1710 411 1744 tatus.
462 1706 542 1745 Hic
563 1711 675 1746 certe
695 1707 789 1758 plus
809 1707 946 1746 laudis
966 1707 1070 1746 mihi
1089 1707 1287 1746 tribuunt
1306 1720 1436 1758 quam
1457 1720 1533 1758 ego
1553 1720 1747 1758 agnosco.
1797 1706 1878 1745 Sed

279 1773 331 1798 ex
348 1760 426 1799 1100
444 1762 661 1812 proscenio
677 1762 889 1800 discedere
905 1775 991 1800 11011
1007 1762 1118 1808 licet,
1136 1763 1216 1800 nisi
1233 1762 1439 1812 choragus
1453 1762 1522 1800 ille
1538 1766 1680 1800 noster
1696 1762 1878 1801 iusserit.

280 1814 338 1853 Et
351 1818 497 1854 tamen
512 1817 570 1854 010
585 1815 792 1855 hactenus
807 1830 886 1868 ago
899 1816 1090 1855 fabulam
1106 1820 1156 1855 vt
1169 1816 1240 1855 illa
1255 1816 1452 1855 sublimia
1467 1816 1631 1855 Rosciis
1645 1820 1689 1855 et
1703 1815 1880 1867 Aesopis

278 1869 543 1920 relinquam3
581 1870 762 1922 (101110110
783 1871 1033 1910 comoedum
1053 1884 1143 1910 esse
1163 1871 1266 1909 mihi
1287 1872 1420 1922 magis
1439 1871 1545 1910 libet
1564 1883 1695 1921 quam
1714 1875 1878 1921 tragoe-

198 1926 258 1966 885
278 1923 394 1962 dum.
458 1924 525 1963 Ex
559 1938 674 1972 voce,
710 1925 926 1972 lateribus,
963 1930 1053 1964 arte
1087 1927 1295 1976 meipsum
1329 1926 1494 1964 metior.
1559 1924 1668 1964 ‘Sed
1703 1924 1878 1963 obstas’

276 1979 529 2029 inquiunt‚‘
548 1979 757 2030 1011000111
782 1980 952 2019 fabulae
977 1980 1240 2031 peracturis.'
1293 1980 1530 2018 Audiamus
1553 1980 1682 2030 igitur
1706 1983 1750 2018 et
1774 1979 1878 2017 haec

278 2033 466 2072 crimina.
528 2034 796 2073 ‘Romanam
817 2035 825 2050 ⁵
854 2036 1068 2085 inquiunt,
1102 2035 1110 2050 ⁶
1130 2034 1361 2073 Ecclesiam
1391 2034 1529 2073 adhuc
1559 2033 1807 2085 magnifacit
1835 2037 1879 2072 et

279 2088 483 2138 agnoscit.
530 2088 774 2127 Romanum
792 2089 1043 2128 Pontificem
1061 2089 1200 2128 adhuc
1218 2089 1297 2128 coli
1314 2089 1447 2128 iubet.
1494 2088 1649 2128 Scribit
1666 2089 1876 2127 neminem

280 2141 439 2180 bonum
461 2155 651 2193 vnquam
673 2144 934 2182 subtraxisse
955 2157 1044 2183 sese
1063 2144 1188 2182 huius
1209 2144 1366 2194 regno.'

197 2197 265 2237 890
334 2195 451 2235 Haec
470 2196 635 2247 aliaque
653 2198 866 2248 permulta
883 2202 984 2237 sunt
1000 2199 1044 2236 in
1061 2198 1228 2236 illorum
1246 2198 1391 2236 literis.
1438 2197 1502 2236 De
1519 2210 1647 2249 regno
1664 2209 1875 2248 nusquam

279 2251 464 2289 memini.
517 2251 683 2290 Alicubi
707 2253 853 2303 scripsi
876 2253 968 2303 pios
992 2265 1137 2291 omnes
1161 2253 1318 2303 vbique
1341 2252 1484 2290 fauere
1507 2252 1708 2303 dignitati
1731 2251 1875 2290 Ponti-

277 2303 379 2343 ficis.
425 2304 527 2352 Quis
541 2310 686 2344 autem
700 2319 785 2345 non
799 2306 946 2345 faueat
959 2308 1048 2345 eius
1062 2307 1261 2357 dignitati
1276 2307 1348 2357 qui
1363 2307 1596 2345 Virtutibus
1610 2305 1876 2357 Euangelicis

278 2358 492 2398 Christum
514 2360 636 2399 nobis
657 2365 946 2412 repraesentet
967 2364 982 2399 ‘3
1034 2361 1092 2400 Et
1113 2361 1191 2399 hoc
1214 2360 1339 2407 addo,
1363 2361 1530 2411 quoties
1552 2360 1712 2411 aliquid
1733 2359 1877 2398 tribuo

278 2413 477 2464 dignitati
499 2414 729 2454 Pontificis
780 2415 916 2454 Nemo
937 2428 1037 2454 vero
1057 2416 1192 2454 nescit
1212 2415 1366 2465 quibus
1386 2416 1430 2453 in
1451 2415 1576 2453 rebus
1597 2416 1679 2453 sita
1700 2415 1757 2453 sit
1776 2427 1876 2452 vera

197 2468 257 2509 895
277 2467 463 2519 dignitas
486 2469 670 2508 Romani
692 2469 909 2509 Pontificis
929 2483 937 2508 :
976 2483 1052 2508 nec
1074 2470 1154 2508 hoc
1176 2482 1261 2508 Vno
1282 2470 1326 2507 in
1348 2469 1440 2508 loco
1461 2468 1724 2507 declaratum
1747 2472 1812 2507 est
1832 2469 1876 2506 in

276 2522 644 2562 lucubrationibus
660 2525 776 2563 meis.
822 2524 913 2576 Ego
930 2537 1029 2563 vero
1046 2524 1197 2563 doctus
1213 2537 1265 2562 ex
1282 2523 1547 2575 Euangelicis
1563 2527 1607 2562 et
1622 2522 1876 2574 Apostolicis

326 2667 399 2707 865.
427 2667 498 2699 Nec
515 2669 685 2709 vnquam]
703 2669 804 2701 Until
820 2668 901 2700 Feb.
925 2677 1016 2708 1522.
1120 2668 1224 2700 letter
1234 2668 1268 2699 of
1280 2677 1324 2700 20
1336 2668 1428 2700 June
1443 2677 1526 2708 1523
1541 2671 1577 2699 to
1592 2667 1878 2709 Oecolampadius

321 2712 396 2742 866
422 2711 680 2752 Argentinensi]
727 2712 957 2753 Grieninger's
1004 2711 1039 2743 of
1109 2712 1206 2751 (LE2.
1229 2714 1333 2753 674):
1368 2712 1410 2743 cf.
1435 2711 1526 2752 Epp.
1552 2713 1647 2752 1384,
1671 2721 1765 2753 1397.
1810 2711 1879 2742 For

279 2762 300 2790 9
324 2753 411 2794 Aug.
436 2763 493 2795 152
498 2764 541 2786 2.
574 2765 629 2787 see
654 2756 719 2797 Ep.
748 2765 841 2797 1227
867 2766 924 2797 5n
1114 2755 1286 2787 Erasmus'
1325 2755 1533 2786 inclination
1571 2755 1721 2786 towards
1759 2755 1875 2785 retire-

321 2799 395 2836 869.
422 2790 579 2837 adiutus]
596 2799 664 2830 For
677 2799 817 2830 Luther'
822 2809 837 2829 s
850 2799 1041 2840 suspicions
1113 2802 1208 2830 ment
1224 2799 1266 2830 cf.
1287 2799 1377 2840 Epp.
1401 2807 1495 2840 1075,
1516 2808 1527 2829 1
1538 2800 1608 2839 158.

281 2839 316 2869 of
332 2839 398 2871 Lee
412 2851 467 2872 see
486 2842 550 2883 Ep
573 2844 664 2882 1308.
682 2853 738 2882 911.
1154 2844 1228 2876 888
1254 2841 1367 2880 iubet]
1384 2842 1434 2874 Cf.
1454 2843 1518 2882 Ep.
1541 2843 1634 2882 1167.
1655 2851 1774 2881 343-4.

324 2886 397 2923 871
427 2884 557 2924 aulam]
576 2885 624 2917 Cf.
646 2886 710 2927 Ep.
731 2896 806 2924 999.
826 2895 927 2917 221n.
1155 2889 1229 2926 891.
1256 2885 1452 2927 scripsi]Cf.
1469 2886 1558 2926 Epp
1574 2895 1667 2927 1144.
1680 2886 1724 2915 6—
1705 2894 1762 2927 —7‚
1776 2893 1871 2924 1195.

325 2927 400 2966 872.
427 2929 460 2958 in
477 2929 640 2969 epistola]
656 2929 721 2970 Ep.
743 2932 837 2961 1228.
855 2940 887 2969 9.
1114 2940 1231 2971 39-42

325 2970 397 3009 876.
426 2970 653 3013 Impingitur]
696 2973 713 3004 1
755 2973 800 3004 do
838 2977 901 3004 not
942 2973 1043 3004 know
1158 2976 1201 3013 89
1202 2976 1232 3005 6.
1261 2972 1361 3004 Euan
1363 2970 1554 3013 gelicilef.
1565 2970 1668 3002 Matt.
1681 2980 1720 3002 22
1726 2980 1801 3012 .17‚
1814 2971 1872 3003 810.

279 3013 399 3046 where.
429 3013 560 3046 Luther
572 3025 651 3057 says
664 3015 796 3047 similar
807 3015 926 3058 things
937 3016 973 3047 in
992 3015 1046 3046 his
1181 2982 1428 3056 9Apostolicis]
1445 3014 1494 3046 Cf.
1515 3013 1536 3045 l.
1554 3017 1655 3058 657n.
