2033 3395
319 157 372 196 22
791 156 1047 197 LETTERS
1078 156 1151 197 OF
1180 156 1445 197 ERASMUS
1793 155 1917 205 [1522

319 267 566 319 Pighardos,
604 268 715 306 inter
751 279 858 318 quos
895 271 1024 306 antea
1058 266 1223 305 fueram
1260 266 1442 305 triennio
1480 268 1768 304 conuersatus.
1826 264 1920 303 Hoc

318 322 422 361 alias
439 322 542 361 mihi
557 321 785 367 exciderat,
803 321 1005 372 quoniam
1022 321 1237 360 celeritate
1252 319 1480 371 gratificari
1496 319 1692 359 volebam
1709 319 1920 370 Episcopo

319 376 600 422 Olomucensi,
633 376 707 427 qui
737 375 850 414 idem
881 375 1157 426 efflagitabat.
1217 375 1328 425 Ergo
1360 375 1457 413 huic
1489 378 1539 413 vt
1569 374 1772 413 festinato
1804 373 1919 424 operi

318 431 456 470 multa
474 430 717 470 acciderant
736 443 822 468 non
840 429 1026 468 ferenda.
1085 429 1186 467 Plus
1206 429 1408 468 materiae
1428 442 1558 480 quarn
1579 428 1763 479 corporis
1782 427 1919 466 iustus

238 507 297 539 ¹35
319 485 469 524 modus
502 484 763 537 postulabat.
822 483 1058 534 Disposicio
1092 483 1238 521 multis
1272 484 1465 534 partibus
1499 484 1694 529 enormis,
1729 481 1842 521 calor
1875 481 1919 520 in

318 539 665 579 contencionibus
689 539 822 576 maior
844 551 974 589 quam
996 537 1126 577 ferret
1147 537 1387 577 Christ-iana
1409 542 1485 576 aut
1507 537 1689 588 denique
1711 536 1921 575 modestia

318 594 462 645 aliqua
481 593 628 632 ciuilis.
679 592 772 631 Hoc
786 593 943 631 vicium
957 592 1158 631 veniebat
1171 592 1287 639 mihi,
1302 592 1417 643 quod
1430 593 1720 643 experimento
1734 591 1918 630 sciebam

317 652 529 699 quantum
544 647 694 687 Oracio
710 660 736 685 a
749 647 964 686 sentencia
977 651 1021 685 et
1036 647 1128 685 vita
1142 646 1310 685 illorum
1326 646 1572 685 dissidebat,
1626 646 1749 693 Quod
1773 649 1919 684 tamen

317 702 509 741 excusari
532 715 619 740 non
633 706 777 752 potest
799 702 844 740 in
867 706 1118 752 argumento
1142 714 1227 752 quo
1251 700 1424 739 studeas
1448 700 1736 739 aduersarium
1757 700 1801 738 in
1820 704 1918 738 tuas

238 779 298 810 140
317 756 525 796 deducere
543 760 700 808 partes,
722 755 920 795 videlicet
939 756 1013 806 qui
1033 768 1184 795 causae
1200 755 1455 794 concoedere
1474 759 1657 806 poterat,
1679 768 1775 793 eum
1805 766 1917 793 acer—

319 812 455 850 bitato
475 823 723 862 exasperare
744 811 872 862 prius,
895 814 945 849 vt
968 811 1172 849 memoria
1200 809 1355 848 doloris
1381 809 1564 848 absistat
1582 822 1658 848 nec
1672 809 1807 860 possit
1821 821 1917 848 cum

316 866 388 904 illo
411 866 486 917 qui
509 865 811 904 contumeliam
831 864 972 911 foecit,
995 864 1156 916 aliquid
1176 865 1331 903 sentire
1352 877 1588 903 commune.

371 920 534 959 Romae
567 920 640 958 vbi
672 919 748 966 fui,
782 920 1017 958 innitamur
1049 932 1125 970 ego
1159 923 1204 958 ct
1236 918 1461 970 perduellis
1493 922 1594 957 tuus
1627 918 1743 969 apud
1776 917 1918 969 magni

314 975 498 1013 nominis
522 974 737 1013 hominem
761 987 813 1013 ex
837 974 1129 1025 episcoporum
1155 986 1330 1012 numero
1351 986 1358 1020 ;
1400 973 1486 1019 vbi,
1512 981 1562 1011 vt
1585 977 1749 1012 semota
1773 984 1919 1010 mensa

237 1050 295 1084 145
315 1030 413 1077 fuit,
435 1028 669 1081 productus
688 1032 755 1068 est
773 1029 819 1066 in
839 1041 1038 1067 coronam
1060 1027 1272 1067 Lutherus
1291 1032 1336 1067 et
1356 1028 1471 1066 varie
1493 1028 1693 1078 agitatus.
1743 1026 1920 1066 Summa

314 1084 532 1123 sentencia
552 1087 645 1122 erat
665 1087 943 1122 scortatorem
964 1096 1061 1122 eum
1082 1095 1171 1122 esse
1192 1087 1236 1121 et
1256 1086 1559 1133 compotorem,
1582 1081 1779 1132 qualibus
1800 1080 1919 1119 viciis

314 1137 400 1177 fere
433 1137 677 1177 laborarent
710 1137 922 1176 Germani.
980 1137 1222 1176 Secundum
1255 1137 1395 1187 ipsum
1428 1140 1477 1174 tu
1510 1149 1597 1174 non
1629 1140 1706 1174 tua
1738 1147 1919 1186 persona

314 1191 522 1243 prodiisti.
581 1192 687 1230 Risu
711 1204 857 1230 amaro
881 1191 1121 1243 excipiebat
1144 1190 1382 1242 perduellis,
1408 1190 1524 1241 quod
1547 1189 1678 1229 solem
1702 1189 1918 1241 plaerique

314 1251 359 1286 te
395 1246 644 1292 salutarent,
683 1246 758 1297 qui
794 1250 871 1284 tua
906 1246 951 1284 in
987 1245 1154 1285 Christo
1191 1246 1263 1297 pia
1298 1245 1442 1284 studia
1479 1249 1728 1296 agnoscunt.
1786 1243 1918 1283 Lecta

235 1323 298 1356 150
315 1300 468 1340 deinde
489 1304 555 1340 est
581 1301 713 1352 ipsius
736 1300 803 1339 vel
825 1300 1006 1351 epistola
1028 1300 1095 1339 vel
1116 1300 1161 1338 in
1183 1299 1299 1338 aliud
1327 1313 1433 1351 opus
1456 1298 1667 1350 praefacio
1690 1297 1916 1350 quaedam,

314 1356 358 1394 in
375 1368 461 1406 qua
476 1355 521 1394 in
536 1354 743 1394 inuidiam
760 1355 1084 1394 adducebantur
1099 1354 1180 1393 loci
1197 1354 1351 1406 quibus
1368 1358 1417 1393 tu
1434 1354 1707 1400 monaciscos,
1726 1352 1917 1404 preculas

314 1410 468 1457 aridas,
501 1410 665 1448 ancisas
696 1409 956 1448 cucullorum
988 1422 1095 1456 oras,
1128 1422 1254 1460 rugas
1284 1408 1508 1460 palliorum
1541 1408 1842 1447 adnumeratas
1873 1411 1918 1446 et

315 1464 459 1503 onmia
482 1464 790 1503 secoessionum
813 1464 859 1502 in
882 1463 1071 1503 Ecclesia
1094 1463 1289 1515 symbola
1311 1463 1542 1502 insectaris.
1601 1462 1659 1501 Et
1683 1475 1810 1501 senex
1833 1461 1916 1507 ille,

315 1518 475 1570 alioqui
493 1531 580 1557 non
600 1518 846 1565 monachus,
868 1518 942 1557 sed
962 1517 1219 1557 sacrificulus
1239 1522 1398 1564 tamen,
1421 1521 1513 1556 ater
1525 1521 1569 1556 et
1580 1516 1834 1563 inamabilis,
1851 1516 1916 1555 tui

234 1595 292 1630 155
314 1573 497 1613 nominis
519 1573 793 1624 impacientia
815 1577 934 1611 totus
956 1572 1185 1612 ferebatur.
1243 1572 1438 1611 Fauebat
1460 1572 1585 1610 huius
1608 1571 1781 1610 candori
1804 1584 1914 1610 com-

314 1628 455 1666 munis
480 1628 644 1678 hospes,
667 1628 769 1678 quia
788 1639 939 1678 parum
961 1627 1152 1678 aequiter
1171 1626 1315 1665 forsan
1336 1626 1502 1665 audiret
1523 1626 1606 1664 dici
1625 1626 1669 1664 in
1691 1625 1918 1664 Germania

314 1682 477 1721 illustre
498 1681 672 1733 aliquid,
695 1682 775 1720 tibi
803 1682 937 1721 eciam
958 1682 1161 1732 priuatim
1181 1694 1269 1720 non
1297 1681 1458 1720 amicus
1479 1684 1601 1727 esset,
1624 1693 1751 1731 quem
1773 1680 1914 1719 clami-

313 1740 427 1776 taret
451 1736 607 1776 habere
631 1737 676 1775 in
702 1749 832 1775 cornu
857 1736 1043 1775 foenum.
1102 1735 1308 1775 Videlicet
1334 1734 1615 1786 Euangelium
1641 1738 1684 1773 et
1710 1747 1915 1774 canonem

313 1804 496 1838 omnem,
531 1791 725 1830 diuinum
757 1790 969 1830 vindicem
1002 1791 1221 1838 viciorum,
1256 1790 1356 1829 olim
1389 1790 1693 1829 oblitterarunt
1724 1789 1916 1828 homines

234 1861 296 1895 160
313 1859 438 1885 sensu
484 1846 686 1897 corrupti,
734 1845 1050 1884 substituerunt
1096 1849 1241 1884 autem
1286 1845 1347 1883 illi
1393 1844 1649 1895 theologiam
1697 1843 1914 1895 quandam

313 1900 543 1939 obnoxiam
592 1904 636 1939 et
684 1899 938 1939 tradiciones
987 1899 1269 1951 obsequentes
1316 1899 1403 1938 suis
1451 1898 1709 1945 auctoribus,
1760 1898 1915 1949 quibus

310 1954 474 2006 legibus
493 1954 690 2005 deinceps
709 1954 844 1994 securi
861 1955 906 1993 in
925 1955 1069 1993 omnia
1087 1967 1163 2006 pro
1181 1953 1356 1993 libidine
1374 1953 1582 1992 feruntur.
1640 1953 1699 1991 Et
1718 1953 1792 2003 qui
1810 1952 1915 1992 haec

313 2009 369 2048 ad
387 2008 534 2048 diuina
552 2022 696 2048 rursus
714 2008 886 2049 decreta
904 2009 1087 2048 attrahit
1105 2012 1150 2048 et
1163 2008 1380 2061 expendit,
1402 2021 1499 2047 cum
1517 2006 1724 2046 inuidiam
1743 2020 1913 2046 mouere

313 2064 469 2102 diuinis
494 2063 611 2102 libris
636 2076 724 2102 non
750 2063 951 2111 audeant,
980 2063 1217 2103 vindictam
1243 2075 1320 2115 pro
1347 2062 1490 2102 dolore
1515 2062 1561 2100 in
1590 2075 1688 2101 eum
1715 2065 1913 2101 exercent

314 2179 486 2212 Brethren
517 2178 603 2211 with
633 2181 733 2221 great
764 2177 997 2210 vehemence:
1042 2181 1080 2210 to

314 2234 335 2255 a
355 2223 478 2266 degree
498 2222 623 2261 which,
644 2233 683 2254 as
704 2222 747 2254 he
767 2232 845 2254 now
865 2221 1081 2264 recognized,

314 2277 385 2298 was
413 2267 511 2308 quite
540 2266 749 2298 unsuitable.
803 2266 866 2298 See
895 2265 1079 2298 Schotten·

311 2309 438 2342 loher's
453 2309 606 2351 analysis
621 2310 657 2342 of
672 2310 713 2349 it,
728 2319 780 2350 op.
798 2309 868 2349 cit„
883 2319 941 2351 pp.
958 2319 977 2341 2
981 2319 1079 2350 3—34.

364 2361 436 2394 131.
461 2354 629 2394 triennio]
647 2355 809 2394 1508-11,
831 2352 934 2385 while
949 2352 993 2385 he
1008 2362 1081 2385 was

313 2397 399 2430 with
413 2397 459 2429 H.
476 2397 584 2428 Kuna
598 2397 634 2428 in
648 2397 817 2429 Moravia.

363 2451 434 2482 133.
462 2440 703 2481 Olomucensi]
731 2441 829 2473 Stan.
861 2439 974 2472 Turzo
998 2439 1078 2481 (Ep.

317 2493 399 2525 1242
432 2484 590 2525 introd.),
620 2487 659 2516 to
689 2483 804 2516 whom
835 2483 897 2516 the
928 2483 1021 2516 book
1050 2484 1080 2515 is

1148 2181 1234 2210 teat.
1249 2178 1335 2210 Cum
1343 2178 1434 2210 enim
1445 2177 1575 2219 ptaotis
1583 2178 1614 2219 (ἱ7
1618 2177 1806 2219 preteritis)
1812 2176 1913 2209 annis

1148 2221 1300 2263 quedam
1315 2224 1398 2253 sunt
1411 2222 1609 2262 conscripta
1623 2221 1665 2252 de
1680 2222 1728 2253 eis
1742 2224 1778 2253 et
1791 2231 1910 2253 eorum

1147 2266 1237 2304 vita,
1257 2265 1324 2297 hoc
1346 2275 1439 2297 nunc
1462 2265 1522 2296 isti
1543 2264 1703 2296 moderni
1723 2267 1854 2306 negant
1876 2267 1913 2296 et

1147 2309 1346 2341 abhorrent.
1386 2308 1568 2347 Attamen,
1584 2311 1624 2339 vt
1635 2308 1824 2349 conspicio,
1835 2308 1911 2340 vita

1147 2362 1266 2384 eorum
1273 2352 1360 2383 satis
1369 2351 1462 2383 bona
1471 2351 1602 2391 est‚sed
1609 2351 1694 2383 fides
1703 2351 1909 2383 abhomina-

1147 2395 1225 2428 bilis
1241 2395 1529 2428 Christifidelibus
1543 2395 1563 2427 ⁵.

1195 2447 1267 2479 143.
1287 2438 1487 2480 perduellis]
1498 2438 1643 2471 Stunica
1657 2450 1665 2476 ;
1681 2447 1737 2470 see
1749 2437 1839 2479 App.
1858 2446 1905 2479 15.

1193 2491 1266 2521 144.
1287 2482 1480 2522 hominem]
1489 2481 1650 2523 Possibly
1659 2481 1839 2523 Carvajal:
1853 2491 1909 2513 see

314 2527 509 2560 dedicated.

363 2571 437 2611 138.
464 2570 604 2612 Oracio]
656 2571 718 2604 See
763 2569 829 2612 Ep.
880 2579 974 2611 1154.
1020 2571 1077 2602 811.

314 2614 445 2656 Ziegler
479 2614 657 2656 reprinted
693 2613 754 2646 the
791 2613 906 2646 Oratio
942 2617 982 2645 at
1017 2613 1079 2645 the

315 2658 500 2700 beginning
517 2658 553 2689 of
569 2658 623 2690 his
640 2657 732 2689 book
749 2657 785 2697 (l.
807 2660 919 2699 13on).

401 2711 424 2733 a
437 2701 615 2733 sentencia
628 2704 666 2733 et
679 2701 770 2741 vita]
783 2701 815 2732 A
829 2710 925 2732 more
939 2700 1079 2732 favour-

313 2744 392 2775 able
403 2746 554 2776 account
565 2744 594 2776 is
606 2745 710 2786 given
724 2744 771 2786 by
783 2743 844 2776 the
856 2745 1079 2782 Dominican,

313 2787 337 2819 J
339 2798 390 2819 ac.
407 2787 636 2829 Lilienstayn,
656 2787 734 2819 who
754 2798 826 2819 was
841 2797 887 2819 no
903 2787 1015 2819 friend
1038 2790 1076 2819 to

313 2830 405 2862 their
418 2830 493 2862 rule
507 2830 578 2861 and
594 2831 685 2862 their
700 2831 804 2870 saith,
818 2832 855 2863 in
870 2831 924 2863 his
941 2831 1078 2863 Tracta-

314 2877 368 2906 tus
397 2877 510 2906 contro,
543 2873 743 2913 waldenses,
763 2874 888 2915 fratres
913 2884 1074 2912 erroneos,

314 2916 364 2959 (c.
382 2916 500 2959 1505),
513 2917 554 2949 1⁰.
569 2917 612 2948 G⁵
627 2929 635 2949 z
673 2916 681 2929 ‘
695 2917 827 2949 Vellem
839 2917 932 2949 enim
947 2928 1009 2960 ego
1027 2918 1075 2950 vi-

313 2964 388 2992 tam
412 2970 532 2992 eorum
555 2960 770 2992 conscribere
792 2966 829 2993 et
851 2961 960 2993 ritum
975 2973 985 2999 ;
1014 2961 1076 2993 sed

314 3004 398 3045 quia
414 3003 466 3035 ita
484 3003 671 3035 mutabiles
689 3007 773 3036 sunt
787 3005 878 3036 sicut
892 3004 991 3043 luna,
1005 3005 1077 3045 [vt]

313 3058 384 3079 non
395 3056 535 3089 possum
547 3050 680 3079 certum
691 3047 819 3079 habere
830 3047 915 3088 quid
925 3048 961 3079 in
969 3048 1018 3079 eis
1025 3047 1075 3079 la-

1146 2526 1211 2568 Ep·
1234 2536 1327 2567 1330-
1345 2533 1399 2566 45-

1194 2570 1265 2608 146.
1292 2569 1544 2611 compotorem]
1563 2567 1615 2601 Cf.
1632 2568 1697 2610 Ep.
1716 2574 1810 2606 1033.
1827 2575 1903 2600 22n.

1191 2614 1266 2651 148.
1291 2613 1415 2653 solem]
1435 2612 1485 2645 Cf.
1503 2612 1593 2654 Epp.
1611 2621 1685 2653 315.
1707 2621 1741 2651 9,
1757 2621 1831 2653 323.
1854 2621 1910 2653 30,

1145 2667 1219 2699 337·
1249 2666 1302 2697 11,
1325 2667 1401 2697 344·
1430 2665 1548 2697 12-13‚
1571 2665 1646 2696 391·
1673 2664 1727 2696 53,
1749 2665 1825 2695 423·
1856 2664 1907 2696 15.

1146 2710 1219 2740 591.
1241 2702 1295 2741 58,
1312 2702 1388 2741 685.
1412 2701 1464 2738 16,
1482 2701 1556 2741 769.
1581 2708 1707 2739 112-13
1727 2699 1777 2738 (of
1794 2697 1907 2730 which

1144 2744 1220 2776 Eck
1235 2743 1375 2776 himself
1389 2744 1419 2775 is
1435 2743 1496 2774 the
1511 2743 1653 2782 writer),
1673 2750 1765 2782 1253.
1785 2752 1814 2783 3.

1192 2794 1228 2825 15
1235 2795 1265 2827 3.
1290 2787 1412 2827 senex]
1448 2786 1517 2818 For
1546 2785 1606 2817 the
1636 2785 1740 2817 value
1771 2786 1808 2816 of
1837 2784 1908 2816 this

1142 2833 1231 2862 term
1249 2841 1307 2862 see
1325 2831 1415 2872 Epp.
1439 2838 1531 2870 1025.
1555 2830 1633 2867 16n,
1654 2837 1747 2869 1103.
1767 2837 1846 2868 2411.
1888 2828 1906 2859 I

1142 2877 1274 2906 cannot
1301 2874 1375 2905 find
1403 2873 1504 2905 when
1533 2872 1678 2905 Stunica
1706 2881 1778 2903 was
1808 2871 1904 2903 born.

1142 2917 1274 2959 Ziegler
1291 2918 1329 2949 in
1347 2916 1408 2948 the
1428 2915 1588 2955 Libellus,
1605 2915 1646 2947 10.
1669 2915 1705 2954 1²,
1724 2914 1850 2957 speaks
1869 2915 1906 2946 of

1141 2961 1196 2993 his
1214 2960 1222 2973 ⁶
1235 2963 1336 2992 aetas
1350 2969 1443 2992 nunc
1458 2959 1574 3000 grauis
1588 2958 1608 2990 ².

1190 3003 1262 3043 156.
1286 3003 1324 3035 in
1339 3002 1541 3042 Germania]
1560 3000 1611 3034 Of.
1626 3000 1692 3044 Ep.
1719 3010 1811 3034 1110.
1835 3002 1902 3043 6711

1141 3047 1211 3079 and
1224 3047 1262 3079 ll.
1279 3048 1386 3089 247-8
1403 3045 1504 3088 infra.
