2012 3370
159 139 280 187 1415]
634 136 706 174 To
737 134 1003 174 LORENZO
1033 132 1323 173 CAMPEGIO
1673 132 1751 170 393

157 246 392 297 complures
436 245 610 285 Lutheri
654 243 856 295 epistolae
899 243 1145 282 reclamant.
1221 242 1409 289 Quarum
1454 253 1582 279 vnam
1628 240 1755 278 mitto

155 300 287 351 ipsius
305 313 433 339 manu
451 299 665 351 scriptam.
711 297 839 337 Nulla
856 311 900 336 re
917 297 1020 336 mihi
1037 297 1214 336 videbar
1230 297 1393 335 beatior
1410 308 1541 346 quam
1557 293 1755 333 amicitiis
1771 306 1814 335 40

156 355 432 401 eruditorum,
453 355 497 394 in
523 353 676 404 quibus
703 351 1052 402 conquiescebam
1072 365 1080 398 ;
1112 364 1377 401 quorumque
1398 349 1586 401 plerique
1604 347 1756 386 fauent

158 408 356 456 Luthero,
380 409 553 448 tametsi
573 406 748 459 quidam
770 406 1052 446 dissimulant.
1104 405 1195 443 Hos
1216 418 1328 443 nunc
1351 408 1428 443 aut
1448 403 1585 442 habeo
1611 401 1754 453 palam

157 462 312 510 hostes,
344 463 402 502 sic
431 467 481 502 vt
505 461 672 501 furiosis
699 460 851 499 libellis
878 460 922 498 in
951 473 1017 498 me
1047 459 1375 505 debacchentur,
1407 462 1484 496 aut
1511 458 1755 508 insynceros

157 529 327 556 amlcos.

210 571 308 611 Non
332 583 399 610 me
422 571 613 622 poenitet
636 568 760 608 huius
785 568 915 608 animi
936 582 943 614 ;
985 567 1129 607 malim
1154 567 1222 606 vel
1246 567 1361 605 vitae
1385 567 1594 605 iacturam
1617 564 1758 604 facere
1772 576 1813 608 45

157 638 287 676 quam
322 625 496 677 adiungi
528 624 717 663 factioni.
781 622 879 662 Non
914 623 1061 673 scripsi
1094 622 1139 660 in
1175 621 1445 660 Lutherum?
1498 621 1584 660 imo
1620 619 1757 658 multa

157 680 303 730 scripsi
323 693 330 718 ι
371 692 479 730 quae
500 691 564 718 res
586 678 679 717 illos
700 677 831 716 habet
852 677 1044 728 pessime.
1095 676 1137 715 N
1139 688 1183 714 ec
1205 675 1373 714 interim
1398 674 1502 713 nihil
1524 674 1601 726 egi.
1652 673 1757 711 Mihi

157 734 291 780 crede,
319 734 476 773 multos
501 733 650 772 sanaui
674 733 759 770 iam
785 731 979 770 addictos
1003 730 1075 769 isti
1099 729 1271 776 foederi,
1299 729 1456 767 multos
1481 728 1680 767 reuocaui
1704 740 1758 765 ne

156 788 417 835 accederent,
433 787 589 826 multos
603 786 847 825 moderatus
860 798 954 824 sum
967 798 1020 823 ne
1032 784 1212 822 nimium
1227 783 1488 823 accederent.
1532 782 1755 822 Neminem

157 842 329 892 quidem
363 842 521 882 conieci
553 842 597 880 in
631 840 829 886 vincula;
881 840 954 878 sed
988 839 1082 891 plus
1116 838 1245 877 efficit
1278 838 1352 889 qui
1386 837 1580 876 medetur
1614 836 1756 875 animo
1776 848 1817 881 50

156 908 286 947 quam
314 897 388 948 qui
414 908 565 947 corpus
591 895 752 946 affligit.
809 895 1033 934 Caeterum
1061 906 1146 945 quo
1174 893 1313 931 minus
1340 891 1479 930 adhuc
1506 891 1611 930 totis
1638 890 1756 928 volu·

157 950 341 990 minibus
359 950 612 1002 impetierim
633 949 881 995 Lutherum,
901 948 1006 987 illud
1025 947 1294 999 potissimum
1314 946 1357 985 in
1378 958 1505 984 causa
1523 945 1620 991 fuit,
1642 943 1757 995 quod

156 1004 281 1054 plane
306 1005 584 1056 perspicerem
610 1017 677 1043 me
701 1003 807 1043 nihil
831 1003 948 1043 aliud
973 1002 1263 1054 profecturum
1290 1013 1419 1052 quam
1446 1003 1496 1039 vt
1521 998 1756 1039 tumultum

156 1058 268 1098 hunc
292 1072 553 1099 renouarem.
607 1058 665 1098 Et
688 1062 834 1097 tamen
857 1058 1060 1108 quoniam
1084 1060 1237 1108 vrgent
1260 1055 1483 1107 principes,
1509 1053 1756 1105 praesertim

157 1112 250 1152 Rex
276 1113 464 1166 Angliae,
492 1112 643 1152 aedam
667 1112 823 1152 librum
843 1111 1046 1151 aduersus
1063 1111 1183 1149 illum
1204 1111 1269 1149 De
1289 1109 1421 1149 libero
1440 1108 1640 1147 arbitrio:
1672 1120 1758 1146 non
1778 1120 1793 1152 5
1800 1119 1815 1152 5

156 1167 272 1218 quod
305 1167 516 1206 confidam
547 1167 592 1206 id
624 1166 909 1218 profuturum,
945 1166 1018 1205 sed
1051 1169 1101 1205 vt
1133 1165 1341 1204 declarem
1374 1163 1636 1214 principibus
1669 1175 1757 1200 esse

158 1234 317 1268 verum,
350 1222 466 1273 quod
496 1222 599 1260 mihi
628 1221 857 1261 noluerunt
887 1220 1065 1259 credere.
1125 1219 1221 1258 Mea
1250 1217 1453 1257 valetudo
1484 1217 1582 1255 talis
1614 1220 1678 1255 est
1708 1219 1758 1255 vt

156 1276 346 1326 quotidie
375 1289 521 1327 parem
556 1289 623 1314 me
656 1276 701 1314 in
734 1275 853 1313 illum
888 1287 1133 1326 supremum
1162 1274 1302 1312 diem:
1349 1285 1434 1323 quo
1464 1272 1603 1310 minus
1630 1270 1755 1309 velim

156 1329 383 1369 admittere
412 1330 528 1380 quod
557 1329 772 1369 Christum
803 1329 1005 1367 offendat.
1065 1328 1218 1367 Vestra
1247 1327 1441 1377 aequitas
1472 1330 1602 1376 atque
1632 1324 1758 1363 huius

157 1383 373 1422 Pontificis
412 1384 468 1422 ab
508 1383 705 1422 omnibus
745 1383 991 1433 praedicata
1030 1382 1258 1433 prudentia
1298 1381 1401 1418 mihi
1443 1380 1598 1418 bonam
1639 1391 1757 1429 spem
1775 1386 1819 1416 60

156 1437 260 1476 facit
290 1452 365 1476 vos
395 1438 499 1476 nihil
529 1438 714 1476 odiosius
743 1439 787 1476 in
817 1450 883 1475 me
913 1437 1168 1476 decreturos.
1230 1435 1351 1483 Quod
1382 1435 1417 1473 si
1446 1434 1577 1479 fieret,
1610 1433 1758 1472 eadem

157 1505 285 1542 opera
319 1496 362 1531 et
397 1492 665 1531 Lutheranae
700 1491 876 1530 factioni
910 1504 999 1530 rem
1033 1490 1155 1541 longe
1185 1489 1469 1541 gratissimam
1499 1488 1677 1533 facietis,
1710 1500 1758 1525 ac

157 1545 347 1596 pluribus
380 1546 665 1586 summatibus
698 1546 799 1584 viris
832 1545 954 1597 longe
988 1545 1342 1591 molestissimam,
1379 1556 1484 1594 quos
1519 1542 1622 1580 mihi
1656 1542 1760 1579 meis

157 1601 309 1639 studiis
334 1601 507 1640 deuinxi
531 1600 677 1640 fauore
702 1613 787 1639 non
813 1599 1043 1639 exambito.
1100 1600 1289 1647 Quorum
1314 1601 1380 1636 est
1403 1601 1547 1636 noster
1572 1595 1759 1641 Carolus,

157 1658 201 1693 ct
220 1655 264 1694 in
280 1655 406 1694 huius
422 1655 519 1694 aula
536 1655 660 1694 multi
680 1669 687 1701 3
720 1655 812 1693 Rex
833 1654 1022 1706 Angliae,
1041 1653 1134 1692 Rex
1156 1653 1386 1698 Gallorum,
1410 1652 1503 1690 Rex
1523 1651 1756 1697 Danorum,
1777 1659 1817 1696 65

159 1708 357 1760 Princeps
373 1709 679 1756 Ferdinandus,
699 1709 820 1748 Card.
839 1709 1028 1760 Angliae,
1047 1708 1398 1758 Archiepiscopus
1415 1705 1729 1745 Cantuariensis
1750 1717 1758 1743 :

160 1766 208 1801 vt
238 1776 289 1802 ne
322 1776 645 1802 commemorem
678 1767 746 1802 tot
777 1764 998 1814 principes,
1032 1766 1100 1801 tot
1132 1763 1363 1813 episcopos,
1397 1765 1463 1799 tot
1496 1760 1684 1798 eruditos
1716 1764 1759 1797 ct

158 1817 357 1857 honestos
375 1818 488 1857 viros
503 1831 588 1857 11011
606 1817 741 1856 50111111
758 1817 802 1856 111
819 1817 983 1868 Anglia,
1002 1816 1202 1855 Flandria
1219 1820 1262 1854 et
1280 1815 1415 1854 Gallia
1434 1814 1757 1864 Germaniaque,

159 1884 305 1910 veru1n
340 1873 469 1911 etiarn
502 1873 546 1911 in
580 1872 801 1923 Hungaria
833 1875 877 1910 et
910 1871 1098 1917 Polonia,
1134 1871 1207 1921 qui
1240 1870 1307 1909 vel
1341 1884 1384 1908 se
1417 1872 1575 1919 putant
1608 1868 1760 1906 debere

159 1926 341 1965 multum
378 1927 595 1965 laboribus
631 1927 746 1973 meis,
786 1926 853 1964 vel
890 1930 1001 1965 certe
1039 1938 1105 1963 me
1142 1925 1193 1964 de
1230 1923 1409 1975 publicis
1447 1923 1598 1962 studiis
1636 1922 1758 1961 bene-
1778 1938 1820 1969 70

159 1981 356 2019 meritum
389 1995 489 2020 esse.
552 1980 716 2019 Horum
749 1980 912 2019 animos
944 1980 1217 2018 discruciaret
1248 1979 1283 2016 si
1312 1978 1456 2017 liceret
1488 1976 1758 2028 quibusdam,

158 2035 232 2084 qui
262 2036 432 2086 priuato
465 2035 679 2074 ducuntur
711 2035 820 2081 odio,
854 2034 1051 2085 perficere
1083 2033 1197 2085 quod
1228 2033 1479 2084 iampridem
1512 2031 1758 2070 moliuntur.

160 2088 217 2128 Et
239 2102 316 2140 ego
338 2089 506 2129 illorum
531 2089 673 2129 dolore
698 2089 831 2140 inagis
855 2088 1039 2128 dolerem
1063 2101 1193 2139 quam
1218 2101 1324 2126 mco.

212 2143 349 2182 Multa
370 2145 528 2195 scripsi,
553 2144 625 2183 sed
647 2144 813 2183 saeculo
835 2143 1065 2195 tranquillo
1086 2156 1094 2189 ;
1133 2142 1249 2194 quod
1270 2142 1304 2180 si
1326 2141 1565 2192 suspicatus
1587 2140 1756 2179 fuissem

158 2197 236 2237 1100
265 2198 478 2237 saeculum
505 2199 781 2245 exoriturum,
810 2197 931 2250 longe
959 2198 1081 2236 aliter
1108 2197 1364 2248 scripsissem
1392 2195 1542 2241 multa,
1571 2198 1648 2233 aut
1674 2207 1759 2233 non
1779 2211 1818 2243 75

158 2252 428 2303 scripsissem.
492 2253 613 2293 Certe
647 2253 691 2291 in
726 2252 804 2291 hoc
838 2265 978 2291 rerum
1011 2252 1203 2291 tumultu
1238 2250 1501 2290 sanctissime
1536 2262 1602 2288 me
1638 2249 1758 2300 gessi,

158 2310 202 2345 et
230 2310 425 2358 gesturus
454 2320 548 2346 sum
577 2320 710 2358 vsque
740 2307 795 2346 ad
825 2311 1018 2346 mortem.
1077 2306 1230 2345 Nullus
1259 2305 1496 2344 haereticus
1526 2307 1603 2342 aut
1631 2303 1758 2342 schis-

159 2361 340 2400 maticus
370 2362 473 2401 meis
503 2361 654 2412 opibus
683 2361 970 2400 adiuuabitur.
1030 2360 1098 2399 Ad
1127 2360 1326 2401 Stunicae
1357 2359 1590 2398 calumnias
1620 2357 1759 2395 verius

159 2428 289 2466 quam
320 2416 608 2455 conclusiones
639 2416 819 2455 strictim
853 2415 1064 2466 respondi.
1124 2415 1238 2453 Talis
1270 2413 1420 2453 rabula
1454 2411 1638 2450 multum
1672 2411 1758 2450 odii

159 2469 362 2509 conflabit
398 2470 496 2510 Sedi
532 2470 752 2510 Romanae
787 2470 874 2509 suis
911 2469 1226 2521 sycophanticis
1261 2468 1425 2514 libellis,
1463 2466 1618 2517 quibus
1655 2465 1759 2503 nulli
1778 2475 1820 2506 80

159 2524 292 2575 magis
319 2524 589 2577 applaudunt
615 2538 744 2576 quam
773 2524 896 2563 valde
924 2524 1169 2563 Lutherani.
1227 2523 1271 2563 Si
1297 2521 1401 2573 quid
1427 2520 1689 2560 inueniretur
1714 2520 1758 2557 111

158 2576 275 2617 libris
293 2579 409 2625 meis,
431 2592 537 2630 quos
556 2579 714 2618 multos
733 2579 886 2625 aedidi,
907 2579 1111 2629 scriptum
1129 2577 1355 2623 incautius,
1377 2580 1571 2627 poteram
1590 2574 1759 2613 secretis

158 2631 290 2671 literis
309 2632 526 2672 admoneri
546 2647 554 2679 ;
591 2633 778 2672 monitus
795 2633 976 2672 libenter
996 2637 1218 2671 mutarem.
1266 2631 1390 2670 Nunc
1410 2633 1586 2681 paratur
1605 2632 1759 2680 quarta

205 2739 256 2771 39.
283 2730 405 2770 vnam]
434 2730 537 2762 From
566 2730 626 2762 thc
655 2740 859 2762 occurrence
888 2730 924 2761 of
992 2729 1164 2771 probably
1181 2733 1245 2762 not
1261 2729 1375 2770 yetin
1394 2729 1499 2771 print.

158 2784 179 2805 a
204 2776 472 2814 contemporary
497 2783 587 2815 copy
611 2773 648 2805 of
672 2773 754 2805 LE2.
782 2782 858 2815 710,
885 2777 923 2805 to
1035 2783 1089 2812 40.
1115 2774 1223 2815 ipsius
1242 2783 1348 2805 manu
1366 2771 1548 2814 scriptam]
1567 2771 1639 2804 Not
1656 2775 1755 2804 auto-

159 2816 296 2849 Conrad
325 2816 488 2855 Pelliean,
521 2826 532 2848 1
567 2816 645 2849 Oct.
679 2817 921 2862 1523,·imn1e-
990 2816 1102 2858 graph
1133 2827 1217 2853 ms.;
1262 2817 1327 2848 but
1356 2816 1403 2857 by
1434 2815 1576 2853 Luther,
1607 2826 1645 2847 as
1675 2826 1753 2848 con-

158 2860 291 2902 diately
310 2860 403 2893 after
422 2860 493 2893 this
512 2859 617 2893 letter
636 2860 673 2892 in
693 2860 753 2893 the
775 2860 923 2892 vatican
992 2860 1126 2892 trusted
1144 2860 1230 2892 with
1248 2870 1313 2892 one
1330 2860 1367 2891 of
1384 2860 1436 2891 his
1453 2859 1633 2891 followers.

159 2904 309 2943 volume,
350 2904 483 2936 Enders
521 2904 550 2936 is
590 2903 716 2945 clearly
755 2904 849 2945 right
886 2904 922 2936 in
1039 2913 1088 2945 55.
1117 2905 1167 2936 De
1186 2903 1293 2935 libero
1311 2903 1472 2943 arbitrio]
1489 2903 1553 2935 See
1570 2903 1634 2945 Ep.
1659 2912 1753 2944 1419.

158 2949 281 3024 ἰέἷξμέἒῂ1
325 2947 924 3024 [ἒῗῗέηέῗιῗᾱέἰῗὲἓῦῗηἒίἒὲῗῗῖἱΐ
991 2946 1458 3024 &sssliglflungagffogr
1492 2947 1581 2990 Epp-
1613 2948 1689 2989 ⁸⁷³·
1724 2957 1754 2988 3'

161 3016 272 3068 Faber
300 3039 337 3068 to
365 3046 443 3068 scc:
486 3035 549 3077 Ep.
585 3045 676 3077 1397.
708 3038 738 3067 8.
792 3016 924 3067 lt·was
1038 3000 1652 3076 ἐ4.45115ῗ)13151115]01.1·111.141837.
