2012 3370
275 100 351 141 176
741 102 997 143 LETTERS
1028 103 1101 144 OF
1130 103 1395 146 ERASMUS
1746 108 1871 157 [1523

269 213 473 265 quicquid
491 213 746 264 eloquentia,
767 213 970 265 quicquid
988 226 1202 253 sacrarum
1221 214 1459 266 cognitione
1477 213 1695 254 literarum
1714 220 1870 267 posset.

271 268 474 308 Videmus
503 269 615 307 enim
645 268 724 306 hoc
753 267 898 314 ferme,
929 272 980 307 vt
1008 269 1182 319 egregiis
1211 268 1444 319 pictoribus
1474 281 1523 307 ac
1553 271 1785 317 statuariis,
1808 271 1871 310 ita

192 336 255 367 130
271 323 392 362 claris
421 322 697 373 scriptoribus
725 322 867 360 studio
897 323 1038 369 fuisse,
1060 327 1110 361 vt
1130 323 1173 361 in
1193 336 1277 361 vno
1297 324 1498 373 quopiam
1519 336 1643 373 opere
1673 330 1871 364 exactum

271 377 443 428 aliquod
459 381 503 415 et
519 377 762 415 absolut-um
781 377 883 416 artis
899 390 1000 416 suae
1016 378 1227 428 specimen
1243 377 1498 428 relinquant,
1517 377 1629 416 vnde
1645 380 1873 429 posteritas

272 432 495 470 aestimare
538 431 682 470 valeat
723 431 827 481 quid
870 435 1085 482 praestare
1127 432 1380 482 potuissent,
1420 433 1453 470 si
1492 433 1668 470 summis
1711 433 1873 472 viribus

269 486 406 525 adniti
420 485 665 524 voluissent.
724 485 776 524 Id
791 485 1011 525 affectasse
1025 486 1195 525 videtur
1209 486 1414 537 Vergilius
1428 487 1472 524 in
1486 499 1610 537 opere
1625 486 1872 538 Georgicon,

271 540 448 579 Ouidius
472 540 516 579 in
540 553 617 579 sua
640 540 802 587 Medea,
828 541 884 579 M.
910 541 1071 579 Tullius
1095 542 1138 579 in
1162 541 1278 579 libris
1303 541 1366 579 De
1392 541 1582 587 Oratore,
1609 541 1872 593 Augustinus

190 607 248 640 135
268 595 313 633 in
354 594 538 633 Ciuitate
580 594 671 641 Dei,
715 595 1001 646 Hieronymus
1042 596 1085 634 in
1127 595 1449 635 Commentariis
1490 596 1645 646 quibus
1686 596 1873 647 explicat

269 649 518 699 Prophetas,
542 648 727 688 Thomas
750 650 941 701 Aquinas
963 651 1007 689 in
1030 651 1209 689 materia
1232 650 1538 697 Eucharistiae,
1563 649 1804 690 Bernardus
1827 652 1872 691 in

269 703 459 743 Cantico.

322 758 456 809 Magis
482 762 626 797 autem
652 758 708 797 ad
733 758 845 798 hunc
871 763 1072 798 conatum
1099 758 1414 806 extimulamur,
1441 759 1476 798 si
1502 760 1724 811 contingat
1748 772 1869 811 argu-

268 817 461 852 mentum
489 825 574 851 non
601 813 738 851 solum
766 813 956 864 amplum
985 826 1033 852 ac
1061 812 1346 864 magnificum,
1375 826 1523 852 verum
1551 814 1681 853 etiam
1709 827 1870 853 nouum

187 879 249 911 ¹40
268 880 316 906 ac
350 880 435 905 non
468 867 641 918 perinde
674 868 917 918 protritum.
976 868 1193 918 Siquidem
1226 868 1363 919 operis
1397 868 1649 919 amplitudo,
1684 873 1869 920 praetcr-

266 935 397 972 quam
431 921 548 972 quod
581 934 717 972 capax
751 926 817 960 est
850 922 1099 972 magnificae
1132 922 1415 968 tractationis,
1450 923 1581 961 etiam
1615 923 1869 974 dignitatem

267 989 319 1014 ex
342 988 386 1015 se
409 976 598 1026 praebet,
616 980 660 1014 et
679 977 849 1014 nouitas
870 976 992 1015 addit
1015 977 1210 1027 gratiam.
1270 976 1441 1015 Veteres
1462 981 1607 1015 autem
1627 978 1870 1027 parcissime

265 1029 318 1068 de
342 1030 468 1068 rebus
494 1030 648 1068 diuinis
674 1030 1114 1081 philosophabantur3
1156 1043 1292 1081 neque
1318 1031 1547 1081 quicquam
1573 1031 1792 1070 audebant
1818 1031 1871 1071 de

265 1085 329 1123 his
349 1084 641 1135 pronunciare,
663 1084 779 1135 quod
799 1097 884 1123 non
904 1088 1015 1124 esset
1038 1088 1183 1135 aperte
1207 1084 1424 1136 proditum
1448 1085 1512 1123 his
1532 1085 1664 1124 literis
1687 1099 1868 1137 quarum

185 1151 244 1183 ¹45
265 1139 475 1177 autoritas
492 1138 614 1177 nobis
633 1143 697 1177 est
715 1142 998 1178 sacrosancta.
1056 1139 1138 1179 Sed
1156 1139 1238 1178 huc
1257 1139 1441 1190 primum
1459 1139 1646 1191 perpulit
1664 1140 1867 1180 Ioannem

265 1192 584 1244 Euangelistam
612 1192 980 1232 Cerinthianorum
1007 1198 1051 1232 et
1078 1194 1375 1232 Ebionitarum
1402 1195 1534 1245 impia
1559 1195 1791 1241 temeritas,
1819 1199 1870 1234 vt

264 1260 419 1286 arcana
448 1247 659 1298 quaedam
688 1247 740 1287 de
769 1247 924 1287 Christi
953 1248 1099 1286 diuina
1126 1246 1282 1287 natura
1309 1248 1442 1287 literis
1470 1248 1706 1288 mandaret.
1765 1249 1869 1289 Post

263 1301 518 1340 Arianorum
564 1302 729 1341 curiosa
773 1302 989 1341 subtilitas
1034 1302 1090 1341 ad
1135 1303 1337 1341 maiorem
1382 1303 1678 1342 necessitatem
1725 1304 1868 1355 adegit

264 1356 524 1395 orthodoxos
545 1369 553 1402 ;
611 1356 810 1395 videlicet
850 1361 900 1396 vt
940 1356 1004 1396 De
1046 1358 1315 1408 protensione
1355 1362 1535 1396 naturae
1576 1358 1759 1404 diuinae,
1802 1359 1867 1397 De

184 1422 248 1455 150
264 1411 604 1461 supercreatione
644 1410 753 1457 Filii,
795 1411 859 1450 De
900 1410 1130 1462 adoptione
1170 1412 1215 1450 in
1254 1425 1410 1450 nomen
1450 1411 1543 1458 Dei,
1585 1417 1679 1451 tum
1721 1417 1866 1452 autem

265 1467 358 1515 Περὶ
377 1469 442 1504 τοῦ
462 1467 642 1515 ὁμουσίου
664 1467 722 1504 καὶ
742 1470 806 1504 τοῦ
826 1468 1054 1515 ὁμοιουσίου,
1071 1467 1234 1517 magnis
1249 1466 1594 1505 contentionibus
1613 1467 1867 1506 dissererent

263 1531 312 1558 ac
328 1518 511 1570 denique
531 1518 768 1558 definirent.
826 1520 1014 1560 Subinde
1034 1521 1330 1559 necessitatem
1350 1520 1459 1560 hanc
1476 1521 1671 1572 deplorat
1689 1522 1864 1560 sanetis-

261 1574 392 1612 simus
421 1574 486 1612 vir
514 1573 714 1621 Hilarius,
744 1574 861 1613 haud
888 1587 1106 1625 quaquam
1134 1575 1304 1626 ignarus
1333 1587 1463 1625 quam
1491 1575 1665 1626 periculi
1693 1576 1865 1627 plenum

261 1628 330 1674 sit,
359 1641 489 1679 quam
518 1641 669 1678 parum
697 1628 950 1680 religiosum,
981 1629 1033 1667 de
1060 1628 1185 1668 rebus
1212 1628 1497 1668 ineffabilibus
1525 1629 1678 1681 eloqui,
1707 1631 1864 1669 incom-

181 1695 192 1717 1
203 1693 219 1727 5
226 1694 241 1727 5
261 1681 558 1733 prehensibilia
579 1684 771 1729 scrutari,
795 1683 848 1722 de
868 1683 990 1734 longe
1012 1684 1184 1722 semotis
1207 1697 1232 1722 a
1253 1688 1383 1734 captu
1404 1688 1550 1723 nostro
1571 1685 1864 1735 pronunciare.

261 1736 344 1776 Sed
369 1737 414 1774 in
440 1737 519 1775 hoc
545 1736 718 1788 pelagus
744 1737 908 1789 longius
935 1738 1065 1776 etiam
1091 1743 1319 1789 prouectus
1345 1742 1410 1777 est
1436 1737 1560 1777 diuus
1586 1738 1864 1790 Augustinus,

261 1790 459 1830 videlicet
488 1790 590 1829 felix
621 1791 804 1830 hominis
834 1792 1049 1844 ingenium
1087 1792 1319 1843 quaerendi
1349 1792 1573 1844 voluptate
1605 1793 1724 1832 velut
1762 1807 1866 1833 aura

261 1845 543 1896 sequundiore
571 1845 752 1885 aliunde
791 1845 873 1885 alio
912 1846 1172 1897 proliciente.
1229 1846 1489 1886 Moderatior
1527 1851 1592 1886 est
1630 1851 1675 1887 et
1712 1847 1865 1887 Petrus

261 1899 540 1946 Lombardus,
578 1901 652 1951 qui
687 1901 920 1939 sententias
957 1900 1115 1940 alienas
1151 1901 1346 1948 recitans,
1384 1913 1471 1940 non
1506 1905 1664 1941 temere
1700 1901 1752 1941 de
1788 1915 1864 1941 suo

181 1959 245 1990 160
261 1953 395 2000 addit,
421 1957 510 2000 aut,
536 1954 571 1992 si
594 1954 699 2005 quid
722 1954 857 2002 addit,
882 1955 1033 1994 timide
1056 1956 1269 2007 proponit.
1343 1956 1429 1995 Res
1451 1956 1627 1995 tandem
1651 1969 1785 2008 vsque
1809 1957 1864 1996 ad

259 2009 436 2058 impiam
460 2007 683 2047 audaciam
706 2021 927 2060 progressa
949 2013 1027 2049 est.

314 2062 397 2101 Sed
422 2062 637 2101 veteribus
662 2063 718 2102 sit
742 2064 882 2111 venia,
908 2076 1038 2115 quam
1064 2068 1292 2116 precantur
1316 2077 1424 2116 quos
1448 2064 1531 2104 huc
1557 2064 1701 2116 adegit
1724 2078 1863 2105 neces-

260 2116 377 2155 sitas.
435 2116 569 2155 Nobis
605 2130 692 2167 qua
726 2117 867 2157 fronte
903 2119 1073 2157 veniam
1109 2131 1344 2169 poscemuS,
1383 2120 1457 2170 qui
1493 2119 1545 2158 de
1580 2119 1706 2158 rebus
1741 2119 1865 2171 longe

259 2170 550 2209 semotissimis
566 2184 591 2209 a
606 2175 753 2210 nostra
767 2176 923 2211 natura
938 2176 1007 2211 tot
1022 2173 1219 2219 curiosas,
1237 2187 1289 2212 ne
1305 2173 1445 2212 dicam
1460 2173 1626 2224 impias,
1644 2187 1865 2212 mouemus

182 2231 240 2269 165
260 2225 562 2275 quaestiones?
607 2230 698 2264 tam
726 2225 863 2264 multa
889 2225 1126 2273 definimus,
1148 2240 1258 2278 quae
1285 2228 1392 2266 citra
1418 2227 1568 2267 salutis
1594 2228 1864 2279 dispendium

262 2278 328 2317 vel
351 2279 534 2330 ignorari
558 2284 759 2330 poterant
782 2280 850 2319 vel
872 2281 917 2319 in
941 2280 1140 2332 ambiguo
1164 2281 1344 2332 relinqui
1364 2285 1380 2321 ἶ)
1438 2282 1507 2320 An
1529 2295 1616 2321 non
1639 2282 1864 2321 habiturus

260 2336 326 2371 est
355 2333 614 2372 consortium
644 2347 741 2373 cum
771 2334 899 2374 Patre
927 2339 972 2373 et
1000 2334 1106 2374 Filio
1137 2339 1181 2374 et
1211 2335 1372 2386 Spiritu
1403 2340 1565 2382 sancto,
1596 2337 1671 2387 qui
1702 2337 1865 2375 nesciat

259 2387 315 2425 ad
341 2387 632 2438 philosophiae
658 2389 868 2428 rationem
895 2389 1092 2440 expedire
1119 2389 1223 2440 quid
1250 2389 1463 2428 discernat
1489 2389 1661 2429 Patrem
1689 2403 1715 2429 a
1741 2390 1863 2439 Filio,

260 2441 364 2492 quid
387 2441 442 2480 ab
465 2446 648 2493 vtroque
670 2442 876 2494 Spiritum
900 2447 1109 2490 sanctum,
1134 2443 1239 2494 quid
1260 2444 1429 2483 intersit
1450 2444 1562 2483 inter
1589 2444 1683 2483 Filii
1707 2445 1862 2484 natiui-

180 2506 244 2539 170
259 2499 396 2534 tatem
419 2508 444 2534 a
466 2495 594 2535 Patre
616 2500 660 2535 et
681 2496 864 2548 Spiritus
886 2498 1193 2548 processionem
1215 2501 1231 2536 ⁶?
1290 2497 1333 2538 Si
1356 2497 1479 2537 credo
1508 2498 1625 2549 quod
1653 2499 1862 2537 traditum

259 2554 337 2597 est,
367 2562 456 2589 esse
483 2554 569 2589 tres
597 2551 721 2590 vnius
749 2556 941 2598 naturae,
971 2552 1075 2602 quid
1103 2564 1209 2603 opus
1237 2556 1302 2591 est
1330 2565 1506 2603 operosa
1533 2553 1861 2604 disputatione?

259 2603 304 2643 Si
342 2616 429 2642 non
468 2604 606 2651 credo,
647 2605 773 2645 nullis
813 2606 1010 2645 humanis
1049 2606 1286 2645 rationibus
1325 2606 1662 2657 persuadebitur.
1720 2607 1864 2658 Atque

258 2657 501 2697 huiusmodi
515 2659 749 2709 periculosa
764 2661 984 2699 curiositas
1004 2660 1089 2699 fere
1109 2660 1230 2699 nobis
1246 2673 1268 2699 e
1287 2660 1578 2712 philosophiae
1597 2661 1740 2700 studio
1759 2665 1865 2700 nata

259 2715 324 2750 est
343 2725 352 2750 ε
393 2711 438 2750 id
462 2713 578 2763 quod
602 2726 689 2752 non
712 2727 798 2753 vno
822 2715 867 2753 in
890 2714 982 2753 loco
1007 2718 1192 2754 testatus
1216 2714 1285 2754 ille
1309 2715 1420 2754 inter
1444 2714 1620 2754 Latinos
1644 2715 1863 2766 theologos

180 2775 239 2810 175
260 2765 395 2804 multo
424 2767 614 2806 omnium
642 2767 911 2807 doctissimus
939 2768 1237 2816 Tertullianus,
1266 2782 1513 2821 quanquam
1541 2773 1586 2809 et
1611 2770 1701 2821 ipse
1727 2769 1860 2821 philo-

259 2819 433 2870 sophiae
456 2833 553 2860 cum
575 2821 721 2873 primis
745 2822 912 2862 callens.

307 2918 379 2950 130.
404 2907 513 2942 fuisse
529 2921 548 2939 α
563 2921 571 2942 2
596 2921 669 2944 esse
684 2913 718 2946 β.
784 2915 854 2954 136.
882 2911 1080 2944 Bernardus
1095 2912 1132 2945 in
1149 2912 1295 2946 Cantica
1311 2913 1386 2946 add.
1404 2915 1439 2948 β.
1516 2924 1587 2956 174.
1614 2916 1766 2945 testatur
1780 2914 1815 2948 β.

307 3010 377 3050 146.
403 3006 720 3046 Cerinthianorum]
738 3008 787 3040 Cf.
806 3008 871 3050 Ep.
893 3018 987 3050 1333.
1006 3011 1080 3051 356.
1151 3009 1411 3048 Ebionitarum]
1429 3009 1491 3042 See
1511 3010 1575 3052 Ep.
1599 3012 1692 3043 1260.
1713 3022 1811 3045 21211.
