<?xml version="1.0" encoding="UTF-8"?>
<!DOCTYPE html PUBLIC "-//W3C//DTD XHTML 1.0 Transitional//EN"
    "http://www.w3.org/TR/xhtml1/DTD/xhtml1-transitional.dtd">
<html xmlns="http://www.w3.org/1999/xhtml" xml:lang="en" lang="en">
 <head>
  <title>
</title>
<meta http-equiv="Content-Type" content="text/html;charset=utf-8" />
  <meta name='ocr-system' content='tesseract 3.04.00' />
  <meta name='ocr-capabilities' content='ocr_page ocr_carea ocr_par ocr_line ocrx_word'/>
</head>
<body>
  <div class='ocr_page' id='page_1' title='image "./opusepistolarum05eras_0470.png"; bbox 0 0 2012 3370; ppageno 0'>
   <div class='ocr_carea' id='block_1_1' title="bbox 259 132 1851 180">
    <p class='ocr_par' dir='ltr' id='par_1_1' title="bbox 259 132 1851 180">
     <span class='ocr_line' id='line_1_1' title="bbox 259 132 1851 180; baseline -0.001 -10"><span class='ocrx_word' id='word_1_1' title='bbox 259 133 339 172; x_wconf 85' lang='lat'>434</span> <span class='ocrx_word' id='word_1_2' title='bbox 724 132 978 171; x_wconf 80' lang='lat' dir='ltr'>LETTERS</span> <span class='ocrx_word' id='word_1_3' title='bbox 1010 132 1081 171; x_wconf 86' lang='lat' dir='ltr'>OF</span> <span class='ocrx_word' id='word_1_4' title='bbox 1111 132 1374 172; x_wconf 72' lang='lat' dir='ltr'>ERASMUS</span> <span class='ocrx_word' id='word_1_5' title='bbox 1731 132 1851 180; x_wconf 74' lang='lat'>[1524</span> 
     </span>
    </p>
   </div>
   <div class='ocr_carea' id='block_1_2' title="bbox 180 239 1859 2301">
    <p class='ocr_par' dir='ltr' id='par_1_2' title="bbox 197 239 1855 507">
     <span class='ocr_line' id='line_1_2' title="bbox 197 239 1854 290; baseline -0.002 -11"><span class='ocrx_word' id='word_1_6' title='bbox 197 254 238 288; x_wconf 83' lang='lat'>75</span> <span class='ocrx_word' id='word_1_7' title='bbox 260 245 489 279; x_wconf 81' lang='lat' dir='ltr'>testaretur</span> <span class='ocrx_word' id='word_1_8' title='bbox 517 239 893 290; x_wconf 60' lang='lat' dir='ltr'>Eppllenum-pium</span> <span class='ocrx_word' id='word_1_9' title='bbox 921 252 1083 290; x_wconf 79' lang='lat' dir='ltr'>semper</span> <span class='ocrx_word' id='word_1_10' title='bbox 1109 239 1353 279; x_wconf 79' lang='lat' dir='ltr'>dissuasisse</span> <span class='ocrx_word' id='word_1_11' title='bbox 1380 253 1431 278; x_wconf 85' lang='lat' dir='ltr'>ne</span> <span class='ocrx_word' id='word_1_12' title='bbox 1458 239 1561 290; x_wconf 89' lang='lat' dir='ltr'>quid</span> <span class='ocrx_word' id='word_1_13' title='bbox 1587 239 1786 278; x_wconf 74' lang='lat' dir='ltr'>scriberet</span> <span class='ocrx_word' id='word_1_14' title='bbox 1810 239 1854 277; x_wconf 90' lang='lat' dir='ltr'>in</span> 
     </span>
     <span class='ocr_line' id='line_1_3' title="bbox 262 292 1855 345; baseline -0.001 -12"><span class='ocrx_word' id='word_1_15' title='bbox 262 294 500 333; x_wconf 73' lang='lat' dir='ltr'>Erasmum.</span> <span class='ocrx_word' id='word_1_16' title='bbox 554 292 636 333; x_wconf 85' lang='lat' dir='ltr'>Sed</span> <span class='ocrx_word' id='word_1_17' title='bbox 661 292 739 331; x_wconf 93' lang='lat' dir='ltr'>hoc</span> <span class='ocrx_word' id='word_1_18' title='bbox 765 292 871 332; x_wconf 87' lang='lat' dir='ltr'>adeo</span> <span class='ocrx_word' id='word_1_19' title='bbox 896 293 1045 345; x_wconf 82' lang='lat' dir='ltr'>frigide</span> <span class='ocrx_word' id='word_1_20' title='bbox 1070 294 1281 334; x_wconf 75' lang='lat' dir='ltr'>scribebat</span> <span class='ocrx_word' id='word_1_21' title='bbox 1306 299 1355 333; x_wconf 81' lang='lat' dir='ltr'>vt</span> <span class='ocrx_word' id='word_1_22' title='bbox 1380 295 1513 345; x_wconf 87' lang='lat' dir='ltr'>magis</span> <span class='ocrx_word' id='word_1_23' title='bbox 1537 297 1734 344; x_wconf 85' lang='lat' dir='ltr'>grauaret</span> <span class='ocrx_word' id='word_1_24' title='bbox 1757 306 1855 332; x_wconf 89' lang='lat' dir='ltr'>eum</span> 
     </span>
     <span class='ocr_line' id='line_1_4' title="bbox 260 346 1854 400; baseline -0.001 -13"><span class='ocrx_word' id='word_1_25' title='bbox 260 362 386 399; x_wconf 88' lang='lat' dir='ltr'>quem</span> <span class='ocrx_word' id='word_1_26' title='bbox 422 347 646 399; x_wconf 86' lang='lat' dir='ltr'>purgabat.</span> <span class='ocrx_word' id='word_1_27' title='bbox 712 346 854 398; x_wconf 88' lang='lat' dir='ltr'>Atque</span> <span class='ocrx_word' id='word_1_28' title='bbox 889 349 1059 387; x_wconf 75' lang='lat' dir='ltr'>interim</span> <span class='ocrx_word' id='word_1_29' title='bbox 1096 348 1449 400; x_wconf 87' lang='lat' dir='ltr'>Epphendorpius</span> <span class='ocrx_word' id='word_1_30' title='bbox 1485 346 1747 387; x_wconf 90' lang='lat' dir='ltr'>subornabat</span> <span class='ocrx_word' id='word_1_31' title='bbox 1782 347 1854 398; x_wconf 92' lang='lat' dir='ltr'>qui</span> 
     </span>
     <span class='ocr_line' id='line_1_5' title="bbox 261 401 1855 454; baseline -0.001 -13"><span class='ocrx_word' id='word_1_32' title='bbox 261 403 362 441; x_wconf 89' lang='lat' dir='ltr'>mihi</span> <span class='ocrx_word' id='word_1_33' title='bbox 385 402 494 441; x_wconf 88' lang='lat' dir='ltr'>fictis</span> <span class='ocrx_word' id='word_1_34' title='bbox 515 401 757 441; x_wconf 85' lang='lat' dir='ltr'>nominibus</span> <span class='ocrx_word' id='word_1_35' title='bbox 778 402 1002 441; x_wconf 71' lang='lat' dir='ltr'>redderent</span> <span class='ocrx_word' id='word_1_36' title='bbox 1022 402 1189 442; x_wconf 82' lang='lat' dir='ltr'>fucatas</span> <span class='ocrx_word' id='word_1_37' title='bbox 1210 404 1422 454; x_wconf 76' lang='lat' dir='ltr'><strong>epistolas,</strong></span> <span class='ocrx_word' id='word_1_38' title='bbox 1446 415 1498 441; x_wconf 89' lang='lat' dir='ltr'>ex</span> <span class='ocrx_word' id='word_1_39' title='bbox 1520 401 1674 453; x_wconf 90' lang='lat' dir='ltr'>quibus</span> <span class='ocrx_word' id='word_1_40' title='bbox 1695 401 1855 440; x_wconf 90' lang='lat' dir='ltr'>sciebat</span> 
     </span>
     <span class='ocr_line' id='line_1_6' title="bbox 262 455 1855 507; baseline -0.001 -13"><span class='ocrx_word' id='word_1_41' title='bbox 262 470 328 495; x_wconf 89' lang='lat' dir='ltr'>me</span> <span class='ocrx_word' id='word_1_42' title='bbox 361 457 675 507; x_wconf 71' lang='lat' dir='ltr'>suspicaturum</span> <span class='ocrx_word' id='word_1_43' title='bbox 708 456 812 506; x_wconf 90' lang='lat' dir='ltr'>quid</span> <span class='ocrx_word' id='word_1_44' title='bbox 845 456 924 495; x_wconf 90' lang='lat' dir='ltr'>sibi</span> <span class='ocrx_word' id='word_1_45' title='bbox 958 456 1098 504; x_wconf 84' lang='lat' dir='ltr'>vellet,</span> <span class='ocrx_word' id='word_1_46' title='bbox 1132 470 1208 496; x_wconf 89' lang='lat' dir='ltr'>ncc</span> <span class='ocrx_word' id='word_1_47' title='bbox 1242 462 1387 497; x_wconf 85' lang='lat' dir='ltr'>tamen</span> <span class='ocrx_word' id='word_1_48' title='bbox 1423 457 1621 506; x_wconf 74' lang='lat' dir='ltr'>(ansam)</span> <span class='ocrx_word' id='word_1_49' title='bbox 1656 455 1855 494; x_wconf 88' lang='lat' dir='ltr'>haberem</span> 
     </span>
    </p>

    <p class='ocr_par' dir='ltr' id='par_1_3' title="bbox 201 510 780 561">
     <span class='ocr_line' id='line_1_7' title="bbox 201 510 780 561; baseline -0.002 -12"><span class='ocrx_word' id='word_1_50' title='bbox 201 519 242 549; x_wconf 81' lang='lat'>80</span> <span class='ocrx_word' id='word_1_51' title='bbox 263 523 358 549; x_wconf 86' lang='lat' dir='ltr'>cum</span> <span class='ocrx_word' id='word_1_52' title='bbox 377 511 448 549; x_wconf 92' lang='lat' dir='ltr'>illo</span> <span class='ocrx_word' id='word_1_53' title='bbox 468 510 780 561; x_wconf 84' lang='lat' dir='ltr'>expostulandi.</span> 
     </span>
    </p>

    <p class='ocr_par' dir='ltr' id='par_1_4' title="bbox 260 564 1857 780">
     <span class='ocr_line' id='line_1_8' title="bbox 319 564 1854 617; baseline -0.001 -14"><span class='ocrx_word' id='word_1_54' title='bbox 319 564 409 616; x_wconf 91' lang='lat' dir='ltr'>Ego</span> <span class='ocrx_word' id='word_1_55' title='bbox 429 564 705 603; x_wconf 77' lang='lat' dir='ltr'>dissimulatis</span> <span class='ocrx_word' id='word_1_56' title='bbox 724 564 789 603; x_wconf 90' lang='lat' dir='ltr'>his</span> <span class='ocrx_word' id='word_1_57' title='bbox 808 565 1017 612; x_wconf 88' lang='lat' dir='ltr'>omnibus,</span> <span class='ocrx_word' id='word_1_58' title='bbox 1038 566 1082 604; x_wconf 92' lang='lat' dir='ltr'>in</span> <span class='ocrx_word' id='word_1_59' title='bbox 1102 565 1286 617; x_wconf 81' lang='lat' dir='ltr'>Spongia</span> <span class='ocrx_word' id='word_1_60' title='bbox 1310 566 1430 604; x_wconf 89' lang='lat' dir='ltr'>illum</span> <span class='ocrx_word' id='word_1_61' title='bbox 1455 564 1634 604; x_wconf 84' lang='lat' dir='ltr'>ciuiliter</span> <span class='ocrx_word' id='word_1_62' title='bbox 1656 564 1854 610; x_wconf 87' lang='lat' dir='ltr'>tractaui,</span> 
     </span>
     <span class='ocr_line' id='line_1_9' title="bbox 261 618 1856 669; baseline 0 -12"><span class='ocrx_word' id='word_1_63' title='bbox 261 618 432 669; x_wconf 90' lang='lat' dir='ltr'>quando</span> <span class='ocrx_word' id='word_1_64' title='bbox 475 620 733 658; x_wconf 78' lang='lat' dir='ltr'>mentionem</span> <span class='ocrx_word' id='word_1_65' title='bbox 773 618 884 658; x_wconf 86' lang='lat' dir='ltr'>illius</span> <span class='ocrx_word' id='word_1_66' title='bbox 926 619 1013 658; x_wconf 88' lang='lat' dir='ltr'>fieri</span> <span class='ocrx_word' id='word_1_67' title='bbox 1054 633 1271 659; x_wconf 79' lang='lat' dir='ltr'>necessum</span> <span class='ocrx_word' id='word_1_68' title='bbox 1313 624 1416 659; x_wconf 84' lang='lat' dir='ltr'>erat.</span> <span class='ocrx_word' id='word_1_69' title='bbox 1487 618 1669 657; x_wconf 89' lang='lat' dir='ltr'>Affinem</span> <span class='ocrx_word' id='word_1_70' title='bbox 1710 619 1856 669; x_wconf 88' lang='lat' dir='ltr'>scripsi</span> 
     </span>
     <span class='ocr_line' id='line_1_10' title="bbox 261 672 1857 724; baseline -0.001 -12"><span class='ocrx_word' id='word_1_71' title='bbox 261 673 484 712; x_wconf 89' lang='lat' dir='ltr'>Hutteno:</span> <span class='ocrx_word' id='word_1_72' title='bbox 526 674 584 712; x_wconf 92' lang='lat' dir='ltr'>sic</span> <span class='ocrx_word' id='word_1_73' title='bbox 610 674 722 712; x_wconf 89' lang='lat' dir='ltr'>enim</span> <span class='ocrx_word' id='word_1_74' title='bbox 748 673 850 712; x_wconf 91' lang='lat' dir='ltr'>mihi</span> <span class='ocrx_word' id='word_1_75' title='bbox 876 679 1154 724; x_wconf 83' lang='lat' dir='ltr'>persuaserat.</span> <span class='ocrx_word' id='word_1_76' title='bbox 1209 675 1267 713; x_wconf 88' lang='lat' dir='ltr'>At</span> <span class='ocrx_word' id='word_1_77' title='bbox 1293 674 1443 713; x_wconf 81' lang='lat' dir='ltr'>Petrus</span> <span class='ocrx_word' id='word_1_78' title='bbox 1468 673 1722 712; x_wconf 87' lang='lat' dir='ltr'>Mosellanus</span> <span class='ocrx_word' id='word_1_79' title='bbox 1746 672 1857 711; x_wconf 88' lang='lat' dir='ltr'>lecta</span> 
     </span>
     <span class='ocr_line' id='line_1_11' title="bbox 260 727 1855 780; baseline -0.001 -13"><span class='ocrx_word' id='word_1_80' title='bbox 260 727 444 779; x_wconf 83' lang='lat' dir='ltr'>Spongia</span> <span class='ocrx_word' id='word_1_81' title='bbox 457 728 684 779; x_wconf 80' lang='lat' dir='ltr'>rescripsit,</span> <span class='ocrx_word' id='word_1_82' title='bbox 703 728 712 743; x_wconf 88' lang='lat'>‘</span> <span class='ocrx_word' id='word_1_83' title='bbox 732 727 812 775; x_wconf 82' lang='lat' dir='ltr'>Qui</span> <span class='ocrx_word' id='word_1_84' title='bbox 827 728 964 767; x_wconf 89' lang='lat' dir='ltr'>affinis</span> <span class='ocrx_word' id='word_1_85' title='bbox 985 732 1000 768; x_wconf 76' lang='lat'>¹?</span> <span class='ocrx_word' id='word_1_86' title='bbox 1033 742 1165 780; x_wconf 84' lang='lat' dir='ltr'>quum</span> <span class='ocrx_word' id='word_1_87' title='bbox 1181 733 1347 768; x_wconf 87' lang='lat' dir='ltr'>constet</span> <span class='ocrx_word' id='word_1_88' title='bbox 1361 728 1480 767; x_wconf 92' lang='grc'>11111111</span> <span class='ocrx_word' id='word_1_89' title='bbox 1495 741 1584 767; x_wconf 88' lang='grc'>6336</span> <span class='ocrx_word' id='word_1_90' title='bbox 1598 727 1809 778; x_wconf 90' lang='lat' dir='ltr'>plebeium</span> <span class='ocrx_word' id='word_1_91' title='bbox 1831 727 1855 766; x_wconf 88' lang='lat'>’.</span> 
     </span>
    </p>

    <p class='ocr_par' dir='ltr' id='par_1_5' title="bbox 200 782 1857 1051">
     <span class='ocr_line' id='line_1_12' title="bbox 200 782 1857 834; baseline 0.001 -14"><span class='ocrx_word' id='word_1_92' title='bbox 200 789 239 830; x_wconf 87' lang='lat'>85</span> <span class='ocrx_word' id='word_1_93' title='bbox 260 782 318 821; x_wconf 90' lang='lat' dir='ltr'>At</span> <span class='ocrx_word' id='word_1_94' title='bbox 343 786 489 821; x_wconf 90' lang='lat' dir='ltr'>tamen</span> <span class='ocrx_word' id='word_1_95' title='bbox 515 782 921 822; x_wconf 81' lang='lat' dir='ltr'>Corebothrasonem</span> <span class='ocrx_word' id='word_1_96' title='bbox 947 787 1141 822; x_wconf 89' lang='lat' dir='ltr'>nostrum</span> <span class='ocrx_word' id='word_1_97' title='bbox 1168 783 1412 822; x_wconf 85' lang='lat' dir='ltr'>offendebat</span> <span class='ocrx_word' id='word_1_98' title='bbox 1439 782 1554 834; x_wconf 89' lang='lat' dir='ltr'>quod</span> <span class='ocrx_word' id='word_1_99' title='bbox 1580 782 1720 821; x_wconf 88' lang='lat' dir='ltr'>dictus</span> <span class='ocrx_word' id='word_1_100' title='bbox 1746 786 1857 821; x_wconf 89' lang='lat' dir='ltr'>esset</span> 
     </span>
     <span class='ocr_line' id='line_1_13' title="bbox 259 835 1856 889; baseline -0.001 -14"><span class='ocrx_word' id='word_1_101' title='bbox 259 836 457 876; x_wconf 82' lang='lat' dir='ltr'>Achates.</span> <span class='ocrx_word' id='word_1_102' title='bbox 493 836 586 881; x_wconf 72' lang='lat' dir='ltr'>,Et</span> <span class='ocrx_word' id='word_1_103' title='bbox 626 837 742 876; x_wconf 87' lang='lat' dir='ltr'>edita</span> <span class='ocrx_word' id='word_1_104' title='bbox 783 836 968 888; x_wconf 81' lang='lat' dir='ltr'>Spongia</span> <span class='ocrx_word' id='word_1_105' title='bbox 1008 837 1299 889; x_wconf 88' lang='lat' dir='ltr'>expostulauit</span> <span class='ocrx_word' id='word_1_106' title='bbox 1339 850 1413 889; x_wconf 89' lang='lat' dir='ltr'>per</span> <span class='ocrx_word' id='word_1_107' title='bbox 1452 838 1609 884; x_wconf 86' lang='lat' dir='ltr'>literas,</span> <span class='ocrx_word' id='word_1_108' title='bbox 1653 835 1856 875; x_wconf 74' lang='lat' dir='ltr'>simulans</span> 
     </span>
     <span class='ocr_line' id='line_1_14' title="bbox 260 890 1857 943; baseline 0 -14"><span class='ocrx_word' id='word_1_109' title='bbox 260 892 413 930; x_wconf 90' lang='lat' dir='ltr'>mirum</span> <span class='ocrx_word' id='word_1_110' title='bbox 448 891 663 938; x_wconf 85' lang='lat' dir='ltr'>affectum,</span> <span class='ocrx_word' id='word_1_111' title='bbox 700 904 833 943; x_wconf 91' lang='lat' dir='ltr'>quum</span> <span class='ocrx_word' id='word_1_112' title='bbox 867 892 1037 930; x_wconf 87' lang='lat' dir='ltr'>interim</span> <span class='ocrx_word' id='word_1_113' title='bbox 1072 896 1215 943; x_wconf 89' lang='lat' dir='ltr'>ageret</span> <span class='ocrx_word' id='word_1_114' title='bbox 1248 892 1496 932; x_wconf 88' lang='lat' dir='ltr'>sceleratam</span> <span class='ocrx_word' id='word_1_115' title='bbox 1530 890 1734 930; x_wconf 85' lang='lat' dir='ltr'>fabulam.</span> <span class='ocrx_word' id='word_1_116' title='bbox 1799 890 1857 930; x_wconf 91' lang='lat' dir='ltr'>Et</span> 
     </span>
     <span class='ocr_line' id='line_1_15' title="bbox 260 945 1857 997; baseline 0 -13"><span class='ocrx_word' id='word_1_117' title='bbox 260 950 310 984; x_wconf 80' lang='lat' dir='ltr'>vt</span> <span class='ocrx_word' id='word_1_118' title='bbox 336 947 563 997; x_wconf 85' lang='lat' dir='ltr'>perspicias</span> <span class='ocrx_word' id='word_1_119' title='bbox 590 947 797 997; x_wconf 84' lang='lat' dir='ltr'>insignem</span> <span class='ocrx_word' id='word_1_120' title='bbox 824 946 1006 985; x_wconf 89' lang='lat' dir='ltr'>hominis</span> <span class='ocrx_word' id='word_1_121' title='bbox 1035 946 1257 994; x_wconf 86' lang='lat' dir='ltr'>malitiam,</span> <span class='ocrx_word' id='word_1_122' title='bbox 1286 960 1339 985; x_wconf 86' lang='lat' dir='ltr'>cx</span> <span class='ocrx_word' id='word_1_123' title='bbox 1367 945 1734 985; x_wconf 86' lang='lat' dir='ltr'>commendatione</span> <span class='ocrx_word' id='word_1_124' title='bbox 1763 958 1857 984; x_wconf 89' lang='lat' dir='ltr'>mea</span> 
     </span>
     <span class='ocr_line' id='line_1_16' title="bbox 259 999 1856 1062; baseline -0.001 -23"><span class='ocrx_word' id='word_1_125' title='bbox 259 1001 423 1062; x_wconf 83' lang='lat' dir='ltr'>accepit</span> <span class='ocrx_word' id='word_1_126' title='bbox 464 999 654 1039; x_wconf 88' lang='lat' dir='ltr'>Basileae</span> <span class='ocrx_word' id='word_1_127' title='bbox 696 1001 1008 1051; x_wconf 87' lang='lat' dir='ltr'>quinquaginta</span> <span class='ocrx_word' id='word_1_128' title='bbox 1048 1013 1209 1040; x_wconf 89' lang='lat' dir='ltr'>aureos.</span> <span class='ocrx_word' id='word_1_129' title='bbox 1279 1000 1513 1040; x_wconf 86' lang='lat' dir='ltr'>Dicebatur</span> <span class='ocrx_word' id='word_1_130' title='bbox 1553 1000 1654 1038; x_wconf 87' lang='lat' dir='ltr'>Dux</span> <span class='ocrx_word' id='word_1_131' title='bbox 1693 999 1750 1038; x_wconf 87' lang='lat' dir='ltr'>ad</span> <span class='ocrx_word' id='word_1_132' title='bbox 1790 1012 1856 1038; x_wconf 92' lang='lat' dir='ltr'>me</span> 
     </span>
    </p>

    <p class='ocr_par' dir='ltr' id='par_1_6' title="bbox 198 1053 1857 1323">
     <span class='ocr_line' id='line_1_17' title="bbox 198 1053 1857 1106; baseline -0.001 -13"><span class='ocrx_word' id='word_1_133' title='bbox 198 1069 241 1101; x_wconf 85' lang='lat'>90</span> <span class='ocrx_word' id='word_1_134' title='bbox 260 1054 421 1093; x_wconf 85' lang='lat' dir='ltr'>misisse</span> <span class='ocrx_word' id='word_1_135' title='bbox 447 1067 601 1093; x_wconf 87' lang='lat' dir='ltr'>munus</span> <span class='ocrx_word' id='word_1_136' title='bbox 630 1053 780 1105; x_wconf 87' lang='lat' dir='ltr'>regale,</span> <span class='ocrx_word' id='word_1_137' title='bbox 809 1054 925 1105; x_wconf 90' lang='lat' dir='ltr'>quod</span> <span class='ocrx_word' id='word_1_138' title='bbox 950 1059 1096 1094; x_wconf 89' lang='lat' dir='ltr'>tamen</span> <span class='ocrx_word' id='word_1_139' title='bbox 1121 1067 1208 1094; x_wconf 90' lang='lat' dir='ltr'>non</span> <span class='ocrx_word' id='word_1_140' title='bbox 1236 1055 1448 1106; x_wconf 89' lang='lat' dir='ltr'>perlatum</span> <span class='ocrx_word' id='word_1_141' title='bbox 1476 1058 1553 1093; x_wconf 88' lang='lat' dir='ltr'>est.</span> <span class='ocrx_word' id='word_1_142' title='bbox 1610 1053 1857 1105; x_wconf 86' lang='lat' dir='ltr'>Suspicatus</span> 
     </span>
     <span class='ocr_line' id='line_1_18' title="bbox 259 1107 1857 1170; baseline 0 -24"><span class='ocrx_word' id='word_1_143' title='bbox 259 1121 354 1147; x_wconf 89' lang='lat' dir='ltr'>sum</span> <span class='ocrx_word' id='word_1_144' title='bbox 384 1107 764 1170; x_wconf 87' lang='lat' dir='ltr'>Epphendorpium</span> <span class='ocrx_word' id='word_1_145' title='bbox 793 1109 1077 1160; x_wconf 86' lang='lat' dir='ltr'>intercepisse</span> <span class='ocrx_word' id='word_1_146' title='bbox 1136 1109 1248 1148; x_wconf 91' lang='lat' dir='ltr'>Nam</span> <span class='ocrx_word' id='word_1_147' title='bbox 1278 1109 1467 1161; x_wconf 88' lang='lat' dir='ltr'>fingebat</span> <span class='ocrx_word' id='word_1_148' title='bbox 1496 1121 1619 1148; x_wconf 91' lang='lat' dir='ltr'>suum</span> <span class='ocrx_word' id='word_1_149' title='bbox 1648 1108 1857 1147; x_wconf 82' lang='lat' dir='ltr'>famulum</span> 
     </span>
     <span class='ocr_line' id='line_1_19' title="bbox 259 1163 1856 1214; baseline 0.001 -13"><span class='ocrx_word' id='word_1_150' title='bbox 259 1163 415 1213; x_wconf 90' lang='lat' dir='ltr'>perisse</span> <span class='ocrx_word' id='word_1_151' title='bbox 449 1164 494 1202; x_wconf 91' lang='lat' dir='ltr'>in</span> <span class='ocrx_word' id='word_1_152' title='bbox 528 1163 691 1201; x_wconf 89' lang='lat' dir='ltr'>itinere.</span> <span class='ocrx_word' id='word_1_153' title='bbox 757 1163 850 1202; x_wconf 91' lang='lat' dir='ltr'>Hoc</span> <span class='ocrx_word' id='word_1_154' title='bbox 886 1163 1195 1214; x_wconf 88' lang='lat' dir='ltr'>praestruebat,</span> <span class='ocrx_word' id='word_1_155' title='bbox 1233 1165 1267 1202; x_wconf 89' lang='lat' dir='ltr'>si</span> <span class='ocrx_word' id='word_1_156' title='bbox 1303 1163 1413 1202; x_wconf 85' lang='lat' dir='ltr'>forte</span> <span class='ocrx_word' id='word_1_157' title='bbox 1447 1164 1664 1202; x_wconf 88' lang='lat' dir='ltr'>rescissem</span> <span class='ocrx_word' id='word_1_158' title='bbox 1700 1163 1755 1201; x_wconf 90' lang='lat' dir='ltr'>ad</span> <span class='ocrx_word' id='word_1_159' title='bbox 1791 1175 1856 1201; x_wconf 90' lang='lat' dir='ltr'>me</span> 
     </span>
     <span class='ocr_line' id='line_1_20' title="bbox 260 1217 1855 1269; baseline 0.001 -14"><span class='ocrx_word' id='word_1_160' title='bbox 260 1218 431 1256; x_wconf 88' lang='lat' dir='ltr'>missam</span> <span class='ocrx_word' id='word_1_161' title='bbox 461 1218 698 1268; x_wconf 86' lang='lat' dir='ltr'>pecuniam.</span> <span class='ocrx_word' id='word_1_162' title='bbox 763 1217 966 1257; x_wconf 87' lang='lat' dir='ltr'>Nondum</span> <span class='ocrx_word' id='word_1_163' title='bbox 996 1217 1098 1269; x_wconf 87' lang='lat' dir='ltr'>quid</span> <span class='ocrx_word' id='word_1_164' title='bbox 1131 1219 1200 1265; x_wconf 85' lang='lat' dir='ltr'>sit,</span> <span class='ocrx_word' id='word_1_165' title='bbox 1239 1222 1401 1258; x_wconf 88' lang='lat' dir='ltr'>certum</span> <span class='ocrx_word' id='word_1_166' title='bbox 1437 1219 1559 1269; x_wconf 89' lang='lat' dir='ltr'>potui</span> <span class='ocrx_word' id='word_1_167' title='bbox 1595 1229 1855 1269; x_wconf 83' lang='lat' dir='ltr'>cognoscere.</span> 
     </span>
     <span class='ocr_line' id='line_1_21' title="bbox 261 1271 1857 1323; baseline 0 -13"><span class='ocrx_word' id='word_1_168' title='bbox 261 1271 353 1310; x_wconf 92' lang='lat' dir='ltr'>Hoc</span> <span class='ocrx_word' id='word_1_169' title='bbox 390 1284 523 1310; x_wconf 83' lang='lat' dir='ltr'>vnum</span> <span class='ocrx_word' id='word_1_170' title='bbox 559 1272 657 1318; x_wconf 91' lang='lat' dir='ltr'>scio,</span> <span class='ocrx_word' id='word_1_171' title='bbox 694 1272 800 1311; x_wconf 89' lang='lat' dir='ltr'>nihil</span> <span class='ocrx_word' id='word_1_172' title='bbox 833 1272 905 1311; x_wconf 90' lang='lat' dir='ltr'>illo</span> <span class='ocrx_word' id='word_1_173' title='bbox 942 1285 1030 1311; x_wconf 88' lang='lat' dir='ltr'>esse</span> <span class='ocrx_word' id='word_1_174' title='bbox 1066 1272 1321 1312; x_wconf 88' lang='lat' dir='ltr'>sceleratius.</span> <span class='ocrx_word' id='word_1_175' title='bbox 1387 1272 1532 1311; x_wconf 88' lang='lat' dir='ltr'>Habet</span> <span class='ocrx_word' id='word_1_176' title='bbox 1567 1272 1724 1323; x_wconf 86' lang='lat' dir='ltr'>vbique</span> <span class='ocrx_word' id='word_1_177' title='bbox 1760 1284 1857 1310; x_wconf 90' lang='lat' dir='ltr'>suos</span> 
     </span>
    </p>

    <p class='ocr_par' dir='ltr' id='par_1_7' title="bbox 198 1325 1566 1378">
     <span class='ocr_line' id='line_1_22' title="bbox 198 1325 1566 1378; baseline 0.001 -14"><span class='ocrx_word' id='word_1_178' title='bbox 198 1341 238 1373; x_wconf 81' lang='lat'>95</span> <span class='ocrx_word' id='word_1_179' title='bbox 260 1325 546 1377; x_wconf 86' lang='lat' dir='ltr'>exploratores</span> <span class='ocrx_word' id='word_1_180' title='bbox 567 1327 742 1374; x_wconf 88' lang='lat' dir='ltr'>iuratos,</span> <span class='ocrx_word' id='word_1_181' title='bbox 765 1339 818 1365; x_wconf 91' lang='lat' dir='ltr'>ne</span> <span class='ocrx_word' id='word_1_182' title='bbox 840 1327 943 1378; x_wconf 87' lang='lat' dir='ltr'>quid</span> <span class='ocrx_word' id='word_1_183' title='bbox 964 1331 1117 1378; x_wconf 87' lang='lat' dir='ltr'>agatur</span> <span class='ocrx_word' id='word_1_184' title='bbox 1138 1327 1253 1378; x_wconf 88' lang='lat' dir='ltr'>quod</span> <span class='ocrx_word' id='word_1_185' title='bbox 1273 1327 1393 1366; x_wconf 91' lang='lat' dir='ltr'>illum</span> <span class='ocrx_word' id='word_1_186' title='bbox 1414 1326 1566 1378; x_wconf 83' lang='lat' dir='ltr'>fugiat.</span> 
     </span>
    </p>

    <p class='ocr_par' dir='ltr' id='par_1_8' title="bbox 260 1380 1858 1595">
     <span class='ocr_line' id='line_1_23' title="bbox 315 1380 1858 1433; baseline 0.001 -15"><span class='ocrx_word' id='word_1_187' title='bbox 315 1380 478 1419; x_wconf 88' lang='lat' dir='ltr'>Iudicia</span> <span class='ocrx_word' id='word_1_188' title='bbox 498 1380 839 1420; x_wconf 89' lang='lat' dir='ltr'>Melanchthonis</span> <span class='ocrx_word' id='word_1_189' title='bbox 858 1381 912 1420; x_wconf 90' lang='lat' dir='ltr'>de</span> <span class='ocrx_word' id='word_1_190' title='bbox 933 1381 1128 1421; x_wconf 91' lang='lat' dir='ltr'>Hutteno</span> <span class='ocrx_word' id='word_1_191' title='bbox 1150 1386 1194 1420; x_wconf 91' lang='lat' dir='ltr'>et</span> <span class='ocrx_word' id='word_1_192' title='bbox 1215 1381 1545 1433; x_wconf 90' lang='lat' dir='ltr'>Epphendorpio</span> <span class='ocrx_word' id='word_1_193' title='bbox 1568 1382 1662 1419; x_wconf 90' lang='lat' dir='ltr'>misi</span> <span class='ocrx_word' id='word_1_194' title='bbox 1682 1380 1858 1419; x_wconf 89' lang='lat' dir='ltr'>Nicolao</span> 
     </span>
     <span class='ocr_line' id='line_1_24' title="bbox 262 1434 1856 1487; baseline 0 -14"><span class='ocrx_word' id='word_1_195' title='bbox 262 1434 587 1473; x_wconf 89' lang='lat' dir='ltr'>Buscoducensi.</span> <span class='ocrx_word' id='word_1_196' title='bbox 642 1434 748 1474; x_wconf 91' lang='lat' dir='ltr'>Vide</span> <span class='ocrx_word' id='word_1_197' title='bbox 768 1439 819 1474; x_wconf 83' lang='lat' dir='ltr'>vt</span> <span class='ocrx_word' id='word_1_198' title='bbox 838 1438 882 1474; x_wconf 92' lang='lat' dir='ltr'>te</span> <span class='ocrx_word' id='word_1_199' title='bbox 901 1448 1040 1474; x_wconf 86' lang='lat' dir='ltr'>serues</span> <span class='ocrx_word' id='word_1_200' title='bbox 1059 1436 1271 1487; x_wconf 88' lang='lat' dir='ltr'>integrum</span> <span class='ocrx_word' id='word_1_201' title='bbox 1287 1435 1342 1474; x_wconf 92' lang='lat' dir='ltr'>ab</span> <span class='ocrx_word' id='word_1_202' title='bbox 1361 1435 1441 1474; x_wconf 90' lang='lat' dir='ltr'>hac</span> <span class='ocrx_word' id='word_1_203' title='bbox 1459 1435 1659 1474; x_wconf 83' lang='lat' dir='ltr'>factione.</span> <span class='ocrx_word' id='word_1_204' title='bbox 1712 1434 1856 1473; x_wconf 86' lang='lat' dir='ltr'>Metuo</span> 
     </span>
     <span class='ocr_line' id='line_1_25' title="bbox 261 1488 1855 1541; baseline 0 -14"><span class='ocrx_word' id='word_1_205' title='bbox 261 1493 483 1528; x_wconf 87' lang='lat' dir='ltr'>cruentum</span> <span class='ocrx_word' id='word_1_206' title='bbox 508 1489 685 1528; x_wconf 87' lang='lat' dir='ltr'>exitum.</span> <span class='ocrx_word' id='word_1_207' title='bbox 739 1489 783 1529; x_wconf 88' lang='lat' dir='ltr'>Si</span> <span class='ocrx_word' id='word_1_208' title='bbox 806 1491 1019 1528; x_wconf 87' lang='lat' dir='ltr'>nouissem</span> <span class='ocrx_word' id='word_1_209' title='bbox 1042 1490 1210 1541; x_wconf 87' lang='lat' dir='ltr'>ingenia</span> <span class='ocrx_word' id='word_1_210' title='bbox 1235 1503 1284 1528; x_wconf 90' lang='lat' dir='ltr'>ac</span> <span class='ocrx_word' id='word_1_211' title='bbox 1313 1488 1510 1541; x_wconf 88' lang='lat' dir='ltr'>perfidias</span> <span class='ocrx_word' id='word_1_212' title='bbox 1536 1489 1855 1536; x_wconf 87' lang='lat' dir='ltr'>Germanorum,</span> 
     </span>
     <span class='ocr_line' id='line_1_26' title="bbox 260 1543 1858 1595; baseline 0 -14"><span class='ocrx_word' id='word_1_213' title='bbox 260 1543 384 1582; x_wconf 89' lang='lat' dir='ltr'>citius</span> <span class='ocrx_word' id='word_1_214' title='bbox 412 1544 657 1594; x_wconf 85' lang='lat' dir='ltr'>migrassem</span> <span class='ocrx_word' id='word_1_215' title='bbox 685 1543 740 1581; x_wconf 90' lang='lat' dir='ltr'>ad</span> <span class='ocrx_word' id='word_1_216' title='bbox 767 1544 924 1582; x_wconf 86' lang='lat' dir='ltr'>Turcas</span> <span class='ocrx_word' id='word_1_217' title='bbox 952 1557 1082 1595; x_wconf 89' lang='lat' dir='ltr'>quam</span> <span class='ocrx_word' id='word_1_218' title='bbox 1109 1544 1204 1583; x_wconf 91' lang='lat' dir='ltr'>huc.</span> <span class='ocrx_word' id='word_1_219' title='bbox 1261 1544 1325 1583; x_wconf 92' lang='lat' dir='ltr'>De</span> <span class='ocrx_word' id='word_1_220' title='bbox 1353 1544 1558 1595; x_wconf 84' lang='lat' dir='ltr'>Capitone</span> <span class='ocrx_word' id='word_1_221' title='bbox 1586 1543 1858 1582; x_wconf 84' lang='lat' dir='ltr'>vehementer</span> 
     </span>
    </p>

    <p class='ocr_par' dir='ltr' id='par_1_9' title="bbox 181 1597 1858 1867">
     <span class='ocr_line' id='line_1_27' title="bbox 181 1597 1857 1649; baseline 0.001 -14"><span class='ocrx_word' id='word_1_222' title='bbox 181 1612 242 1635; x_wconf 84' lang='lat'>100</span> <span class='ocrx_word' id='word_1_223' title='bbox 261 1598 460 1648; x_wconf 86' lang='lat' dir='ltr'>suspicor,</span> <span class='ocrx_word' id='word_1_224' title='bbox 483 1597 598 1648; x_wconf 89' lang='lat' dir='ltr'>quod</span> <span class='ocrx_word' id='word_1_225' title='bbox 620 1598 822 1648; x_wconf 89' lang='lat' dir='ltr'>deceptus</span> <span class='ocrx_word' id='word_1_226' title='bbox 842 1598 970 1637; x_wconf 82' lang='lat' dir='ltr'>fumis</span> <span class='ocrx_word' id='word_1_227' title='bbox 992 1598 1312 1649; x_wconf 89' lang='lat' dir='ltr'>Epphendorpii</span> <span class='ocrx_word' id='word_1_228' title='bbox 1333 1599 1611 1637; x_wconf 90' lang='lat' dir='ltr'>comunicarit</span> <span class='ocrx_word' id='word_1_229' title='bbox 1630 1597 1692 1637; x_wconf 90' lang='lat' dir='ltr'>illi</span> <span class='ocrx_word' id='word_1_230' title='bbox 1711 1602 1857 1636; x_wconf 87' lang='lat' dir='ltr'>nostra</span> 
     </span>
     <span class='ocr_line' id='line_1_28' title="bbox 260 1651 1858 1704; baseline 0.001 -14"><span class='ocrx_word' id='word_1_231' title='bbox 260 1664 427 1690; x_wconf 88' lang='lat' dir='ltr'>arcana.</span> <span class='ocrx_word' id='word_1_232' title='bbox 486 1651 598 1690; x_wconf 90' lang='lat' dir='ltr'>Nam</span> <span class='ocrx_word' id='word_1_233' title='bbox 627 1653 686 1690; x_wconf 90' lang='lat' dir='ltr'>sic</span> <span class='ocrx_word' id='word_1_234' title='bbox 715 1657 870 1704; x_wconf 88' lang='lat' dir='ltr'>purgat</span> <span class='ocrx_word' id='word_1_235' title='bbox 898 1665 987 1691; x_wconf 88' lang='lat' dir='ltr'>sese</span> <span class='ocrx_word' id='word_1_236' title='bbox 1016 1657 1066 1691; x_wconf 82' lang='lat' dir='ltr'>vt</span> <span class='ocrx_word' id='word_1_237' title='bbox 1095 1654 1262 1691; x_wconf 85' lang='lat' dir='ltr'>auxerit</span> <span class='ocrx_word' id='word_1_238' title='bbox 1291 1653 1585 1703; x_wconf 89' lang='lat' dir='ltr'>suspicionem.</span> <span class='ocrx_word' id='word_1_239' title='bbox 1644 1652 1737 1691; x_wconf 93' lang='lat' dir='ltr'>Hoc</span> <span class='ocrx_word' id='word_1_240' title='bbox 1767 1656 1858 1691; x_wconf 89' lang='lat' dir='ltr'>erat</span> 
     </span>
     <span class='ocr_line' id='line_1_29' title="bbox 260 1705 1857 1757; baseline 0.001 -13"><span class='ocrx_word' id='word_1_241' title='bbox 260 1705 481 1744; x_wconf 89' lang='lat' dir='ltr'>consilium</span> <span class='ocrx_word' id='word_1_242' title='bbox 497 1705 850 1754; x_wconf 90' lang='lat' dir='ltr'>Lutheranorum,</span> <span class='ocrx_word' id='word_1_243' title='bbox 867 1711 917 1746; x_wconf 85' lang='lat' dir='ltr'>vt</span> <span class='ocrx_word' id='word_1_244' title='bbox 931 1719 998 1745; x_wconf 90' lang='lat' dir='ltr'>me</span> <span class='ocrx_word' id='word_1_245' title='bbox 1013 1707 1137 1745; x_wconf 86' lang='lat' dir='ltr'>minis</span> <span class='ocrx_word' id='word_1_246' title='bbox 1151 1707 1436 1746; x_wconf 85' lang='lat' dir='ltr'>absterrerent</span> <span class='ocrx_word' id='word_1_247' title='bbox 1449 1719 1502 1745; x_wconf 91' lang='lat' dir='ltr'>ne</span> <span class='ocrx_word' id='word_1_248' title='bbox 1517 1705 1620 1757; x_wconf 89' lang='lat' dir='ltr'>quid</span> <span class='ocrx_word' id='word_1_249' title='bbox 1634 1706 1857 1745; x_wconf 88' lang='lat' dir='ltr'>scriberem</span> 
     </span>
     <span class='ocr_line' id='line_1_30' title="bbox 259 1759 1858 1812; baseline 0.001 -14"><span class='ocrx_word' id='word_1_250' title='bbox 259 1761 304 1798; x_wconf 92' lang='lat' dir='ltr'>in</span> <span class='ocrx_word' id='word_1_251' title='bbox 344 1759 608 1799; x_wconf 88' lang='lat' dir='ltr'>Lutherum:</span> <span class='ocrx_word' id='word_1_252' title='bbox 664 1773 765 1799; x_wconf 89' lang='lat' dir='ltr'>nam</span> <span class='ocrx_word' id='word_1_253' title='bbox 805 1761 885 1800; x_wconf 92' lang='grc'>1106</span> <span class='ocrx_word' id='word_1_254' title='bbox 925 1765 1136 1812; x_wconf 86' lang='lat' dir='ltr'>sparserat</span> <span class='ocrx_word' id='word_1_255' title='bbox 1177 1761 1388 1800; x_wconf 88' lang='lat' dir='ltr'>Iohannes</span> <span class='ocrx_word' id='word_1_256' title='bbox 1429 1760 1578 1800; x_wconf 87' lang='lat' dir='ltr'>Faber.</span> <span class='ocrx_word' id='word_1_257' title='bbox 1647 1760 1706 1800; x_wconf 86' lang='lat' dir='ltr'>At</span> <span class='ocrx_word' id='word_1_258' title='bbox 1745 1773 1858 1800; x_wconf 91' lang='lat' dir='ltr'>nunc</span> 
     </span>
     <span class='ocr_line' id='line_1_31' title="bbox 260 1814 1856 1867; baseline 0.001 -14"><span class='ocrx_word' id='word_1_259' title='bbox 260 1814 471 1853; x_wconf 87' lang='lat' dir='ltr'>Lutherus</span> <span class='ocrx_word' id='word_1_260' title='bbox 490 1814 636 1853; x_wconf 90' lang='lat' dir='ltr'>scribit</span> <span class='ocrx_word' id='word_1_261' title='bbox 654 1816 698 1853; x_wconf 90' lang='lat' dir='ltr'>in</span> <span class='ocrx_word' id='word_1_262' title='bbox 717 1828 760 1854; x_wconf 89' lang='lat' dir='ltr'>se</span> <span class='ocrx_word' id='word_1_263' title='bbox 778 1816 932 1867; x_wconf 90' lang='lat' dir='ltr'>ipsum,</span> <span class='ocrx_word' id='word_1_264' title='bbox 953 1815 1101 1854; x_wconf 86' lang='lat' dir='ltr'>videns</span> <span class='ocrx_word' id='word_1_265' title='bbox 1119 1829 1209 1855; x_wconf 88' lang='lat' dir='ltr'>rem</span> <span class='ocrx_word' id='word_1_266' title='bbox 1228 1815 1310 1855; x_wconf 90' lang='lat' dir='ltr'>alio</span> <span class='ocrx_word' id='word_1_267' title='bbox 1329 1828 1499 1867; x_wconf 85' lang='lat' dir='ltr'>vergere</span> <span class='ocrx_word' id='word_1_268' title='bbox 1518 1827 1648 1867; x_wconf 91' lang='lat' dir='ltr'>quam</span> <span class='ocrx_word' id='word_1_269' title='bbox 1667 1819 1856 1866; x_wconf 88' lang='lat' dir='ltr'>putarat,</span> 
     </span>
    </p>

    <p class='ocr_par' dir='ltr' id='par_1_10' title="bbox 180 1867 1857 1964">
     <span class='ocr_line' id='line_1_32' title="bbox 180 1867 1857 1922; baseline 0.001 -15"><span class='ocrx_word' id='word_1_270' title='bbox 180 1884 238 1916; x_wconf 84' lang='lat'>105</span> <span class='ocrx_word' id='word_1_271' title='bbox 259 1873 304 1908; x_wconf 89' lang='lat' dir='ltr'>et</span> <span class='ocrx_word' id='word_1_272' title='bbox 326 1869 478 1907; x_wconf 83' lang='lat' dir='ltr'>exoriri</span> <span class='ocrx_word' id='word_1_273' title='bbox 501 1867 707 1920; x_wconf 86' lang='lat' dir='ltr'>populum</span> <span class='ocrx_word' id='word_1_274' title='bbox 730 1882 816 1909; x_wconf 91' lang='lat' dir='ltr'>non</span> <span class='ocrx_word' id='word_1_275' title='bbox 840 1870 1144 1922; x_wconf 90' lang='lat' dir='ltr'>Euangelicum</span> <span class='ocrx_word' id='word_1_276' title='bbox 1169 1870 1241 1909; x_wconf 87' lang='lat' dir='ltr'>sed</span> <span class='ocrx_word' id='word_1_277' title='bbox 1265 1870 1536 1916; x_wconf 86' lang='lat' dir='ltr'>diabolicum,</span> <span class='ocrx_word' id='word_1_278' title='bbox 1562 1882 1659 1908; x_wconf 90' lang='lat' dir='ltr'>cum</span> <span class='ocrx_word' id='word_1_279' title='bbox 1681 1871 1857 1909; x_wconf 88' lang='lat' dir='ltr'>interitu</span> 
     </span>
     <span class='ocr_line' id='line_1_33' title="bbox 260 1922 958 1964; baseline 0.004 -3"><span class='ocrx_word' id='word_1_280' title='bbox 260 1924 449 1962; x_wconf 89' lang='lat' dir='ltr'>omnium</span> <span class='ocrx_word' id='word_1_281' title='bbox 474 1922 683 1962; x_wconf 91' lang='lat' dir='ltr'>bonorum</span> <span class='ocrx_word' id='word_1_282' title='bbox 705 1924 958 1964; x_wconf 89' lang='lat' dir='ltr'>studiorum.</span> 
     </span>
    </p>

    <p class='ocr_par' dir='ltr' id='par_1_11' title="bbox 261 1977 1859 2139">
     <span class='ocr_line' id='line_1_34' title="bbox 314 1977 1859 2030; baseline 0 -14"><span class='ocrx_word' id='word_1_283' title='bbox 314 1977 472 2016; x_wconf 91' lang='lat' dir='ltr'>Verum</span> <span class='ocrx_word' id='word_1_284' title='bbox 501 1977 614 2016; x_wconf 89' lang='grc'>111366</span> <span class='ocrx_word' id='word_1_285' title='bbox 643 1978 695 2017; x_wconf 91' lang='lat' dir='ltr'>de</span> <span class='ocrx_word' id='word_1_286' title='bbox 723 1978 849 2018; x_wconf 89' lang='lat' dir='ltr'>rebus</span> <span class='ocrx_word' id='word_1_287' title='bbox 877 1980 963 2018; x_wconf 84' lang='lat' dir='ltr'>iam</span> <span class='ocrx_word' id='word_1_288' title='bbox 993 1978 1087 2030; x_wconf 89' lang='lat' dir='ltr'>plus</span> <span class='ocrx_word' id='word_1_289' title='bbox 1117 1979 1233 2018; x_wconf 88' lang='lat' dir='ltr'>satis.</span> <span class='ocrx_word' id='word_1_290' title='bbox 1293 1979 1464 2018; x_wconf 79' lang='lat' dir='ltr'>Certum</span> <span class='ocrx_word' id='word_1_291' title='bbox 1494 1982 1560 2017; x_wconf 90' lang='lat' dir='ltr'>est</span> <span class='ocrx_word' id='word_1_292' title='bbox 1589 1978 1687 2017; x_wconf 89' lang='lat' dir='ltr'>hinc</span> <span class='ocrx_word' id='word_1_293' title='bbox 1716 1978 1859 2030; x_wconf 88' lang='lat' dir='ltr'>aliquo</span> 
     </span>
     <span class='ocr_line' id='line_1_35' title="bbox 261 2031 1857 2084; baseline 0.001 -14"><span class='ocrx_word' id='word_1_294' title='bbox 261 2031 506 2083; x_wconf 84' lang='lat' dir='ltr'>demigrare.</span> <span class='ocrx_word' id='word_1_295' title='bbox 573 2031 625 2070; x_wconf 89' lang='lat' dir='ltr'>In</span> <span class='ocrx_word' id='word_1_296' title='bbox 663 2031 844 2072; x_wconf 83' lang='lat' dir='ltr'>Galliam</span> <span class='ocrx_word' id='word_1_297' title='bbox 879 2034 1050 2080; x_wconf 87' lang='lat' dir='ltr'>inuitor,</span> <span class='ocrx_word' id='word_1_298' title='bbox 1091 2032 1265 2072; x_wconf 89' lang='lat' dir='ltr'>mirifico</span> <span class='ocrx_word' id='word_1_299' title='bbox 1302 2033 1444 2072; x_wconf 89' lang='lat' dir='ltr'>studio</span> <span class='ocrx_word' id='word_1_300' title='bbox 1482 2033 1728 2084; x_wconf 87' lang='lat' dir='ltr'>magnisque</span> <span class='ocrx_word' id='word_1_301' title='bbox 1765 2045 1857 2084; x_wconf 90' lang='lat' dir='ltr'>pro-</span> 
     </span>
     <span class='ocr_line' id='line_1_36' title="bbox 261 2085 1859 2139; baseline 0 -14"><span class='ocrx_word' id='word_1_302' title='bbox 261 2085 412 2125; x_wconf 89' lang='lat' dir='ltr'>missis.</span> <span class='ocrx_word' id='word_1_303' title='bbox 458 2085 540 2125; x_wconf 86' lang='lat' dir='ltr'>Sed</span> <span class='ocrx_word' id='word_1_304' title='bbox 556 2089 690 2125; x_wconf 91' lang='lat' dir='ltr'>terret</span> <span class='ocrx_word' id='word_1_305' title='bbox 706 2087 785 2126; x_wconf 94' lang='grc'>1106</span> <span class='ocrx_word' id='word_1_306' title='bbox 803 2100 889 2134; x_wconf 79' lang='lat' dir='ltr'>ver,</span> <span class='ocrx_word' id='word_1_307' title='bbox 908 2087 1023 2138; x_wconf 88' lang='lat' dir='ltr'>quod</span> <span class='ocrx_word' id='word_1_308' title='bbox 1040 2100 1187 2126; x_wconf 77' lang='lat' dir='ltr'>vereor</span> <span class='ocrx_word' id='word_1_309' title='bbox 1202 2100 1255 2127; x_wconf 92' lang='lat' dir='ltr'>ne</span> <span class='ocrx_word' id='word_1_310' title='bbox 1275 2088 1416 2139; x_wconf 89' lang='lat' dir='ltr'>pariat</span> <span class='ocrx_word' id='word_1_311' title='bbox 1435 2092 1655 2126; x_wconf 90' lang='lat' dir='ltr'>cruentam</span> <span class='ocrx_word' id='word_1_312' title='bbox 1675 2091 1859 2138; x_wconf 88' lang='lat' dir='ltr'>stragem</span> 
     </span>
    </p>

    <p class='ocr_par' dir='ltr' id='par_1_12' title="bbox 181 2139 1859 2301">
     <span class='ocr_line' id='line_1_37' title="bbox 181 2139 1859 2193; baseline 0.002 -16"><span class='ocrx_word' id='word_1_313' title='bbox 181 2155 242 2178; x_wconf 92' lang='lat'>110</span> <span class='ocrx_word' id='word_1_314' title='bbox 261 2139 392 2179; x_wconf 83' lang='lat' dir='ltr'>Gallis</span> <span class='ocrx_word' id='word_1_315' title='bbox 411 2153 420 2178; x_wconf 90' lang='lat'>:</span> <span class='ocrx_word' id='word_1_316' title='bbox 460 2139 566 2178; x_wconf 86' lang='lat' dir='ltr'>adeo</span> <span class='ocrx_word' id='word_1_317' title='bbox 589 2145 655 2178; x_wconf 89' lang='lat' dir='ltr'>est</span> <span class='ocrx_word' id='word_1_318' title='bbox 676 2141 955 2192; x_wconf 87' lang='lat' dir='ltr'>implacabilis</span> <span class='ocrx_word' id='word_1_319' title='bbox 978 2142 1166 2181; x_wconf 84' lang='lat' dir='ltr'>Caesaris</span> <span class='ocrx_word' id='word_1_320' title='bbox 1188 2143 1367 2189; x_wconf 90' lang='lat' dir='ltr'>animus,</span> <span class='ocrx_word' id='word_1_321' title='bbox 1393 2143 1460 2181; x_wconf 91' lang='grc'>6111</span> <span class='ocrx_word' id='word_1_322' title='bbox 1488 2142 1658 2193; x_wconf 90' lang='lat' dir='ltr'>penitus</span> <span class='ocrx_word' id='word_1_323' title='bbox 1679 2141 1859 2180; x_wconf 87' lang='lat' dir='ltr'>infixum</span> 
     </span>
     <span class='ocr_line' id='line_1_38' title="bbox 260 2193 1855 2248; baseline 0.001 -16"><span class='ocrx_word' id='word_1_324' title='bbox 260 2198 326 2232; x_wconf 89' lang='lat' dir='ltr'>est</span> <span class='ocrx_word' id='word_1_325' title='bbox 351 2196 392 2233; x_wconf 84' lang='grc' dir='ltr'>τὸ</span> <span class='ocrx_word' id='word_1_326' title='bbox 420 2193 520 2232; x_wconf 84' lang='grc' dir='ltr'>Ρ1113</span> <span class='ocrx_word' id='word_1_327' title='bbox 547 2193 672 2234; x_wconf 82' lang='lat' dir='ltr'>vltra.</span> <span class='ocrx_word' id='word_1_328' title='bbox 739 2195 939 2234; x_wconf 78' lang='lat' dir='ltr'>Pontifex</span> <span class='ocrx_word' id='word_1_329' title='bbox 964 2195 1096 2243; x_wconf 82' lang='lat' dir='ltr'>fauet,</span> <span class='ocrx_word' id='word_1_330' title='bbox 1124 2200 1169 2235; x_wconf 91' lang='lat' dir='ltr'>et</span> <span class='ocrx_word' id='word_1_331' title='bbox 1195 2197 1268 2247; x_wconf 90' lang='lat' dir='ltr'>qui</span> <span class='ocrx_word' id='word_1_332' title='bbox 1294 2196 1410 2248; x_wconf 91' lang='lat' dir='ltr'>apud</span> <span class='ocrx_word' id='word_1_333' title='bbox 1436 2195 1687 2236; x_wconf 88' lang='lat' dir='ltr'>Pontificem</span> <span class='ocrx_word' id='word_1_334' title='bbox 1713 2195 1855 2234; x_wconf 80' lang='lat' dir='ltr'>valent</span> 
     </span>
     <span class='ocr_line' id='line_1_39' title="bbox 260 2248 1857 2301; baseline 0.001 -15"><span class='ocrx_word' id='word_1_335' title='bbox 260 2248 502 2300; x_wconf 89' lang='lat' dir='ltr'>plurimum.</span> <span class='ocrx_word' id='word_1_336' title='bbox 563 2248 644 2287; x_wconf 86' lang='lat' dir='ltr'>Sed</span> <span class='ocrx_word' id='word_1_337' title='bbox 674 2250 765 2288; x_wconf 86' lang='lat' dir='ltr'>vito</span> <span class='ocrx_word' id='word_1_338' title='bbox 796 2250 1090 2301; x_wconf 85' lang='lat' dir='ltr'>gladiatoriam</span> <span class='ocrx_word' id='word_1_339' title='bbox 1121 2250 1337 2289; x_wconf 86' lang='lat' dir='ltr'>harenam.</span> <span class='ocrx_word' id='word_1_340' title='bbox 1397 2250 1455 2290; x_wconf 89' lang='lat' dir='ltr'>Et</span> <span class='ocrx_word' id='word_1_341' title='bbox 1484 2263 1570 2290; x_wconf 91' lang='lat' dir='ltr'>non</span> <span class='ocrx_word' id='word_1_342' title='bbox 1600 2250 1724 2289; x_wconf 85' lang='lat' dir='ltr'>video</span> <span class='ocrx_word' id='word_1_343' title='bbox 1755 2250 1857 2301; x_wconf 87' lang='lat' dir='ltr'>quid</span> 
     </span>
    </p>
   </div>
   <div class='ocr_carea' id='block_1_3' title="bbox 303 2341 1857 2384">
    <p class='ocr_par' dir='ltr' id='par_1_13' title="bbox 303 2341 1857 2384">
     <span class='ocr_line' id='line_1_40' title="bbox 303 2341 1857 2384; baseline 0.001 -10"><span class='ocrx_word' id='word_1_344' title='bbox 303 2351 355 2383; x_wconf 88' lang='lat'>79.</span> <span class='ocrx_word' id='word_1_345' title='bbox 384 2342 469 2374; x_wconf 71' lang='lat' dir='ltr'>Ante</span> <span class='ocrx_word' id='word_1_346' title='bbox 488 2341 654 2375; x_wconf 88' lang='lat' dir='ltr'>haberem</span> <span class='ocrx_word' id='word_1_347' title='bbox 673 2342 774 2384; x_wconf 76' lang='lat' dir='ltr'>liquet</span> <span class='ocrx_word' id='word_1_348' title='bbox 793 2344 900 2376; x_wconf 74' lang='lat' dir='ltr'>deesse</span> <span class='ocrx_word' id='word_1_349' title='bbox 925 2343 1077 2383; x_wconf 75' lang='lat' dir='ltr'>aliquid:</span> <span class='ocrx_word' id='word_1_350' title='bbox 1109 2352 1270 2374; x_wconf 84' lang='lat' dir='ltr'>caussam</span> <span class='ocrx_word' id='word_1_351' title='bbox 1289 2341 1374 2374; x_wconf 76' lang='lat' dir='ltr'>coni.</span> <span class='ocrx_word' id='word_1_352' title='bbox 1394 2341 1433 2379; x_wconf 86' lang='lat' dir='ltr'>O,</span> <span class='ocrx_word' id='word_1_353' title='bbox 1456 2352 1577 2374; x_wconf 86' lang='lat' dir='ltr'>ansam</span> <span class='ocrx_word' id='word_1_354' title='bbox 1599 2341 1749 2382; x_wconf 61' lang='lat' dir='ltr'>Beckinq</span> <span class='ocrx_word' id='word_1_355' title='bbox 1766 2341 1857 2382; x_wconf 85' lang='lat' dir='ltr'>(HE.</span> 
     </span>
    </p>
   </div>
   <div class='ocr_carea' id='block_1_4' title="bbox 259 2385 1860 2684">
    <p class='ocr_par' dir='ltr' id='par_1_14' title="bbox 259 2385 1860 2684">
     <span class='ocr_line' id='line_1_41' title="bbox 259 2385 1074 2429; baseline 0 -11"><span class='ocrx_word' id='word_1_356' title='bbox 259 2387 348 2426; x_wconf 86' lang='lat'>362).</span> <span class='ocrx_word' id='word_1_357' title='bbox 484 2393 535 2425; x_wconf 82' lang='lat'>95.</span> <span class='ocrx_word' id='word_1_358' title='bbox 563 2390 690 2428; x_wconf 83' lang='lat' dir='ltr'>agatur</span> <span class='ocrx_word' id='word_1_359' title='bbox 706 2387 747 2419; x_wconf 88' lang='lat'>0³</span> <span class='ocrx_word' id='word_1_360' title='bbox 763 2399 770 2419; x_wconf 75' lang='grc' dir='ltr'>ε</span> <span class='ocrx_word' id='word_1_361' title='bbox 800 2390 884 2429; x_wconf 81' lang='lat' dir='ltr'>agat</span> <span class='ocrx_word' id='word_1_362' title='bbox 901 2385 952 2424; x_wconf 85' lang='lat'>01,</span> <span class='ocrx_word' id='word_1_363' title='bbox 971 2385 1074 2418; x_wconf 72' lang='lat' dir='ltr'>Lond.</span> 
     </span>
     <span class='ocr_line' id='line_1_42' title="bbox 303 2511 1846 2554; baseline -0.001 -10"><span class='ocrx_word' id='word_1_364' title='bbox 303 2514 354 2545; x_wconf 82' lang='lat'>81.</span> <span class='ocrx_word' id='word_1_365' title='bbox 381 2512 545 2553; x_wconf 84' lang='lat' dir='ltr'>ciuiliter]</span> <span class='ocrx_word' id='word_1_366' title='bbox 556 2512 719 2554; x_wconf 70' lang='lat' dir='ltr'>Sponqia,</span> <span class='ocrx_word' id='word_1_367' title='bbox 734 2511 804 2544; x_wconf 90' lang='lat' dir='ltr'>LB.</span> <span class='ocrx_word' id='word_1_368' title='bbox 818 2522 850 2543; x_wconf 89' lang='lat' dir='ltr'>x.</span> <span class='ocrx_word' id='word_1_369' title='bbox 870 2512 949 2553; x_wconf 84' lang='lat'>1632</span> <span class='ocrx_word' id='word_1_370' title='bbox 965 2521 1024 2550; x_wconf 76' lang='grc'>61),</span> <span class='ocrx_word' id='word_1_371' title='bbox 1139 2523 1192 2553; x_wconf 83' lang='lat'>97.</span> <span class='ocrx_word' id='word_1_372' title='bbox 1219 2511 1494 2551; x_wconf 87' lang='lat' dir='ltr'>Buscoducensi]</span> <span class='ocrx_word' id='word_1_373' title='bbox 1511 2511 1573 2544; x_wconf 86' lang='lat' dir='ltr'>See</span> <span class='ocrx_word' id='word_1_374' title='bbox 1588 2511 1654 2552; x_wconf 89' lang='lat' dir='ltr'>Ep.</span> <span class='ocrx_word' id='word_1_375' title='bbox 1671 2512 1747 2543; x_wconf 87' lang='lat'>616.</span> <span class='ocrx_word' id='word_1_376' title='bbox 1771 2521 1846 2551; x_wconf 91' lang='lat' dir='ltr'>14n.</span> 
     </span>
     <span class='ocr_line' id='line_1_43' title="bbox 266 2554 1856 2597; baseline -0.001 -9"><span class='ocrx_word' id='word_1_377' title='bbox 266 2557 348 2597; x_wconf 93' lang='lat'>1634</span> <span class='ocrx_word' id='word_1_378' title='bbox 363 2565 385 2588; x_wconf 84' lang='grc' dir='ltr'>Β</span> <span class='ocrx_word' id='word_1_379' title='bbox 398 2572 429 2584; x_wconf 92' lang='lat'><strong><em>=</em></strong></span> <span class='ocrx_word' id='word_1_380' title='bbox 441 2556 518 2588; x_wconf 89' lang='lat' dir='ltr'>HE.</span> <span class='ocrx_word' id='word_1_381' title='bbox 538 2566 612 2597; x_wconf 89' lang='lat'>333,</span> <span class='ocrx_word' id='word_1_382' title='bbox 629 2557 662 2597; x_wconf 65' lang='grc' dir='ltr'>ἓξ</span> <span class='ocrx_word' id='word_1_383' title='bbox 677 2557 756 2596; x_wconf 88' lang='grc'>4-6,</span> <span class='ocrx_word' id='word_1_384' title='bbox 773 2564 826 2596; x_wconf 87' lang='grc'>25.</span> <span class='ocrx_word' id='word_1_385' title='bbox 1138 2558 1192 2596; x_wconf 82' lang='grc'>98.</span> <span class='ocrx_word' id='word_1_386' title='bbox 1218 2555 1486 2595; x_wconf 82' lang='lat' dir='ltr'>Germanorum]</span> <span class='ocrx_word' id='word_1_387' title='bbox 1499 2554 1549 2587; x_wconf 82' lang='lat' dir='ltr'>Cf.</span> <span class='ocrx_word' id='word_1_388' title='bbox 1565 2555 1630 2596; x_wconf 90' lang='lat' dir='ltr'>Ep.</span> <span class='ocrx_word' id='word_1_389' title='bbox 1649 2556 1742 2596; x_wconf 90' lang='lat'>1388.</span> <span class='ocrx_word' id='word_1_390' title='bbox 1758 2563 1856 2586; x_wconf 83' lang='lat'>21-2.</span> 
     </span>
     <span class='ocr_line' id='line_1_44' title="bbox 304 2597 1860 2641; baseline -0.001 -10"><span class='ocrx_word' id='word_1_391' title='bbox 304 2601 354 2631; x_wconf 86' lang='lat'>82.</span> <span class='ocrx_word' id='word_1_392' title='bbox 381 2599 546 2640; x_wconf 90' lang='lat' dir='ltr'>Affinem]</span> <span class='ocrx_word' id='word_1_393' title='bbox 563 2599 647 2631; x_wconf 88' lang='lat' dir='ltr'>ibid.</span> <span class='ocrx_word' id='word_1_394' title='bbox 671 2600 754 2641; x_wconf 92' lang='lat'>1634</span> <span class='ocrx_word' id='word_1_395' title='bbox 769 2608 816 2637; x_wconf 71' lang='lat' dir='ltr'>B?</span> <span class='ocrx_word' id='word_1_396' title='bbox 847 2600 897 2639; x_wconf 75' lang='lat'>§2</span> <span class='ocrx_word' id='word_1_397' title='bbox 904 2608 932 2639; x_wconf 90' lang='grc'>5.</span> <span class='ocrx_word' id='word_1_398' title='bbox 1138 2610 1192 2640; x_wconf 87' lang='lat'>99.</span> <span class='ocrx_word' id='word_1_399' title='bbox 1218 2599 1404 2641; x_wconf 87' lang='lat' dir='ltr'>Capitone]</span> <span class='ocrx_word' id='word_1_400' title='bbox 1432 2598 1505 2630; x_wconf 86' lang='lat' dir='ltr'>The</span> <span class='ocrx_word' id='word_1_401' title='bbox 1529 2598 1717 2640; x_wconf 86' lang='lat' dir='ltr'>beginning</span> <span class='ocrx_word' id='word_1_402' title='bbox 1741 2598 1778 2630; x_wconf 82' lang='lat' dir='ltr'>of</span> <span class='ocrx_word' id='word_1_403' title='bbox 1806 2597 1860 2630; x_wconf 86' lang='lat' dir='ltr'>his</span> 
     </span>
     <span class='ocr_line' id='line_1_45' title="bbox 302 2641 1859 2684; baseline -0.001 -9"><span class='ocrx_word' id='word_1_404' title='bbox 302 2645 355 2675; x_wconf 84' lang='lat'>86.</span> <span class='ocrx_word' id='word_1_405' title='bbox 380 2642 548 2684; x_wconf 84' lang='lat' dir='ltr'>Achates]</span> <span class='ocrx_word' id='word_1_406' title='bbox 561 2643 645 2676; x_wconf 90' lang='lat' dir='ltr'>ibid.</span> <span class='ocrx_word' id='word_1_407' title='bbox 665 2644 748 2684; x_wconf 88' lang='lat'>1636</span> <span class='ocrx_word' id='word_1_408' title='bbox 761 2653 785 2675; x_wconf 78' lang='lat' dir='ltr'>A</span> <span class='ocrx_word' id='word_1_409' title='bbox 801 2655 810 2681; x_wconf 87' lang='lat'><strong>;</strong></span> <span class='ocrx_word' id='word_1_410' title='bbox 837 2644 853 2683; x_wconf 83' lang='lat'>§</span> <span class='ocrx_word' id='word_1_411' title='bbox 869 2651 920 2683; x_wconf 89' lang='grc'>50.</span> <span class='ocrx_word' id='word_1_412' title='bbox 1095 2643 1221 2676; x_wconf 85' lang='lat' dir='ltr'>breach</span> <span class='ocrx_word' id='word_1_413' title='bbox 1253 2643 1339 2676; x_wconf 81' lang='lat' dir='ltr'>with</span> <span class='ocrx_word' id='word_1_414' title='bbox 1371 2642 1538 2674; x_wconf 84' lang='lat' dir='ltr'>Erasmus</span> <span class='ocrx_word' id='word_1_415' title='bbox 1570 2643 1599 2674; x_wconf 84' lang='lat' dir='ltr'>is</span> <span class='ocrx_word' id='word_1_416' title='bbox 1633 2641 1777 2674; x_wconf 82' lang='lat' dir='ltr'>marked</span> <span class='ocrx_word' id='word_1_417' title='bbox 1812 2642 1859 2683; x_wconf 89' lang='lat' dir='ltr'>by</span> 
     </span>
    </p>
   </div>
   <div class='ocr_carea' id='block_1_5' title="bbox 258 2685 1858 2858">
    <p class='ocr_par' dir='ltr' id='par_1_15' title="bbox 258 2685 1858 2858">
     <span class='ocr_line' id='line_1_46' title="bbox 345 2685 1858 2729; baseline -0.001 -10"><span class='ocrx_word' id='word_1_418' title='bbox 345 2686 480 2727; x_wconf 85' lang='lat' dir='ltr'>literas]</span> <span class='ocrx_word' id='word_1_419' title='bbox 496 2687 570 2720; x_wconf 85' lang='lat' dir='ltr'>Not</span> <span class='ocrx_word' id='word_1_420' title='bbox 584 2690 722 2719; x_wconf 81' lang='lat' dir='ltr'>extant.</span> <span class='ocrx_word' id='word_1_421' title='bbox 1093 2687 1157 2729; x_wconf 89' lang='lat' dir='ltr'>Ep.</span> <span class='ocrx_word' id='word_1_422' title='bbox 1198 2696 1305 2728; x_wconf 87' lang='lat'>1374.</span> <span class='ocrx_word' id='word_1_423' title='bbox 1352 2686 1408 2718; x_wconf 78' lang='lat' dir='ltr'>for</span> <span class='ocrx_word' id='word_1_424' title='bbox 1439 2687 1488 2718; x_wconf 84' lang='lat' dir='ltr'>its</span> <span class='ocrx_word' id='word_1_425' title='bbox 1521 2685 1769 2727; x_wconf 85' lang='lat' dir='ltr'>development</span> <span class='ocrx_word' id='word_1_426' title='bbox 1801 2695 1858 2717; x_wconf 87' lang='grc'>366</span> 
     </span>
     <span class='ocr_line' id='line_1_47' title="bbox 301 2727 1857 2773; baseline -0.001 -11"><span class='ocrx_word' id='word_1_427' title='bbox 301 2739 355 2770; x_wconf 87' lang='grc'>90.</span> <span class='ocrx_word' id='word_1_428' title='bbox 381 2740 508 2763; x_wconf 85' lang='grc'>1111111113</span> <span class='ocrx_word' id='word_1_429' title='bbox 538 2741 573 2763; x_wconf 83' lang='lat' dir='ltr'>re</span> <span class='ocrx_word' id='word_1_430' title='bbox 598 2729 667 2770; x_wconf 87' lang='lat' dir='ltr'>ale]</span> <span class='ocrx_word' id='word_1_431' title='bbox 696 2729 715 2761; x_wconf 93' lang='lat' dir='ltr'>I</span> <span class='ocrx_word' id='word_1_432' title='bbox 745 2729 818 2762; x_wconf 84' lang='lat' dir='ltr'>find</span> <span class='ocrx_word' id='word_1_433' title='bbox 847 2740 893 2762; x_wconf 90' lang='lat' dir='ltr'>no</span> <span class='ocrx_word' id='word_1_434' title='bbox 924 2729 1025 2762; x_wconf 89' lang='lat' dir='ltr'>other</span> <span class='ocrx_word' id='word_1_435' title='bbox 1092 2731 1182 2773; x_wconf 89' lang='lat' dir='ltr'>E.pp</span> <span class='ocrx_word' id='word_1_436' title='bbox 1216 2731 1438 2772; x_wconf 83' lang='grc'>1459,1485,</span> <span class='ocrx_word' id='word_1_437' title='bbox 1471 2729 1565 2770; x_wconf 86' lang='grc'>1496.</span> <span class='ocrx_word' id='word_1_438' title='bbox 1616 2729 1691 2762; x_wconf 86' lang='lat' dir='ltr'>But</span> <span class='ocrx_word' id='word_1_439' title='bbox 1717 2728 1761 2760; x_wconf 82' lang='lat' dir='ltr'>ef.</span> <span class='ocrx_word' id='word_1_440' title='bbox 1790 2727 1857 2770; x_wconf 89' lang='lat' dir='ltr'>Ep.</span> 
     </span>
     <span class='ocr_line' id='line_1_48' title="bbox 258 2773 1316 2815; baseline 0.002 -10"><span class='ocrx_word' id='word_1_441' title='bbox 258 2777 352 2805; x_wconf 84' lang='lat' dir='ltr'>trace</span> <span class='ocrx_word' id='word_1_442' title='bbox 379 2774 416 2806; x_wconf 86' lang='lat' dir='ltr'>of</span> <span class='ocrx_word' id='word_1_443' title='bbox 441 2773 522 2806; x_wconf 86' lang='lat' dir='ltr'>this.</span> <span class='ocrx_word' id='word_1_444' title='bbox 603 2773 683 2805; x_wconf 87' lang='lat' dir='ltr'>here</span> <span class='ocrx_word' id='word_1_445' title='bbox 708 2774 738 2805; x_wconf 85' lang='lat' dir='ltr'>is</span> <span class='ocrx_word' id='word_1_446' title='bbox 763 2783 810 2805; x_wconf 92' lang='lat' dir='ltr'>no</span> <span class='ocrx_word' id='word_1_447' title='bbox 836 2783 960 2806; x_wconf 87' lang='lat' dir='ltr'>reason</span> <span class='ocrx_word' id='word_1_448' title='bbox 986 2777 1025 2806; x_wconf 88' lang='lat' dir='ltr'>to</span> <span class='ocrx_word' id='word_1_449' title='bbox 1097 2777 1316 2815; x_wconf 89' lang='lat'>1429.18—19</span> 
     </span>
     <span class='ocr_line' id='line_1_49' title="bbox 258 2815 1833 2858; baseline -0.001 -10"><span class='ocrx_word' id='word_1_450' title='bbox 258 2820 406 2849; x_wconf 87' lang='lat' dir='ltr'>connect</span> <span class='ocrx_word' id='word_1_451' title='bbox 421 2817 451 2849; x_wconf 85' lang='lat' dir='ltr'>it</span> <span class='ocrx_word' id='word_1_452' title='bbox 467 2816 553 2849; x_wconf 89' lang='lat' dir='ltr'>with</span> <span class='ocrx_word' id='word_1_453' title='bbox 569 2817 630 2849; x_wconf 90' lang='lat' dir='ltr'>the</span> <span class='ocrx_word' id='word_1_454' title='bbox 648 2827 715 2858; x_wconf 90' lang='lat' dir='ltr'>cup</span> <span class='ocrx_word' id='word_1_455' title='bbox 731 2820 811 2849; x_wconf 87' lang='lat' dir='ltr'>sent</span> <span class='ocrx_word' id='word_1_456' title='bbox 826 2817 863 2848; x_wconf 90' lang='lat' dir='ltr'>in</span> <span class='ocrx_word' id='word_1_457' title='bbox 884 2818 1022 2858; x_wconf 86' lang='lat'>1526-7.</span> <span class='ocrx_word' id='word_1_458' title='bbox 1142 2827 1214 2850; x_wconf 91' lang='lat'>100.</span> <span class='ocrx_word' id='word_1_459' title='bbox 1240 2815 1548 2857; x_wconf 67' lang='lat' dir='ltr'>comunicaritwf.</span> <span class='ocrx_word' id='word_1_460' title='bbox 1563 2816 1628 2858; x_wconf 90' lang='lat' dir='ltr'>Ep.</span> <span class='ocrx_word' id='word_1_461' title='bbox 1647 2817 1742 2856; x_wconf 89' lang='lat'>1496.</span> <span class='ocrx_word' id='word_1_462' title='bbox 1761 2816 1833 2847; x_wconf 88' lang='lat'>118.</span> 
     </span>
    </p>
   </div>
   <div class='ocr_carea' id='block_1_6' title="bbox 259 2859 1858 3033">
    <p class='ocr_par' dir='ltr' id='par_1_16' title="bbox 259 2859 1858 3032">
     <span class='ocr_line' id='line_1_50' title="bbox 303 2859 1858 2902; baseline -0.001 -11"><span class='ocrx_word' id='word_1_463' title='bbox 303 2869 355 2899; x_wconf 91' lang='lat'>91.</span> <span class='ocrx_word' id='word_1_464' title='bbox 381 2861 620 2902; x_wconf 84' lang='lat' dir='ltr'>intercepisse]</span> <span class='ocrx_word' id='word_1_465' title='bbox 633 2860 697 2893; x_wconf 86' lang='lat' dir='ltr'>See</span> <span class='ocrx_word' id='word_1_466' title='bbox 711 2860 777 2902; x_wconf 91' lang='lat' dir='ltr'>Ep.</span> <span class='ocrx_word' id='word_1_467' title='bbox 797 2869 878 2901; x_wconf 89' lang='lat'>1313</span> <span class='ocrx_word' id='word_1_468' title='bbox 893 2860 1023 2892; x_wconf 81' lang='lat' dir='ltr'>introd.</span> <span class='ocrx_word' id='word_1_469' title='bbox 1143 2870 1212 2902; x_wconf 89' lang='grc'>103.</span> <span class='ocrx_word' id='word_1_470' title='bbox 1242 2860 1370 2901; x_wconf 86' lang='lat' dir='ltr'>Faber]</span> <span class='ocrx_word' id='word_1_471' title='bbox 1379 2860 1435 2892; x_wconf 93' lang='lat' dir='ltr'>No</span> <span class='ocrx_word' id='word_1_472' title='bbox 1445 2859 1603 2893; x_wconf 87' lang='lat' dir='ltr'>doubtin</span> <span class='ocrx_word' id='word_1_473' title='bbox 1622 2868 1858 2900; x_wconf 84' lang='lat' dir='ltr'>consequence</span> 
     </span>
     <span class='ocr_line' id='line_1_51' title="bbox 348 2902 1464 2946; baseline 0 -11"><span class='ocrx_word' id='word_1_474' title='bbox 348 2902 536 2944; x_wconf 77' lang='lat' dir='ltr'>famulum]</span> <span class='ocrx_word' id='word_1_475' title='bbox 550 2903 600 2936; x_wconf 80' lang='lat' dir='ltr'>Of.</span> <span class='ocrx_word' id='word_1_476' title='bbox 616 2903 682 2945; x_wconf 90' lang='lat' dir='ltr'>Ep.</span> <span class='ocrx_word' id='word_1_477' title='bbox 702 2912 795 2945; x_wconf 82' lang='lat'>1325.</span> <span class='ocrx_word' id='word_1_478' title='bbox 810 2905 887 2944; x_wconf 90' lang='lat'>6-7.</span> <span class='ocrx_word' id='word_1_479' title='bbox 1094 2905 1131 2937; x_wconf 82' lang='lat' dir='ltr'>of</span> <span class='ocrx_word' id='word_1_480' title='bbox 1146 2905 1211 2946; x_wconf 89' lang='lat' dir='ltr'>Ep.</span> <span class='ocrx_word' id='word_1_481' title='bbox 1233 2914 1326 2946; x_wconf 89' lang='lat'>1397.</span> <span class='ocrx_word' id='word_1_482' title='bbox 1348 2912 1464 2945; x_wconf 85' lang='lat'>14—15.</span> 
     </span>
     <span class='ocr_line' id='line_1_52' title="bbox 305 2945 1777 2989; baseline -0.001 -11"><span class='ocrx_word' id='word_1_483' title='bbox 305 2946 359 2985; x_wconf 87' lang='grc'>96.</span> <span class='ocrx_word' id='word_1_484' title='bbox 384 2945 680 2987; x_wconf 82' lang='lat' dir='ltr'>Melanchthonis]</span> <span class='ocrx_word' id='word_1_485' title='bbox 709 2947 773 2979; x_wconf 87' lang='lat' dir='ltr'>See</span> <span class='ocrx_word' id='word_1_486' title='bbox 803 2946 893 2989; x_wconf 91' lang='lat' dir='ltr'>Epp.</span> <span class='ocrx_word' id='word_1_487' title='bbox 930 2948 1023 2988; x_wconf 85' lang='grc'>1356.</span> <span class='ocrx_word' id='word_1_488' title='bbox 1141 2957 1213 2987; x_wconf 92' lang='lat'>104.</span> <span class='ocrx_word' id='word_1_489' title='bbox 1238 2947 1428 2987; x_wconf 81' lang='lat' dir='ltr'>Lutherus]</span> <span class='ocrx_word' id='word_1_490' title='bbox 1441 2946 1491 2979; x_wconf 78' lang='lat' dir='ltr'>Of.</span> <span class='ocrx_word' id='word_1_491' title='bbox 1506 2946 1571 2987; x_wconf 90' lang='lat' dir='ltr'>Ep.</span> <span class='ocrx_word' id='word_1_492' title='bbox 1589 2954 1683 2986; x_wconf 90' lang='grc'>1432.</span> <span class='ocrx_word' id='word_1_493' title='bbox 1701 2947 1777 2986; x_wconf 86' lang='grc'>5611.</span> 
     </span>
     <span class='ocr_line' id='line_1_53' title="bbox 259 2987 1855 3033; baseline -0.001 -12"><span class='ocrx_word' id='word_1_494' title='bbox 259 2991 339 3029; x_wconf 86' lang='grc'>6311,</span> <span class='ocrx_word' id='word_1_495' title='bbox 360 2992 452 3029; x_wconf 80' lang='grc'>1384.</span> <span class='ocrx_word' id='word_1_496' title='bbox 474 2999 563 3031; x_wconf 85' lang='grc' dir='ltr'>53ῃ;</span> <span class='ocrx_word' id='word_1_497' title='bbox 595 2990 666 3022; x_wconf 87' lang='lat' dir='ltr'>and</span> <span class='ocrx_word' id='word_1_498' title='bbox 685 2990 728 3022; x_wconf 84' lang='lat' dir='ltr'>cf.</span> <span class='ocrx_word' id='word_1_499' title='bbox 747 2990 836 3032; x_wconf 88' lang='lat' dir='ltr'>Epp.</span> <span class='ocrx_word' id='word_1_500' title='bbox 859 2999 952 3032; x_wconf 87' lang='lat'>1432.</span> <span class='ocrx_word' id='word_1_501' title='bbox 974 2992 1025 3032; x_wconf 80' lang='grc'>56,</span> <span class='ocrx_word' id='word_1_502' title='bbox 1141 3001 1218 3031; x_wconf 88' lang='grc'>109.</span> <span class='ocrx_word' id='word_1_503' title='bbox 1237 2995 1389 3033; x_wconf 83' lang='lat' dir='ltr'>stragem</span> <span class='ocrx_word' id='word_1_504' title='bbox 1403 2988 1588 3029; x_wconf 65' lang='lat' dir='ltr'>Galliswf.</span> <span class='ocrx_word' id='word_1_505' title='bbox 1604 2987 1669 3030; x_wconf 90' lang='lat' dir='ltr'>Ep.</span> <span class='ocrx_word' id='word_1_506' title='bbox 1688 2997 1784 3029; x_wconf 86' lang='lat'>1430.</span> <span class='ocrx_word' id='word_1_507' title='bbox 1802 2998 1855 3030; x_wconf 81' lang='grc'>511.</span> 
     </span>
    </p>
   </div>
   <div class='ocr_carea' id='block_1_7' title="bbox 264 3032 1773 3074">
    <p class='ocr_par' dir='ltr' id='par_1_17' title="bbox 264 3032 1773 3074">
     <span class='ocr_line' id='line_1_54' title="bbox 264 3032 1773 3074; baseline 0.001 -11"><span class='ocrx_word' id='word_1_508' title='bbox 264 3032 357 3072; x_wconf 86' lang='grc'>1496.</span> <span class='ocrx_word' id='word_1_509' title='bbox 381 3042 459 3073; x_wconf 79' lang='grc'>2711,</span> <span class='ocrx_word' id='word_1_510' title='bbox 476 3033 547 3064; x_wconf 84' lang='lat' dir='ltr'>and</span> <span class='ocrx_word' id='word_1_511' title='bbox 560 3034 595 3065; x_wconf 91' lang='grc'>11.</span> <span class='ocrx_word' id='word_1_512' title='bbox 617 3037 739 3072; x_wconf 84' lang='grc'>168-71</span> <span class='ocrx_word' id='word_1_513' title='bbox 758 3033 861 3074; x_wconf 78' lang='lat' dir='ltr'>infra.</span> <span class='ocrx_word' id='word_1_514' title='bbox 1142 3045 1212 3067; x_wconf 89' lang='lat'>111.</span> <span class='ocrx_word' id='word_1_515' title='bbox 1239 3035 1322 3067; x_wconf 86' lang='grc' dir='ltr'>Ρ1113</span> <span class='ocrx_word' id='word_1_516' title='bbox 1339 3033 1446 3073; x_wconf 87' lang='lat' dir='ltr'>vltra]</span> <span class='ocrx_word' id='word_1_517' title='bbox 1461 3033 1524 3065; x_wconf 86' lang='lat' dir='ltr'>See</span> <span class='ocrx_word' id='word_1_518' title='bbox 1540 3032 1606 3074; x_wconf 90' lang='lat' dir='ltr'>Ep.</span> <span class='ocrx_word' id='word_1_519' title='bbox 1623 3042 1699 3072; x_wconf 89' lang='lat'>411.</span> <span class='ocrx_word' id='word_1_520' title='bbox 1717 3036 1773 3064; x_wconf 85' lang='lat' dir='ltr'>8n.</span> 
     </span>
    </p>
   </div>
  </div>
 </body>
</html>
