2012 3370
129 104 251 153 1450]
502 104 661 144 FROM
691 105 969 144 RUDBERT
999 106 1071 146 OF
1100 106 1341 147 MOSHAM
1639 112 1717 149 465

127 224 300 263 scopum
320 217 526 260 nostrum,
548 214 698 252 ducem
720 215 927 254 Bauariae
947 220 1027 255 etc.
1050 230 1058 263 ;
1089 218 1162 268 qui
1186 230 1346 257 memor
1369 220 1556 270 egregiae
1580 219 1717 258 laudis

127 278 257 316 quam
280 268 317 305 ei
341 268 526 317 quadam
550 268 729 318 epistola
751 272 828 307 tua
850 269 1015 317 tribuis,
1040 271 1162 310 iussit
1186 271 1263 311 tibi
1288 272 1468 312 salutem
1492 273 1717 324 plurimam
1736 290 1754 320 7
1762 288 1776 320 5

129 320 293 359 ascribi.
343 320 505 360 Iterum
526 322 632 360 vale.

180 374 259 413 Tui
288 376 602 414 amantissimus
632 375 877 416 Rudbertus
906 390 932 416 a
960 378 1165 426 Moshain,
1198 379 1232 418 I.
1264 380 1312 419 V.
1342 381 1504 428 doctor,
1533 381 1717 420 decanus

127 428 404 469 Patauiensis.

532 544 653 583 1451.
695 527 784 583 1ΤΟ
817 541 1041 584 WILLIAM
1073 543 1312 587 WARHAM.

168 641 385 687 Hieronymi
403 643 592 687 Epistolae
608 643 647 683 ii,
668 654 701 687 p.
722 653 753 686 3.
1482 648 1600 683 Basle.

167 701 291 735 Jortin
307 701 344 736 ii.
365 702 443 745 536.
1415 716 1430 739 1
1451 706 1550 740 June
1571 716 1671 751 1524.

166 780 252 821 [The
273 780 409 822 preface
430 784 468 812 to
489 779 582 812 Alter
601 784 709 812 tomas
729 780 960 820 Epistolarum
981 781 1192 823 Hieronffln'i,
1216 783 1328 821 Basle,
1351 784 1498 823 Froben,
1520 785 1606 828 Aug.
1635 795 1718 827 1524

121 825 170 864 (a)
187 836 196 862 ;
229 824 342 856 which
361 823 469 856 forms
490 823 550 856 the
571 824 697 856 second
718 824 858 856 volume
878 824 915 857 of
934 825 995 858 the
1016 826 1150 858 revised
1172 826 1308 859 Froben
1329 827 1472 866 edition,
1499 831 1627 870 1524—6
1649 832 1718 870 (see

122 867 185 908 Ep.
205 869 285 908 1465
299 867 455 907 introd.).
497 867 638 909 Trifling
655 868 813 900 variants
830 878 932 901 occur
947 869 983 901 in
996 868 1215 902 Chevallon’s
1230 870 1374 908 edition,
1392 871 1500 909 Paris,
1522 881 1533 903 1
1542 882 1556 913 5
1563 882 1580 913 3
1585 882 1650 913 3—4
1666 873 1716 913 (β)

120 910 191 943 and
210 911 246 943 in
266 910 327 943 the
347 910 482 943 Froben
501 911 634 943 edition
655 910 691 943 of
714 919 749 952 15
756 912 840 952 36-7
862 912 923 952 (γ).
967 912 1084 945 Jortin
1106 917 1265 955 eorrupts
1284 913 1345 946 the
1365 915 1599 953 mouth-date,
1620 926 1658 948 as
1680 917 1717 948 in

122 954 186 996 Ep.
210 963 303 996 1453,
322 958 360 987 to
377 954 484 996 July3
510 955 552 986 cf.
573 955 637 997 Ep.
660 956 755 996 1367.
779 963 875 995 105n.
917 955 989 988 The
1006 957 1188 997 year-date
1206 957 1310 990 needs
1328 968 1373 990 no
1391 958 1663 999 confirmation]

204 1057 596 1086 REVERENDISSIMO
618 1058 666 1086 IN
688 1058 872 1087 CHRISTO
893 1059 1024 1087 PATRI
1044 1060 1099 1087 AC
1120 1061 1296 1089 DOMINO
1318 1061 1360 1089 D.
1384 1063 1635 1091 GVILLELMO

303 1112 529 1149 VVARAMO,
551 1112 899 1141 ARCHIEPISCOPO
921 1113 1260 1151 CANTVARIENSI,
1284 1115 1410 1144 SEDIS
1430 1117 1531 1145 APO—

339 1166 548 1194 STOLIOAE
568 1167 740 1196 LEGATO
760 1167 891 1201 NATO,
913 1168 1067 1197 TOTIVS
1087 1169 1283 1197 ANGLIAE
1303 1170 1500 1205 PRIMATI,

553 1221 595 1249 D.
619 1221 818 1249 ERASMVS
839 1222 1166 1250 ROTERODAMVS
1188 1223 1221 1251 S.
1242 1224 1284 1252 D.

178 1287 304 1335 QVAE
334 1287 605 1338 pertinebant
633 1288 689 1326 ad
717 1288 1031 1326 institutionem
1062 1289 1176 1327 vitae
1207 1289 1482 1337 Christianae,
1514 1292 1715 1342 quoniam

121 1342 245 1381 huius
258 1343 318 1381 rei
332 1342 513 1393 primam
529 1346 698 1392 oportet
712 1354 801 1381 esse
815 1353 973 1389 curam,
989 1342 1034 1381 in
1048 1343 1232 1393 primum
1248 1343 1504 1383 contulimus
1518 1349 1684 1384 tomum
1705 1360 1713 1392 ;

120 1397 163 1435 in
204 1396 465 1446 argumentis
505 1395 617 1434 hunc
658 1395 849 1434 ordinem
889 1397 1072 1448 sequuti,
1115 1400 1165 1435 vt
1205 1409 1231 1435 a
1271 1397 1592 1448 perfectioribus
1632 1401 1714 1439 orsi

119 1449 327 1502 paulatim
363 1462 437 1501 per
473 1450 627 1501 gradus
665 1450 903 1490 veniremus
939 1450 995 1488 ad
1030 1449 1241 1498 inferiora,
1279 1451 1431 1491 deinde
1468 1453 1523 1491 ad
1559 1453 1711 1504 lapsos,

119 1507 333 1555 postremo
364 1503 420 1543 ad
451 1504 656 1555 exempla.
718 1504 968 1556 Catalogum
1000 1505 1254 1556 scriptorum
1286 1506 1405 1545 velut
1436 1507 1713 1559 appendicem
1737 1527 1751 1558 5

119 1558 347 1598 adiecimus
368 1557 573 1598 volumini
593 1571 666 1610 per
686 1571 730 1598 se
749 1559 853 1598 satis
872 1559 1037 1610 exiguo,
1059 1559 1175 1610 quod
1194 1572 1281 1599 non
1300 1560 1540 1600 videremus
1559 1562 1713 1601 alicubi

118 1612 258 1652 locum
283 1614 659 1664 congruentiorem.
713 1612 855 1665 Atque
879 1614 923 1652 in
948 1615 1187 1664 praesentia
1212 1614 1384 1666 quidem
1409 1618 1714 1667 praetermissis

119 1667 184 1706 his
223 1680 332 1718 quae
371 1668 508 1718 prima
547 1667 758 1707 aeditione
797 1680 1138 1718 congesseramus
1176 1669 1221 1707 in
1260 1673 1427 1708 tomum
1467 1671 1711 1715 secundum.

118 1722 321 1772 quoniam
340 1721 476 1760 aliena
496 1726 618 1761 erant
637 1722 791 1769 omnia,
813 1721 1024 1773 quaedam
1044 1723 1174 1761 etiam
1195 1735 1364 1773 prorsus
1389 1724 1564 1775 indigna
1586 1725 1712 1772 lectu,

120 1780 262 1814 tomus
294 1775 360 1814 hie
391 1775 476 1814 duo
509 1788 661 1827 genera
695 1776 1011 1827 complectetur,
1046 1776 1120 1814 sed
1152 1777 1263 1816 inter
1297 1790 1340 1816 se
1376 1777 1570 1827 finitima,
1602 1779 1714 1818 vide·
1738 1799 1776 1821 10

118 1830 218 1869 lieet
238 1833 431 1883 ἐλεγκτικὰ
450 1833 494 1869 et
515 1833 778 1884 ἀπολογετικά.
841 1830 893 1869 In
920 1831 1056 1881 priore
1082 1835 1203 1882 parte
1229 1830 1479 1871 refelluntur
1498 1833 1713 1880 haeretici,

117 1886 161 1923 in
185 1885 414 1935 posteriore
439 1883 660 1923 calumniis
681 1884 961 1936 respondetur
981 1898 988 1931 ;
1028 1886 1072 1924 in
1097 1889 1278 1936 vtroque
1303 1886 1529 1926 vehemens
1553 1892 1598 1926 et
1620 1900 1715 1926 acer

120 1937 418 1990 Hieronymus,
444 1943 489 1977 et
512 1951 818 1990 nonnunquam
845 1940 902 1978 sic
927 1939 1226 1978 incandescens
1251 1944 1296 1979 et
1320 1942 1520 1980 conuiciis
1545 1955 1714 1993 quoque

119 2005 168 2031 ac
205 1992 390 2032 dicteriis
427 1992 693 2032 debacchans
730 1998 780 2032 vt
816 1993 1028 2032 nonnullis
1066 2006 1216 2044 parum
1254 2007 1414 2034 memor
1452 1995 1714 2035 Christianae

122 2047 352 2086 modestiae
378 2047 511 2086 videri
538 2049 685 2098 possit.
741 2047 897 2087 Verum
922 2047 967 2086 id
992 2047 1115 2086 facile
1140 2049 1183 2088 in
1211 2047 1368 2088 bonam
1394 2054 1560 2100 partem
1586 2051 1712 2090 inter·
1739 2070 1773 2102 15

120 2100 358 2152 pretabitur
377 2102 568 2153 quisquis
588 2102 857 2153 perpenderit
875 2103 1059 2153 primum
1080 2102 1231 2141 ardens
1250 2107 1295 2142 et
1313 2107 1469 2143 natura
1488 2104 1714 2144 vehemens

120 2156 301 2195 hominis
320 2156 547 2207 ingenium,
568 2169 618 2195 ac
636 2156 815 2195 liberum
836 2157 975 2195 verius
994 2169 1124 2207 quam
1145 2157 1496 2197 contumeliosum
1517 2172 1526 2206 ;
1561 2158 1713 2198 deinde

120 2222 285 2249 morum
310 2211 600 2262 integritatem
626 2212 825 2262 vitaeque
850 2211 1150 2258 innocentiam,
1179 2224 1288 2262 quae
1313 2211 1399 2251 fere
1426 2217 1476 2252 vt
1500 2214 1712 2253 neminem

119 2262 250 2303 afficit
268 2265 432 2311 iniuria,
452 2265 515 2303 ita
533 2265 781 2304 iniuriarum
803 2266 1030 2316 impatiens
1049 2278 1137 2305 esse
1157 2265 1264 2305 solet
1281 2267 1288 2304 1
1319 2266 1387 2305 Ad
1405 2267 1508 2305 haec
1528 2268 1712 2307 atrocius

117 2330 206 2357 esse
246 2319 403 2358 crimen
442 2318 659 2359 haereseos
699 2332 830 2371 quam
869 2324 920 2359 vt
958 2319 1083 2359 vllius
1123 2322 1400 2371 quantumuis
1442 2326 1711 2361 mansuetum
1732 2343 1773 2364 20

118 2373 331 2423 ingenium
360 2372 466 2411 ferre
495 2374 706 2424 potuerit:
746 2378 796 2413 vt
823 2387 876 2412 ne
900 2374 1002 2425 quid
1025 2374 1183 2413 addam
1212 2374 1264 2413 de
1294 2375 1512 2414 doctrinae
1542 2375 1709 2423 fiducia,

117 2439 202 2478 qua
219 2427 278 2466 sic
295 2439 441 2466 omnes
456 2427 568 2467 illius
585 2429 740 2467 aetatis
757 2428 1050 2476 antecellebat,
1070 2432 1120 2467 vt
1137 2428 1249 2467 hunc
1267 2429 1493 2468 contulisse
1511 2443 1608 2468 cum
1626 2429 1711 2468 vllo

117 2484 379 2520 caeterorum
398 2482 655 2521 contumelia
673 2482 813 2522 fuerit.
863 2482 974 2530 Quid
993 2482 1108 2534 quod
1128 2483 1345 2522 haereseos
1365 2484 1602 2522 conuicium
1622 2485 1710 2523 eius

116 2536 246 2573 etiam
274 2536 434 2586 generis
461 2539 526 2575 est
553 2541 615 2583 vt,
645 2549 778 2587 quum
806 2538 981 2576 caeteris
1008 2538 1052 2576 in
1079 2537 1204 2576 rebus
1232 2537 1428 2576 omnibus
1456 2538 1710 2577 tolerantem

116 2601 205 2627 esse
225 2589 361 2628 virtus
381 2591 451 2636 sit,
472 2590 539 2629 hic
560 2590 823 2630 dissimulare
843 2592 900 2630 sit
919 2592 1128 2642 impietas
1728 2614 1768 2645 23

170 2641 264 2681 Iam
287 2643 473 2682 seculum
498 2644 576 2683 hoc
601 2657 725 2684 omne
749 2658 834 2696 quo
858 2645 982 2684 diuus
1006 2646 1118 2684 vixit
1142 2645 1439 2696 Hieronymus,
1466 2646 1708 2685 incredibile

116 2695 235 2735 dictu
259 2701 519 2748 quantopere
543 2699 799 2738 tumultibus
823 2712 871 2738 ac
895 2699 1152 2738 factionibus
1175 2700 1482 2739 haeretieorum
1507 2699 1705 2752 flagrarit,

115 2750 220 2789 adeo
236 2755 285 2789 vt
298 2751 379 2789 illis
393 2752 654 2802 temporibus
668 2754 883 2804 ingeniosa
898 2766 1066 2804 quoque
1081 2766 1146 2792 res
1160 2753 1288 2792 fuerit
1302 2767 1390 2792 esse
1406 2753 1704 2794 Christianum.

114 2804 197 2845 Tot
218 2809 340 2844 crant
362 2804 747 2846 haeresiarcharum
768 2809 954 2854 nomina,
979 2808 1242 2858 cognomina,
1266 2808 1481 2859 dogmata,
1507 2813 1556 2848 vt
1578 2810 1621 2848 in
1643 2809 1707 2848 his

113 2860 243 2899 etiam
259 2859 521 2898 recensendis
537 2860 785 2900 sudauerint
799 2861 990 2900 homines
1004 2861 1173 2900 eruditi.
1231 2861 1387 2901 Verum
1404 2862 1705 2915 Cataphryges‚
1729 2887 1770 2917 30

162 2998 256 3030 1450.
283 3005 334 3037 75.
361 2994 525 3039 epistola]
549 2996 613 3038 Ep.
639 3006 714 3036 704.
946 3000 1036 3030 1451.
1066 3006 1116 3037 30.
1143 2996 1397 3040 Cataphrygcs]
1421 3009 1459 3031 or
1482 2999 1705 3039 Montanists‚

172 3070 264 3102 4525
870 3066 902 3094 H
924 3054 951 3094 h
