2012 3370
629 161 702 201 TO
729 159 948 201 CASPAR
979 161 1162 200 HEDIO
1672 159 1747 196 481

152 165 275 214 1459]

150 273 257 312 bant
285 272 515 324 prophetas
545 271 663 317 BaaL
694 282 804 321 quur
833 268 1090 308 addiderunt
1120 269 1277 306 crinem
1306 271 1540 313 attonsum,
1572 265 1751 303 vertices

151 339 281 374 raSOS,
302 327 458 366 lineam
478 330 654 371 vestem,
676 325 849 364 mitram
869 324 1021 362 horum
1040 322 1321 373 temporum‘?
1354 320 1413 359 Et
1433 333 1500 359 me
1520 319 1753 371 pinxerunt

152 381 262 433 pileo
301 381 381 420 sub
421 384 566 420 mento
603 379 794 430 religato,
836 378 967 417 serico
1005 377 1207 427 imposito
1247 375 1446 421 humeris,
1487 378 1532 413 et
1570 373 1754 413 brachiis

151 449 174 474 e
205 435 334 487 pallio
365 435 597 487 porrectis:
645 434 703 473 sic
735 433 847 471 enim
878 431 965 470 fere
997 430 1123 476 color,
1156 430 1405 481 praesertim
1436 428 1566 474 domi,
1599 431 1644 466 et
1674 427 1754 466 hoc

152 490 270 529 cultu
293 502 409 529 eram
432 502 565 541 quum
588 501 655 527 me
678 486 886 526 salutaret
910 484 1037 525 Otho,
1090 484 1208 523 Haec
1231 497 1308 535 ego
1331 483 1503 535 quidem
1525 482 1656 528 rideo,
1681 480 1755 519 sed
1774 490 1815 522 30

152 547 299 583 tamen
315 544 508 583 indicant
523 544 717 589 istorum,
737 553 844 593 quos
861 544 911 579 tu
930 538 1215 578 subleuandos
1233 542 1374 589 putas,
1394 537 1755 588 peruersissimam

154 598 436 638 voluntatem.
514 597 582 636 An
630 609 706 635 vos
757 594 928 634 creditis
977 593 1137 632 talibus
1187 592 1411 643 praesidiis
1460 602 1756 643 processurum

154 652 376 704 Euangeh'i
402 652 661 703 negocium?
723 649 858 700 Magis
892 651 1037 687 metuo
1070 660 1123 686 ne
1156 646 1309 686 talium
1343 645 1478 684 stulta
1512 645 1680 683 malicia
1713 647 1757 682 et

152 707 369 746 maliciosa
390 706 579 746 stulticia
601 704 825 744 subuertat
847 715 981 754 quum
1004 701 1138 740 bonas
1159 701 1317 747 literas,
1341 704 1436 739 tum
1460 698 1755 750 Euangelium,

152 762 187 800 si
212 760 301 800 fieri
325 761 472 812 possit,
498 764 542 799 et
566 772 643 798 vos
668 762 940 808 vestramque
965 756 1186 795 ciuitatem
1212 753 1443 805 aliquando
1467 752 1690 804 pertrahat
1714 752 1758 790 in
1777 760 1815 792 35

153 827 282 866 graue
302 814 540 854 discrimen.

209 868 394 916 Scottus,
432 868 586 920 inquis,
624 867 756 906 habet
793 877 969 905 vxorem
1005 868 1050 903 et
1086 867 1254 902 teneros
1290 861 1457 900 liberos.
1523 861 1639 899 Num
1674 859 1760 897 ista

153 924 372 962 excusatio
390 921 587 961 videatur
604 921 731 967 iusta,
751 920 785 958 si
804 919 965 958 scriniis
984 918 1087 956 meis
1105 915 1291 955 effractis
1309 914 1550 954 sustulisset
1567 927 1719 953 aurum
1741 914 1756 949 ⁶?

154 976 252 1015 Non
276 976 439 1027 opinor.
494 975 551 1014 Et
575 978 722 1013 tamen
747 974 826 1012 hoc
851 972 967 1024 quod
990 971 1097 1010 facit
1120 970 1243 1022 longe
1268 969 1512 1009 sceleratius
1536 972 1614 1006 est.
1669 966 1762 1005 Nisi

153 1029 264 1069 forte
288 1034 416 1081 putas
440 1029 543 1068 mihi
566 1028 727 1067 famam
750 1041 839 1066 esse
863 1026 1055 1065 viliorem
1078 1025 1272 1076 pecunia.
1325 1023 1369 1063 Si
1391 1023 1512 1062 deest
1536 1021 1648 1060 vnde
1672 1020 1761 1059 alat
1777 1031 1820 1062 40

152 1083 320 1131 liberos,
350 1084 575 1123 mendicet.
634 1082 786 1128 Pudet,
815 1081 994 1132 inquies
1051 1080 1110 1119 Et
1137 1077 1381 1118 huiusmodi
1408 1077 1647 1116 facinorum
1674 1087 1761 1113 non

154 1138 326 1189 pudet?
379 1138 619 1177 Prostituat
654 1149 843 1183 vxorem,
880 1140 925 1174 et
959 1134 1015 1173 ad
1051 1134 1200 1173 calices
1235 1132 1431 1184 vigilanti
1465 1143 1570 1170 naso
1605 1133 1762 1169 stertat

155 1192 362 1231 adultero.
410 1191 644 1237 Nefarium,
665 1191 818 1241 inquis.
867 1189 1001 1240 Magis
1019 1188 1229 1228 nefarium
1248 1190 1314 1226 est
1333 1185 1448 1237 quod
1466 1185 1584 1224 facit.
1632 1183 1762 1222 Nulla

154 1246 223 1285 lex
258 1247 384 1297 punit
420 1246 559 1296 capite
595 1246 669 1296 qui
705 1257 881 1283 vxorem
916 1243 1180 1294 prostituat3
1233 1245 1280 1280 at
1315 1239 1543 1292 capitalem
1579 1249 1761 1289 poenam

155 1300 417 1339 denunciant
439 1312 584 1339 omnes
604 1300 656 1338 iis
678 1300 751 1350 qui
773 1298 936 1337 libellos
958 1297 1120 1336 aedunt
1140 1296 1339 1334 famosos.
1392 1294 1429 1333 A
1451 1307 1518 1332 me
1539 1304 1761 1342 nunquam
1778 1302 1819 1334 43

156 1354 288 1394 verbo
310 1353 448 1393 laesus
472 1358 549 1401 est,
574 1354 655 1392 nisi
678 1353 790 1392 laedi
813 1365 856 1391 se
880 1356 1009 1403 putat
1032 1350 1148 1402 quod
1172 1349 1406 1389 Frobenius
1430 1347 1604 1387 excudit
1627 1346 1762 1384 bonos

157 1412 340 1456 autores,
358 1408 461 1447 dum
478 1409 560 1446 iste
577 1407 700 1446 nobis
718 1408 823 1447 nihil
842 1406 919 1444 dat
936 1406 1018 1444 nisi
1035 1405 1216 1444 furiosas
1234 1404 1421 1442 naenias.
1470 1401 1580 1441 Sunt
1598 1402 1642 1438 in
1662 1399 1762 1438 orbe

157 1467 227 1503 tot
241 1467 419 1509 Veteres,
436 1466 505 1501 tot
519 1462 621 1500 noui
635 1460 766 1500 libelli
786 1475 794 1507 ;
825 1464 902 1499 aut
917 1460 1119 1498 restituat
1139 1463 1317 1504 veteres,
1340 1460 1417 1495 aut
1436 1456 1593 1507 prodat
1613 1467 1761 1493 nouos.

156 1516 278 1557 Solus
300 1516 370 1556 ille
392 1515 687 1568 typographus
710 1528 797 1554 non
820 1514 952 1553 habet
976 1513 1088 1552 vnde
1112 1512 1201 1551 alat
1225 1524 1400 1551 vxorem
1424 1514 1469 1549 et
1491 1509 1657 1555 liberos,
1683 1508 1764 1546 nisi

156 1572 243 1610 suis
269 1570 420 1610 libellis
448 1570 685 1610 confundat
711 1570 892 1608 omnia?
949 1568 1007 1606 Et
1034 1581 1101 1606 me
1128 1567 1341 1605 fautorem
1369 1564 1595 1604 habiturus
1622 1566 1700 1608 est,
1729 1562 1764 1600 si
1784 1573 1823 1605 50

157 1625 347 1677 proferat
362 1638 471 1677 quae
490 1625 656 1676 prosint
675 1623 855 1675 publicis
877 1622 1123 1662 commodis.
1174 1621 1287 1660 Nam
1303 1632 1379 1671 ego
1395 1617 1763 1670 typographorum

158 1681 347 1731 pecuniis
387 1692 474 1719 non
514 1691 628 1730 egeo,
671 1678 809 1729 gratia
850 1678 1025 1728 superis.
1095 1675 1239 1715 Gratis
1278 1674 1405 1713 faueo
1446 1673 1569 1712 bonis
1609 1670 1764 1710 studiis

157 1738 331 1773 tantum
358 1733 480 1772 abest
505 1737 556 1772 Vt
582 1745 730 1772 verum
757 1733 814 1772 sit
840 1731 956 1783 quod
982 1731 1034 1769 de
1061 1729 1272 1769 Frobenio
1298 1728 1466 1779 scripsit
1491 1728 1573 1766 iste
1598 1724 1761 1764 rabula.

158 1787 241 1828 Sed
270 1788 393 1839 longe
424 1788 576 1826 vanius
606 1791 672 1826 est
702 1786 818 1837 quod
848 1787 984 1825 iactat
1014 1785 1066 1823 de
1097 1783 1270 1836 praeda.
1330 1782 1397 1821 Ex
1429 1781 1604 1820 Lutheri
1637 1791 1765 1818 causa

159 1843 373 1882 teruntius
402 1841 457 1881 ad
486 1855 553 1881 me
581 1854 668 1880 non
689 1841 829 1879 rediit.
881 1839 997 1879 Nihil
1025 1851 1110 1877 non
1131 1838 1285 1889 respui,
1309 1849 1362 1875 ne
1384 1836 1494 1875 forte
1516 1833 1764 1885 imprudens
1785 1845 1821 1877 55

158 1909 438 1948 repugnarem
476 1896 645 1947 spiritui
677 1895 862 1941 Christi3
913 1907 989 1932 nec
1023 1905 1215 1944 vnquam
1247 1891 1359 1930 illius
1393 1889 1763 1929 commendatione

157 1950 298 1990 factus
318 1964 412 1989 sum
432 1950 518 2001 pilo
538 1950 679 1989 ditior.

214 2005 386 2044 Fouetis
420 2003 540 2044 illum
577 2003 836 2054 Euangelici,
873 2003 946 2053 qui
982 2006 1191 2052 tanquam
1227 2000 1355 2038 draco
1390 1997 1564 2037 rabidus
1600 1995 1763 2034 dudum

159 2060 330 2099 emersit
351 2072 403 2098 ex
425 2063 562 2106 antro,
586 2062 630 2097 et
651 2057 790 2096 ebrius
811 2057 983 2096 licentia
1005 2060 1133 2107 putat
1154 2055 1240 2094 suis
1261 2054 1429 2092 furiosis
1451 2052 1576 2091 minis
1598 2062 1765 2090 cessura

159 2114 315 2153 omnia.
362 2113 443 2161 Qui
459 2114 644 2164 primum
659 2113 915 2152 inuexerunt
932 2110 1092 2149 mundo
1110 2109 1404 2160 Euangelium,
1422 2107 1530 2146 tales
1546 2104 1765 2144 furciferos
1782 2110 1826 2138 60

160 2181 246 2208 non
275 2168 440 2219 dignati
467 2167 648 2206 fuissent
677 2167 875 2217 alloquio.
935 2165 1100 2216 Capito,
1131 2165 1232 2203 noui
1263 2162 1485 2213 Euangelii
1514 2161 1764 2211 Episcopus,

159 2235 246 2262 non
271 2221 459 2261 habebat
484 2222 587 2260 alias
613 2221 783 2261 delicias
809 2219 964 2272 quibus
990 2233 1032 2258 se
1059 2218 1305 2265 oblectaret,
1336 2229 1467 2268 quam
1492 2213 1766 2266 perditissimi

162 2277 397 2316 decoctoris
432 2277 646 2323 conuictu,
674 2289 726 2314 ne
762 2275 866 2326 quid
901 2274 1072 2313 addam.
1136 2272 1254 2312 Nihil
1287 2272 1455 2310 inimice
1491 2270 1680 2319 suspicor
1715 2267 1766 2305 de

206 2417 260 2448 42.
286 2407 386 2448 naso]
401 2407 451 2440 Cf.
466 2407 549 2440 Juv.
570 2417 596 2439 1.
616 2416 665 2449 57.

206 2462 259 2492 44.
287 2452 490 2494 capitalem]
507 2451 557 2485 of.
576 2451 641 2493 Ep.
664 2460 759 2492 1053.
776 2460 852 2491 421.

997 2406 1236 2447 <Huttenus>‚
1268 2406 1409 2446 poterat
1439 2413 1474 2434 se
1505 2401 1691 2443 applicare,
1724 2404 1766 2432 vt

995 2453 1047 2487 tu,
1089 2449 1251 2481 Romano
1293 2447 1466 2483 Pontifici,
1509 2443 1764 2480 Cardfflalibus,

211 2503 260 2537 53.
287 2495 330 2527 de
353 2494 539 2534 Frobenio]
561 2494 724 2527 Brunfels
745 2494 815 2527 had
837 2495 928 2526 writ-

165 2542 226 2571 ten
249 2538 339 2578 (ΗΕ.
367 2547 441 2579 334,
465 2549 498 2580 p.
525 2546 598 2578 343.
626 2540 727 2578 3-4):
766 2537 774 2550 ‘
790 2538 931 2577 Quanto

165 2582 260 2614 fastu
277 2586 313 2614 te
329 2592 422 2614 nunc
437 2582 538 2614 fouet
553 2581 710 2614 Basileae
728 2581 930 2617 Frobenius,

167 2626 227 2657 vix
258 2624 488 2657 ducentorum
520 2635 704 2658 aureorum
735 2623 930 2666 sumptu!‘

170 2669 236 2700 For
262 2668 438 2700 Erasmus'
469 2668 626 2700 business
653 2668 819 2700 relations
847 2668 932 2700 with

169 2711 303 2744 Froben
324 2722 380 2744 see
402 2711 493 2753 Epp.
522 2714 616 2750 1289.
642 2720 718 2751 33n,
741 2712 834 2751 1316.
855 2713 932 2750 3811.

172 2757 264 2797 1528.
284 2763 377 2796 52—5.
425 2755 462 2787 It
477 2765 547 2786 was
560 2765 606 2787 no
619 2755 733 2787 doubt
744 2754 830 2787 such
843 2765 933 2796 open

168 2799 333 2831 criticism
357 2797 469 2830 which
493 2798 680 2839 prompted
704 2798 871 2830 Erasmus
896 2801 934 2829 to

168 2842 228 2875 the
258 2841 410 2874 detailed
440 2844 634 2874 statement
663 2841 777 2873 added
807 2842 843 2872 in
874 2840 934 2872 the

166 2886 294 2918 second
320 2885 453 2917 edition
479 2884 515 2917 of
541 2884 615 2916 oar.
643 2885 721 2916 Luc.
752 2886 790 2924 (1,
817 2895 850 2926 p.
877 2893 933 2924 45.

167 2931 282 2970 8-411

217 2980 269 3013 54.
295 2972 338 3004 de
370 2971 514 3013 praeda]
546 2971 623 3003 HE.
659 2980 733 3012 334,
767 2981 824 3012 pp.
861 2980 932 3011 332.

169 3024 354 3057 47-333.3:
383 3014 391 3027 ‘
404 3016 503 3054 Quod
521 3015 549 3046 si
567 3015 611 3046 ad
630 3018 816 3055 quaestum
839 3018 874 3045 (et
891 3014 934 3046 ad

172 3070 314 3091 munera
350 3064 387 3092 et
421 3060 550 3101 stipem
588 3058 755 3090 voluisset
789 3057 936 3090 scribere

227 3133 322 3164 4525

996 2492 1188 2535 Anglorum
1220 2491 1331 2533 Regi:
1376 2499 1489 2531 neque
1521 2488 1647 2520 dubito
1679 2487 1764 2527 quin

996 2536 1188 2579 magnificis
1226 2535 1388 2576 praemiis
1426 2533 1601 2565 hominem
1639 2531 1763 2562 donas-

995 2584 1086 2617 sent,
1097 2581 1126 2611 si
1138 2579 1260 2612 stilum
1271 2578 1481 2610 exercuisset
1497 2576 1533 2607 in
1545 2574 1761 2606 Lutherum.'

996 2624 1046 2656 Cf.
1070 2623 1160 2664 Epp.
1189 2632 1282 2662 1342.
1306 2624 1385 2661 (344,
1414 2628 1504 2660 1435.
1528 2621 1644 2659 16—17‚
1668 2627 1760 2658 1437.

1001 2677 1071 2709 172,
1093 2675 1185 2707 1477.
1205 2668 1235 2697 8.

1043 2711 1092 2750 56.
1120 2705 1438 2745 commendatione]
1455 2706 1502 2738 As
1518 2706 1554 2736 in
1571 2705 1736 2746 Ep.1033.

1040 2755 1092 2785 61.
1119 2751 1328 2794 Episcopus]
1367 2750 1438 2782 The
1481 2748 1667 2789 strasburg
1714 2758 1762 2779 re-

995 2797 1140 2829 formers
1169 2796 1239 2827 had
1266 2798 1331 2826 not
1357 2798 1419 2835 yet
1446 2791 1602 2833 adopted
1629 2801 1700 2831 any
1728 2791 1764 2823 of

997 2840 1057 2872 the
1083 2839 1141 2871 old
1167 2838 1264 2870 titlcs
1289 2837 1343 2869 for
1369 2837 1460 2868 their
1485 2846 1560 2867 new
1587 2835 1762 2877 organiza-

997 2885 1072 2916 tion
1089 2895 1097 2920 ;
1121 2893 1160 2914 so
1173 2882 1254 2914 that
1266 2881 1345 2912 here
1358 2880 1428 2912 and
1441 2880 1475 2911 in
1490 2879 1579 2920 Epp.
1599 2880 1691 2918 1482.
1714 2885 1762 2911 w.

1002 2928 1094 2967 1485.
1113 2927 1145 2962 6,
1165 2926 1330 2957 Erasmus
1347 2925 1463 2956 writes
1479 2923 1515 2954 in
1531 2931 1693 2954 sareasm.

1041 2971 1094 3011 63.
1121 2967 1328 3007 decoctoris]
1340 2966 1516 3007 Probably
1527 2964 1743 3007 Eppendorff
1756 2978 1762 2996 :

998 3013 1052 3045 for
1078 3012 1232 3053 Capito’s
1259 3012 1427 3051 intimacy
1456 3010 1540 3042 with
1569 3009 1681 3041 whom
1709 3019 1763 3040 sce

1001 3057 1065 3099 Ep.
1088 3065 1178 3097 1437.
1197 3065 1338 3095 99-101.

947 3114 997 3154 ii
