2033 3395
335 178 384 216 36
806 180 1061 220 LETTERS
1093 180 1165 220 oF
1195 180 1458 221 ERASMUS
1807 184 1929 232 [1522

387 286 622 338 Episcopus
643 288 851 327 Pallencie
873 291 1120 339 cognomine
1141 290 1273 338 Mota,
1297 290 1526 342 Hispanus,
1549 291 1707 330 salutes
1729 290 1932 342 plurimas

276 357 310 390 15
331 353 407 379 suo
427 343 597 382 nomine
618 356 684 382 me
707 343 785 381 tibi
808 343 979 382 mittere
1000 345 1135 383 iussit.
1195 345 1356 385 Iterum
1378 346 1471 386 vale
1492 359 1543 386 ex
1567 345 1767 385 Bruxella
1788 346 1932 384 martii

331 394 495 435 Vltima.
554 397 591 436 A
615 397 770 436 Christi
793 398 1035 437 natiuitate.
1060 409 1176 448 1521.

384 450 607 500 <E>rasmo
630 451 933 498 Roterodamo,
957 453 1048 491 viro
1071 453 1392 493 litteratissimo.

750 659 955 709 12551270.
1019 667 1162 710 FROM
1194 668 1416 710 CHARLES
1449 667 1501 710 V·

374 734 616 779 Paraphrasis
634 736 671 769 in
690 736 936 775 Matthaeum‚
963 747 1072 780 1523,
1092 738 1151 773 tit.
1172 741 1215 771 v0
1234 738 1294 781 (a).
1656 738 1835 772 Brussels.

376 793 545 827 Brussels
560 792 648 833 Ms„
669 793 743 828 ser.
764 796 800 829 ii.
818 806 879 839 53,
899 795 924 830 f.
952 798 997 830 16
1019 797 1084 839 (β).
1604 805 1618 829 1
1643 795 1751 840 April
1773 805 1880 840 1522.

375 859 420 899 [A
437 859 542 890 letter
561 859 597 891 of
615 859 959 902 acknowledgemcnt
979 862 1032 894 for
1051 861 1110 893 the
1130 861 1347 903 Paraplirase
1367 872 1412 893 on
1432 861 1601 893 Matthew
1622 862 1700 903 (Ep.
1726 871 1762 894 12
1767 872 1783 904 5
1790 864 1836 904 5),
1856 862 1931 894 first

332 902 474 944 printed
496 904 545 942 (α)
567 904 602 934 in
624 903 684 934 the
706 904 842 936 Froben
864 908 990 937 octavo
1012 905 1143 937 edition
1165 906 1201 937 of
1235 915 1329 946 1523,
1354 904 1361 917 ‘
1377 915 1437 946 per
1457 905 1498 937 D.
1524 905 1709 937 Erasmum
1732 906 1814 938 Rot.
1837 916 1930 938 nunc

327 945 442 978 denuo
460 948 636 988 recognita
652 947 658 959 '
677 959 684 984 ;
715 948 785 980 and
803 951 877 988 not,
895 959 933 980 so
951 950 1004 980 far
1021 959 1059 980 as
1076 949 1093 980 I
1112 949 1226 988 know,
1244 950 1279 981 in
1297 959 1368 990 any
1385 949 1485 980 other
1501 952 1770 991 contemporary
1786 949 1928 982 edition.

326 989 437 1021 There
451 990 479 1022 is
492 990 566 1021 also
581 1001 601 1021 a
615 994 884 1033 contemporary
897 1003 960 1024 ms.
976 1003 1066 1034 copy
1081 994 1131 1032 (β)
1146 994 1182 1025 in
1197 992 1466 1024 Geldenhauer's
1481 992 1685 1025 collectanea
1701 993 1767 1033 (ed.
1783 993 1815 1025 J.
1833 993 1929 1025 Prin·

327 1043 363 1107 ἓξ
366 1042 581 1108 ‘zassffiass'ss‘
585 1058 590 1066 '
599 1037 650 1109 «ὅέ
655 1037 738 1109 2³31?
741 1035 840 1110 ὓ1ζέΐί
845 1035 1139 1112 ἷῗέἲὲᾞέῥῖἒῖἒῗ
1136 1036 1319 1111 f'issffffijssff
1322 1036 1429 1111 di)
1434 1061 1442 1075 ’
1456 1036 1930 1112 ἕίζῖἐξίῗιιέἓῗψὲᾗῗὲοῗέ

327 1087 377 1151 Mi
399 1089 765 1161 Guidone’Mor‘ssontli),
789 1132 810 1153 a
832 1123 973 1154 secretis
987 1123 1007 1154 ’.
1055 1123 1103 1154 As
1126 1124 1154 1154 it
1177 1106 1287 1154 segms
1314 1105 1530 1164 improbable
1554 1123 1635 1154 that
1658 1105 1929 1156 Gelde'znhauer’s

328 1173 419 1205 copy
437 1173 509 1195 was
527 1164 630 1195 made
649 1164 739 1196 from
759 1164 819 1196 the
839 1166 984 1207 original
998 1170 1076 1198 sent
1091 1170 1129 1198 to
1145 1166 1312 1198 Erasmus
1336 1169 1374 1198 at
1398 1166 1515 1206 Baslc,
1528 1165 1546 1197 I
1562 1166 1652 1198 have
1674 1167 1825 1199 inferred
1848 1167 1929 1199 that

329 1207 356 1238 it-
372 1216 442 1238 was
457 1206 564 1239 taken
579 1207 669 1239 from
685 1208 745 1240 the
761 1209 900 1250 printed
917 1209 1020 1249 book,
1036 1209 1106 1242 and
1121 1209 1212 1242 have
1227 1209 1398 1242 therefore
1415 1209 1536 1251 placed
1553 1211 1581 1242 it
1597 1210 1688 1242 after
1703 1223 1733 1242 α.

371 1249 454 1282 This
474 1250 579 1282 letter
600 1251 670 1283 and
692 1251 809 1284 others
830 1254 970 1286 written
991 1256 1030 1285 at
1051 1253 1112 1285 the
1132 1263 1229 1285 same
1250 1254 1335 1285 time
1357 1264 1415 1286 are
1437 1253 1637 1286 mentioned
1659 1255 1694 1286 in
1717 1254 1806 1296 Epp.
1835 1263 1928 1296 1299.

330 1301 382 1334 373
403 1301 504 1333 1300.
523 1294 577 1334 56,
597 1303 690 1335 1323.
715 1295 764 1333 16,
787 1305 880 1337 1331.
904 1305 956 1337 10,
977 1306 1069 1338 1342.
1090 1298 1180 1337 251.]

330 1390 543 1421 CAROLVS
567 1390 739 1421 DIVINA
763 1392 1042 1422 CLEMENTIA
1065 1393 1274 1424 ELECTVS
1299 1394 1607 1424 ROMANORVM
1628 1395 1923 1435 IMPERATOR,

444 1448 636 1478 SEMPER
665 1449 924 1489 AVGVSTVS,
955 1451 1234 1489 HISPANIAE,
1264 1452 1532 1489 VTRIVSQVE
1566 1452 1786 1491 SICILIAE,
1819 1453 1922 1484 ETC.

444 1506 559 1546 REX,
593 1507 847 1538 ARCHIDVX
874 1508 1125 1549 AVSTRIAE,
1160 1509 1262 1539 DVX
1293 1510 1624 1550 BVRGVNDIAE,
1657 1509 1760 1540 ETC.

382 1569 709 1618 Honomfflms,
743 1571 890 1619 fidelis,
926 1572 1090 1613 dilecte.
1152 1573 1387 1612 Plurimum
1420 1586 1497 1612 nos
1535 1573 1766 1613 delectauit
1797 1573 1924 1613 Para-

323 1623 489 1674 phrasis
505 1628 583 1664 tua
598 1625 642 1664 in
660 1626 939 1678 Euangelium
957 1627 1047 1667 diui
1062 1628 1273 1667 Matthaei
1288 1641 1423 1679 nuper
1440 1628 1595 1675 aedita,
1614 1641 1700 1667 non
1716 1633 1807 1668 tam
1825 1630 1927 1680 quia

323 1679 486 1717 nomini
501 1683 647 1718 nostro
665 1680 808 1720 dicata
825 1686 890 1721 est
907 1695 1038 1733 quam
1055 1682 1172 1734 quod
1199 1683 1393 1734 grauium
1411 1682 1719 1734 doctorumque
1737 1683 1925 1722 virorum

323 1731 478 1771 iudicio
518 1746 771 1786 magnopere
811 1735 1012 1776 laudatur
1032 1750 1040 1783 ;
1097 1750 1145 1776 eo
1185 1737 1370 1776 maxime
1408 1737 1579 1776 nomine
1618 1737 1734 1789 quod
1772 1738 1925 1789 insigni

286 1807 301 1840 5
324 1787 511 1837 quadam
529 1789 765 1829 eruditione
783 1790 1064 1842 Euangelicae
1081 1791 1299 1831 doctrinae
1316 1792 1549 1843 puritatem
1567 1792 1819 1843 exprimens,
1838 1805 1923 1831 non

324 1853 475 1891 parum
495 1842 696 1882 vtilitatis
716 1857 858 1884 sacrae
878 1845 1114 1897 theologiae
1131 1846 1331 1885 studiosis
1351 1859 1399 1885 ac
1420 1847 1640 1885 vniuersae
1661 1846 1924 1886 Christianae

324 1895 513 1946 religioni
549 1897 607 1936 sit
644 1898 838 1938 allatura.
904 1900 1018 1939 Nam
1056 1913 1153 1939 cum
1189 1901 1234 1939 'm
1270 1900 1440 1952 reliquis
1478 1900 1717 1940 studiorum
1749 1905 1922 1940 tuorum

324 1951 623 1998 monumentis,
653 1952 811 2004 vbique
838 1953 1071 2002 celebratis,
1100 1967 1299 2006 magnam
1326 1954 1495 1994 laudem
1523 1956 1733 2002 merearis,
1762 1955 1923 1994 nullam

323 2008 469 2043 tamen
498 2005 728 2056 pleniorem
759 2008 1079 2060 vberioremque
1109 2022 1239 2060 quam
1269 2023 1321 2048 ex
1350 2010 1443 2048 istis
1472 2010 1558 2048 tuis
1587 2008 1923 2061 Paraphrasibus

266 2077 305 2100 10
323 2058 470 2097 tulisse
492 2059 682 2099 crederis.
734 2061 1011 2113 Agnoscimus
1035 2068 1179 2102 autem
1202 2064 1403 2115 priuatim
1427 2063 1584 2102 multas
1607 2068 1650 2103 et
1672 2063 1924 2103 excellentes

323 2112 480 2163 ingenii
498 2114 564 2152 tui
579 2114 700 2154 dotes
715 2117 873 2166 partim
893 2117 1243 2167 illustriss<imae>
1256 2119 1483 2157 memoriae
1499 2118 1618 2169 Regi,
1635 2119 1748 2169 patri
1760 2123 1920 2165 nostro,

326 2167 484 2216 partim
498 2168 620 2206 nobis
631 2175 984 2220 repraesentatas.
1026 2171 1138 2210 Nam
1152 2176 1196 2211 et
1208 2172 1267 2210 illi
1279 2172 1588 2223 Panegyricum
1601 2176 1645 2212 et
1659 2173 1782 2212 nobis
1794 2173 1921 2212 Insti-

324 2221 536 2260 tutionem
572 2222 673 2261 boni
707 2228 752 2263 et
787 2224 1013 2264 Christiani
1048 2226 1254 2277 Principis
1283 2226 1526 2273 exhibuisti,
1556 2240 1642 2265 non
1675 2231 1848 2266 tantum
1876 2228 1921 2266 in

324 2274 589 2325 splendorem
602 2278 783 2316 nominis
795 2280 929 2318 nostri
942 2279 1015 2319 sed
1028 2280 1157 2319 etiam
1171 2280 1222 2319 ad
1239 2280 1470 2319 vtilitatem
1486 2285 1765 2331 posterorum.
1807 2281 1920 2333 Ergo

266 2348 302 2381 15
323 2328 523 2369 interesse
552 2330 773 2382 dignitatis
792 2338 962 2373 nostrae
993 2334 1250 2373 arbitramur
1272 2347 1346 2386 per
1374 2336 1612 2374 occasiones
1639 2348 1808 2374 omnem
1839 2335 1920 2374 tibi

323 2383 628 2433 gratitudinem
648 2386 881 2434 ostendere,
902 2388 1184 2440 intelligentes
1205 2389 1405 2427 nimirum
1434 2402 1633 2440 magnam
1656 2390 1919 2440 ingeniorum

322 2436 570 2477 felicitatem
605 2439 713 2479 hanc
749 2454 849 2488 esse,
886 2446 936 2481 vt
969 2454 1141 2481 suarum
1176 2444 1387 2483 virtutum
1425 2447 1642 2482 amantem
1686 2444 1918 2495 principem

323 2492 607 2542 experiantur.
687 2494 857 2535 Interea
887 2496 968 2547 piis
1005 2497 1229 2536 conatibus
1266 2502 1311 2537 et
1348 2498 1565 2549 proposito
1603 2498 1674 2537 is†i
1711 2501 1788 2537 tuo
1825 2503 1916 2537 tam

322 2549 437 2584 recto
460 2550 505 2586 et
526 2547 621 2586 vtili
642 2548 778 2588 modis
801 2550 996 2589 omnibus
1028 2551 1280 2598 fauebimus,
1304 2551 1627 2603 fouebimusque
1649 2552 1853 2603 quicquid
1874 2552 1918 2591 in

261 2617 306 2640 20
322 2599 477 2639 Christi
494 2601 697 2642 honorem
717 2608 761 2643 et
780 2603 1113 2644 Christianorum
1133 2605 1314 2645 salutem
1337 2606 1413 2645 abs
1435 2610 1479 2645 te
1497 2606 1661 2645 factum
1682 2606 1915 2646 audiemus.

376 2653 538 2694 Datum
560 2655 796 2704 Bruxellae,
820 2659 957 2709 prima
978 2660 1144 2711 Aprilis.
1175 2671 1388 2699 M.D.XX11.

1326 2714 1507 2754 Charles.

1522 2768 1571 2808 G.
1601 2768 1859 2808 Morillonus.

369 2857 467 2889 1270.
495 2866 560 2890 TIT.
587 2869 649 2892 om.
663 2864 695 2894 β.
775 2862 804 2894 8.
831 2861 960 2904 vbique
971 2862 1152 2896 celebratis
1162 2874 1224 2896 om.
1238 2866 1272 2898 β.
1361 2872 1412 2902 14.
1439 2868 1656 2905 posterorum
1672 2863 1861 2896 vtilitatem
1879 2867 1911 2899 Β.

320 2909 373 2932 21.
391 2909 556 2933 M.D.xx:t1
572 2914 612 2934 a:
636 2912 733 2936 MD22
749 2906 782 2938 β.
919 2914 972 2939 22.
992 2906 1131 2939 Charles
1148 2930 1156 2938 .
1177 2931 1183 2938 .
1204 2932 1211 2940 .
1229 2915 1283 2947 23.
1302 2906 1343 2940 G.
1359 2907 1561 2940 Morillonus
1577 2917 1629 2938 om
1655 2908 1690 2941 Β.

365 3002 464 3035 1269.
496 3011 549 3041 14.
575 3003 688 3045 Mota]
703 3005 765 3038 See
781 3016 830 3048 pp
859 3015 911 3047 34,
928 3018 979 3049 42.
1237 3008 1518 3049 Institutionem]
1533 3009 1596 3042 See
1612 3009 1677 3051 Ep.
1696 3019 1771 3052 393.

365 3046 464 3078 1270.
495 3054 546 3078 12.
573 3046 843 3090 Panegyricum]
853 3051 915 3084 See
926 3051 991 3092 Ep.
1005 3062 1076 3094 179.
1195 3059 1238 3091 23
1274 3052 1493 3093 Morillonus]
1509 3053 1571 3086 See
1588 3052 1654 3095 Ep.
1675 3060 1735 3093 532
1754 3053 1880 3087 introd.
