2012 3370
250 111 326 149 164
715 111 970 152 LETTERS
1001 111 1074 152 OF
1102 111 1367 153 ERASMUS
1716 115 1841 166 [1523

247 221 325 263 (Ep.
348 224 456 262 1357),
474 221 627 261 through
645 222 746 253 Bern.
766 221 803 252 of
818 220 913 258 Cles;
938 221 993 253 for
1009 221 1150 263 Lupset'
1154 231 1170 253 s
1190 224 1384 254 commenta
1405 225 1546 263 suggest
1562 222 1642 255 that
1658 224 1755 257 there
1771 224 1842 256 had

245 265 332 297 been
342 275 437 297 some
448 266 674 305 miscarriage.
701 265 867 296 Erasmus
877 265 1128 307 subsequently
1137 268 1216 297 sent
1225 275 1246 296 a
1255 275 1344 308 copy
1354 266 1515 307 properly
1525 266 1642 299 bound
1653 268 1732 310 (Ep
1747 269 1840 309 1376.

248 320 309 352 14·
314 311 377 350 16)
419 309 487 341 For
503 308 710 341 Fcrdinand'
714 319 730 340 s
743 308 833 350 gift·
825 318 861 340 m
877 308 1218 351 aeknowledgement
1234 319 1288 341 see
1306 309 1378 342 Cat.
1398 310 1476 341 Iszoe.
1498 310 1536 349 (Ι,
1556 320 1589 352 p.
1606 320 1661 350 44.
1684 312 1814 352 16-19).
1819 311 1832 352 ]

291 413 650 444 ILLVSTRISSIMO
680 412 895 442 PRINCIPI
925 413 970 442 D.
1004 413 1336 452 FERDINANDO,
1369 414 1603 443 AVSTRIAE
1633 414 1798 445 ARCHI-

420 472 677 509 STRATEGO,
710 471 883 501 CAROLI
912 470 1140 500 CAESARIS
1170 471 1417 510 GERMANO,
1451 472 1668 503 ERASMVS

798 529 1021 559 ROTEROD
1027 529 1152 559 AMVS
1179 529 1214 559 S.
1238 530 1283 559 D.

298 591 430 630 ANNO
469 591 681 641 superiore
719 589 1019 642 Paraphrasim
1053 591 1096 629 in
1128 590 1407 642 Euangelium
1445 591 1669 638 Matthaei,
1709 593 1844 655 magis

243 659 296 684 ex
325 647 558 685 autoritate
590 645 641 684 R.
673 645 725 684 D.
756 645 966 684 Matthaei
995 644 1162 684 Cardin.
1195 644 1448 684 Sedunensis
1472 659 1601 696 quam
1631 660 1683 685 ex
1711 648 1843 686 animi

244 701 326 739 mei
343 700 499 739 iudicio
516 713 797 751 susceperam,
816 699 1082 739 Ferdinande
1099 700 1338 751 principum
1355 701 1650 751 integerrime:
1685 702 1842 752 partim

245 754 360 805 quod
394 755 487 806 ipsa
522 756 722 794 maiestas
757 755 894 806 operis
928 754 1126 805 religione
1161 754 1348 805 quadam
1384 756 1574 794 animum
1611 768 1752 794 meum
1787 756 1842 794 ab

207 825 224 858 5
244 810 547 849 attrectatione
597 809 897 856 submoueret3
963 809 1121 859 partim
1171 808 1286 859 quod
1335 813 1380 848 et
1428 809 1583 860 alioqui
1636 810 1842 861 plurimae

244 865 471 915 variaeque
504 863 776 903 difficultates
809 863 1145 902 imbecillitatem
1180 876 1319 902 meam
1353 863 1432 902 sibi
1466 864 1596 915 probe
1631 865 1842 903 consciam

243 918 298 957 ab
321 918 603 970 aggrediendo
626 918 899 957 deterrerent.
958 917 1136 968 Iamque
1159 917 1263 956 mihi
1285 917 1462 956 videbar
1484 919 1529 956 in
1551 922 1693 957 totum
1717 918 1842 958 huius

242 974 404 1024 generis
429 973 656 1023 scriptione
681 972 921 1011 defunctus.
978 971 1140 1010 Tamen
1164 972 1304 1010 nescio
1329 984 1415 1022 quo
1439 976 1567 1023 paeto
1591 986 1735 1012 rursus
1760 973 1842 1012 hue

243 1040 310 1066 me
343 1027 529 1078 perpulit
563 1031 657 1066 tum
691 1027 916 1078 superioris
949 1025 1153 1065 audaciae
1187 1038 1415 1072 successus,
1451 1031 1545 1065 tum
1579 1040 1842 1066 summorum

187 1097 224 1120 10
242 1082 430 1120 virorum
459 1082 906 1132 autoritas—quorum
935 1080 1151 1120 voluntati
1179 1093 1266 1120 non
1293 1080 1537 1120 satisfacere
1575 1081 1679 1120 mihi
1717 1082 1840 1121 vehe-

242 1139 406 1175 menter
425 1136 482 1175 sit
499 1135 794 1182 inhumanum,
815 1135 938 1174 iussis
969 1147 1055 1174 non
1084 1147 1231 1186 parere
1259 1134 1379 1174 nefas
1409 1135 1580 1186 quidem
1611 1139 1770 1184 erat—,
1792 1140 1842 1176 vt

243 1189 415 1229 Ioannis
455 1189 735 1241 Euangelium
777 1189 833 1229 ad
872 1189 1054 1228 eundem
1094 1189 1269 1228 modum
1310 1189 1577 1241 explicarem.
1635 1190 1734 1229 Non
1773 1203 1841 1230 me

241 1244 434 1296 fugiebat
463 1249 627 1295 quanto
656 1245 787 1283 etiam
816 1245 1035 1296 augustior
1064 1248 1174 1283 esset
1203 1244 1328 1283 huius
1357 1245 1596 1296 argumenti
1626 1246 1839 1294 maiestas,

242 1299 358 1350 quod
394 1312 549 1351 magna
585 1313 637 1338 ex
674 1303 797 1350 parte
833 1302 1027 1338 versatur
1063 1299 1108 1337 in
1144 1298 1302 1338 abditis
1337 1298 1419 1338 illis
1455 1303 1634 1338 naturae
1671 1299 1840 1339 diuinae

187 1369 222 1402 15
242 1354 455 1405 mysteriis
484 1354 742 1400 enarrandis,
774 1357 818 1393 et
847 1353 973 1392 huius
1002 1352 1242 1392 admirabili
1272 1366 1368 1392 cum
1398 1358 1545 1392 nostra
1575 1355 1839 1394 commercio.

243 1407 345 1455 Quis
384 1409 496 1447 enim
535 1408 756 1447 hominum
794 1407 863 1447 vel
902 1408 1158 1459 cogitatione
1198 1408 1397 1458 consequi
1436 1408 1583 1459 possit,
1625 1409 1840 1459 quomodo

242 1461 370 1501 Pater
399 1462 514 1502 Deus
543 1463 631 1501 sine
660 1463 795 1509 initio,
835 1462 924 1501 sine
956 1462 1052 1508 fine,
1087 1474 1252 1513 semper
1288 1463 1435 1513 gignat
1473 1462 1626 1501 Filium
1665 1463 1837 1502 Deum?

240 1516 285 1556 in
304 1529 430 1567 quem
450 1529 653 1568 generans
672 1518 730 1556 sic
750 1530 793 1556 se
812 1520 955 1556 totum
974 1516 1157 1555 effundit
1176 1521 1226 1555 vt
1244 1516 1323 1555 sibi
1343 1516 1447 1555 nihil
1466 1517 1645 1556 decedat
1664 1531 1673 1564 ;
1709 1530 1735 1556 a·
1754 1530 1840 1569 quo

241 1572 299 1610 sic
314 1572 503 1610 nascitur
519 1571 650 1610 Filius
666 1575 716 1611 vt
730 1571 786 1610 ab
802 1584 851 1610 eo
867 1572 940 1622 qui
956 1570 1167 1622 producit,
1185 1583 1405 1621 nunquam
1421 1571 1605 1610 recedat.
1651 1571 1839 1611 Rursum

179 1641 222 1664 20
240 1625 455 1676 quomodo
475 1625 530 1664 ab
550 1630 732 1676 vtroque
752 1625 957 1677 procedat
977 1625 1160 1676 Spiritus
1183 1629 1370 1671 sanctus,
1393 1626 1451 1664 sie
1472 1630 1522 1664 vt
1546 1627 1657 1665 inter
1678 1628 1839 1666 omneis

239 1681 296 1718 sit
313 1680 501 1719 eiusdem
518 1684 699 1719 naturae
717 1679 953 1731 perfectum
972 1680 1245 1726 consortium,
1265 1692 1352 1718 non
1369 1679 1545 1718 confusa
1563 1693 1838 1731 personarum

238 1734 499 1785 proprietate
520 1737 535 1772 ⁴?
596 1734 698 1782 Quis
723 1734 891 1786 ingenio
918 1734 1142 1784 complecti
1168 1738 1300 1784 queat
1325 1747 1410 1785 quo
1436 1747 1548 1773 nexu
1575 1747 1742 1774 summa
1766 1735 1839 1774 illa

237 1792 282 1827 et
306 1788 532 1827 ineffabilis
556 1793 712 1828 natura
737 1789 952 1828 hominem
977 1788 1057 1827 sibi
1083 1788 1321 1840 copularit;
1363 1792 1413 1827 vt
1437 1788 1550 1828 idem
1575 1790 1649 1840 qui
1674 1802 1839 1841 semper

237 1842 378 1882 fuerat
398 1856 450 1882 ex
470 1842 683 1883 Deo-vero
703 1843 819 1882 Deus
839 1855 976 1889 verus,
998 1842 1126 1882 homo
1147 1856 1272 1882 verus
1298 1855 1351 1882 ex
1370 1843 1539 1882 homine
1560 1848 1802 1883 nasceretur
1819 1847 1835 1882 ἱ)

176 1912 215 1945 25
292 1896 344 1937 In
367 1897 610 1937 huiusmodi
632 1897 759 1937 rebus
781 1897 1055 1949 explicandis,
1080 1898 1125 1936 in
1148 1897 1303 1948 quibus
1326 1910 1634 1948 nonnunquam
1658 1898 1837 1937 verbum

237 1955 424 1991 mutasse
449 1952 665 2003 piaculum
691 1953 748 1992 sit
772 1952 1041 2003 inexpiabile,
1070 1952 1143 1990 vbi
1169 1951 1475 2003 paraphraseos
1500 1952 1674 1991 libertas
1695 1955 1711 1991 ‘2
1769 1953 1836 1992 Ad

236 2005 340 2045 haec
360 2005 560 2045 videbam
580 2007 684 2045 mihi
703 2006 792 2045 fore
812 2007 893 2045 iter
913 2019 987 2057 per
1007 2006 1099 2045 loca
1119 2006 1274 2045 crebris
1294 2019 1343 2045 ac
1364 2007 1492 2045 variis
1513 2006 1836 2046 difficultatibus

235 2060 572 2111 impeditissima,
619 2060 792 2100 salebris
836 2061 1083 2112 intersepta,
1131 2060 1310 2100 saltibus
1355 2073 1404 2100 ac
1448 2060 1570 2100 lamis
1614 2061 1835 2112 imperuia,

235 2113 502 2154 eluuionibus
520 2127 569 2154 ac
588 2114 861 2166 voraginibus
878 2115 1089 2154 intercisa.
1147 2114 1323 2154 Nullum
1341 2115 1453 2154 enirn
1471 2119 1537 2155 est·
1555 2115 1835 2167 Euangelium

177 2184 218 2215 30
237 2168 348 2207 vnde
373 2172 501 2208 natae
526 2169 613 2208 sint
638 2169 779 2221 plures
803 2172 881 2208 aut
906 2170 1164 2220 operosiores
1189 2169 1242 2208 de
1267 2168 1350 2208 fide
1379 2170 1661 2220 quaestiones,
1689 2174 1767 2209 aut
1790 2171 1835 2209 in

235 2235 321 2273 quo
342 2223 636 2263 vehementius
658 2223 860 2263 sudatum
883 2223 939 2262 sit
961 2223 1016 2261 ab
1038 2224 1203 2262 eximiis
1224 2227 1418 2262 veterum
1439 2224 1629 2276 ingeniis,
1654 2224 1836 2275 denique

235 2277 280 2315 in
308 2290 393 2328 quo
421 2277 658 2317 enarrando
686 2279 820 2329 magis
849 2278 1016 2316 varient
1044 2277 1324 2328 interpretes:
1370 2278 1486 2328 quod
1514 2291 1592 2329 ego
1620 2291 1720 2317 sane
1748 2292 1835 2318 non

235 2330 402 2370 illorum
433 2331 631 2371 tarditati
663 2332 731 2371 vel
761 2332 1010 2383 imperitiae,
1044 2331 1118 2370 sed
1150 2331 1218 2370 vel
1249 2333 1452 2371 sermonis
1484 2332 1734 2372 obscuritati
1766 2333 1833 2372 vel

235 2398 375 2424 rerum
419 2385 661 2426 difficultati
704 2387 860 2426 tribuo.
918 2385 1192 2425 Accedebant
1235 2390 1279 2424 et
1322 2385 1417 2425 illae
1461 2386 1691 2437 peculiares
1735 2386 1833 2426 huic

177 2456 215 2488 35
236 2441 409 2491 negocio
448 2440 734 2488 difficultates,
776 2440 892 2491 quod
931 2444 1050 2479 totus
1088 2439 1175 2479 fere
1214 2453 1351 2479 sermo
1391 2451 1518 2489 quem
1558 2440 1834 2492 Euangelista

236 2494 387 2533 tribuit
419 2494 603 2534 Domino
636 2495 745 2542 Iesu,
779 2496 835 2534 sit
866 2495 1117 2546 aenigmatis
1148 2494 1394 2533 inuolutus:
1443 2507 1553 2545 quae
1584 2496 1619 2533 si
1650 2495 1832 2546 explices

236 2549 496 2599 paraphrasi,
521 2550 607 2588 iam
630 2563 715 2589 non
739 2549 966 2589 cohaerent·
989 2562 1100 2600 quae
1121 2549 1430 2600 respondentur
1453 2549 1508 2587 ab
1531 2549 1596 2588 his
1619 2551 1693 2600 qui
1716 2550 1832 2600 quod

235 2602 398 2641 dietum
415 2607 519 2650 erat,
538 2617 624 2643 non
640 2604 950 2643 intellexerant.
1008 2603 1075 2643 Sic
1092 2604 1204 2642 enim
1221 2602 1357 2642 multa
1374 2603 1574 2642 dicuntur
1590 2617 1615 2642 a
1632 2603 1829 2651 Domino,

235 2660 285 2695 vt
316 2670 402 2696 non
434 2658 551 2709 prius
582 2658 855 2709 intelligenda
887 2658 1025 2704 sciret,
1059 2670 1136 2696 nec
1168 2658 1284 2708 prius
1316 2657 1493 2709 intelligi
1525 2657 1667 2706 vellet,
1701 2671 1830 2709 quam

174 2727 217 2758 40
234 2723 373 2749 rerum
397 2716 576 2751 euentus
599 2712 714 2763 quod
738 2712 900 2751 dictum
925 2716 1017 2750 erat
1039 2711 1301 2763 explanaret.

288 2764 419 2804 Porro
455 2779 588 2816 quum
623 2766 929 2818 paraphrastae
965 2766 1033 2812 sit,
1071 2765 1187 2816 quod
1223 2766 1437 2805 astrictius
1473 2769 1538 2805 est
1573 2765 1749 2813 dictum,
1786 2766 1828 2805 id

235 2818 443 2870 explicare
472 2820 620 2868 fusius,
652 2833 705 2860 ne
734 2820 938 2872 temporis
968 2819 1140 2871 quidem
1171 2819 1322 2859 modus
1352 2820 1455 2859 mihi
1485 2821 1642 2859 seruari
1672 2821 1827 2871 potuit.

345 2916 412 2939 ΠΤ.
440 2917 519 2941 DES.
540 2913 616 2942 ante
636 2918 804 2942 ERASMVS
824 2909 899 2942 add.
922 2911 949 2941 0.
1046 2911 1094 2942 18.
1120 2910 1168 2941 sic
1188 2911 1235 2944 B:
1268 2911 1313 2942 sit
1335 2922 1365 2942 α.
1456 2909 1578 2942 sibia:
1610 2910 1676 2952 ipsi
1697 2921 1722 2942 ε.

766 3019 792 3041 1.
820 3007 1079 3050 Paraphrasim]
1102 3008 1167 3051 Ep.
1193 3016 1287 3050 1255.
