2012 3370
256 127 334 164 384
730 124 984 162 LETTERS
1016 124 1087 163 OF
1119 125 1309 163 ERAsM
1318 125 1380 163 Us
1732 128 1854 176 [1524

254 238 386 286 atque
416 235 459 274 id
489 235 661 286 quidem
692 234 883 284 agebam.
945 233 1025 272 Sed
1057 234 1224 272 interim
1258 234 1478 272 minimum
1511 233 1651 272 abfuit
1681 236 1783 285 quin
1814 236 1856 273 in

197 304 235 326 10
255 288 436 328 alterum
464 288 670 327 mundum
696 287 977 339 demigrarim.
1034 287 1091 326 Et
1116 287 1214 326 talis
1240 293 1304 327 est
1330 288 1501 326 morbus
1528 292 1577 327 vt
1603 301 1669 327 me
1694 301 1857 340 semper

253 343 308 382 ad
340 357 435 381 cum
467 343 578 381 diem
610 342 807 392 pararini.
868 341 1082 392 Adrcpam
1113 346 1258 382 tamen
1290 342 1362 381 vbi
1393 342 1555 381 coelum
1587 342 1667 380 erit
1698 343 1855 389 mitius,

255 397 321 435 vel
362 398 590 435 moriturus
629 397 821 442 Romam
877 397 1124 447 praesertim
1163 397 1198 435 si
1235 401 1358 436 tuum
1398 397 1682 447 patrocinium
1720 397 1858 436 aderit

253 451 456 489 aduersus
488 451 605 497 istos,
641 451 727 502 qui,
763 451 866 489 mihi
899 450 1032 495 crede,
1069 451 1201 502 magis
1233 451 1527 501 obsequuntur
1559 451 1645 489 suis
1678 451 1858 501 priuatis

253 505 476 543 affectibus
507 517 635 556 quam
666 505 893 543 consulunt
914 505 1114 555 dignitati
1134 505 1244 543 sedis
1271 505 1552 555 Apostolicae.
1614 504 1725 552 Quid
1744 505 1856 545 enim

198 573 232 606 15
255 563 398 609 potest
424 558 512 597 fieri
539 560 702 610 gratius
728 560 824 598 huic
852 559 1028 597 factioni
1055 572 1185 610 quam
1212 560 1247 597 si
1273 559 1448 598 Stunica
1470 560 1726 609 persuadeat
1751 559 1856 604 orbi,

254 614 421 651 etiamsi
442 613 715 652 falsissimum
737 618 814 659 cst,
838 614 1062 652 Erasmum
1084 627 1158 664 per
1179 614 1319 652 omnia
1342 614 1496 652 sentire
1518 627 1614 651 cum
1636 613 1822 652 Luthcro
1840 618 1856 652 ἱ)

308 667 398 717 Ego
417 667 581 707 nullum
600 668 739 707 adhuc
759 668 986 707 articulum
1006 668 1129 706 video
1148 669 1192 707 in
1211 681 1295 719 quo
1316 668 1419 706 mihi
1438 681 1534 706 cum
1553 667 1624 706 1110
1644 667 1857 706 conuenit.

253 721 311 760 Et
334 726 479 761 tamen
503 736 613 773 quae
635 723 782 761 obiicit
805 722 994 768 Stunica,
1019 723 1220 773 decerpta
1243 727 1343 761 sunt
1367 736 1418 761 cx
1442 722 1559 761 libris
1583 722 1735 761 aeditis
1758 726 1859 761 ante

253 776 450 815 auditum
474 777 650 816 Lutheri
673 790 840 817 nomen.
895 777 957 815 Dc
983 778 1227 816 monarchia
1251 776 1469 815 Pontificis
1493 790 1713 827 nunquam
1737 776 1857 815 dubi-

192 846 235 868 20
253 831 342 870 taui
365 846 373 878 3
412 832 486 870 scd
508 845 563 871 an
584 832 687 871 haec
712 832 955 870 monarchia
978 831 1106 870 fucrit
1127 832 1273 881 agnita
1296 836 1486 882 tempore
1511 831 1761 881 Hieronymi
1783 835 1859 869 aut

253 890 412 931 exerta,
443 886 594 925 dubito
623 886 778 925 alicubi
808 900 858 924 cx
888 886 1106 925 occasione
1135 886 1228 931 loci,
1259 886 1458 925 nimirum
1488 886 1530 924 in
1560 885 1729 924 scholiis
1756 885 1861 923 meis

253 952 362 990 quae
394 941 535 979 aedidi
566 941 608 979 in
641 941 964 991 Hieronymum.
1026 940 1108 977 Sed
1140 944 1189 978 vt
1220 940 1375 978 alicubi
1407 944 1510 978 noto
1541 940 1657 991 quod
1690 940 1860 978 videtur

252 993 389 1033 facere
419 995 474 1033 ad
504 995 612 1033 hanc
643 995 899 1045 opinionem,
930 995 992 1032 ita
1021 1006 1165 1032 rursus
1195 994 1286 1032 aliis
1315 994 1417 1032 locis
1447 999 1607 1033 annoto
1637 995 1680 1032 in
1708 994 1858 1032 iisdem

253 1048 420 1087 scholiis
453 1062 562 1099 quae
595 1048 760 1087 faciunt
792 1048 847 1087 ad
881 1048 1092 1086 diuersam
1125 1048 1381 1098 opinionem.
1444 1048 1501 1086 Et
1534 1052 1602 1088 tot
1634 1048 1726 1086 aliis
1758 1047 1859 1087 locis

191 1117 231 1149 25
252 1114 359 1140 voco
388 1102 562 1141 Petrum
592 1104 825 1153 principem
854 1102 1088 1152 Apostolici
1116 1102 1288 1148 ordinis,
1319 1102 1570 1141 Pontificem
1599 1102 1857 1148 Romanum,

252 1156 458 1195 vicarium
492 1156 647 1195 Christi
679 1161 723 1196 et
756 1156 969 1196 Ecclesiae
1000 1157 1247 1207 principem,
1281 1157 1474 1196 tribuens
1505 1157 1566 1195 illi
1599 1161 1857 1208 potestatem

252 1210 486 1250 secundum
533 1211 747 1250 Christum
795 1211 1041 1250 maximam.
1118 1210 1236 1249 Haec
1284 1210 1524 1250 dissimulat
1571 1211 1761 1257 Stunica‚
1809 1224 1858 1250 ea

252 1263 468 1304 duntaxat
497 1278 724 1317 excerpens
754 1278 863 1317 quae
893 1265 1081 1316 torqueri
1111 1270 1291 1316 possunt
1319 1266 1375 1304 ad
1405 1265 1674 1305 calumniam.
1734 1265 1858 1304 Bulla

252 1317 403 1358 Leonis
421 1324 465 1359 et
481 1320 696 1359 aedictum
714 1320 902 1359 Caesaris
920 1333 1005 1358 non
1022 1319 1254 1359 fulminant
1271 1321 1314 1358 in
1332 1333 1381 1358 ea
1398 1333 1507 1371 quae
1525 1325 1857 1371 praecesserunt,

192 1389 233 1419 30
252 1373 325 1412 sed
364 1374 408 1412 in
445 1374 653 1413 futurum.
722 1374 785 1413 De
824 1374 1085 1413 confessione
1123 1374 1260 1413 obiter
1297 1374 1566 1420 adnotaram,
1607 1374 1716 1413 hanc
1754 1375 1857 1414 mihi

252 1427 386 1466 videri
427 1432 575 1467 natam
618 1442 670 1467 ex
712 1429 882 1467 secretis
925 1428 1338 1467 consultationibus:
1397 1441 1493 1467 cum
1538 1428 1705 1468 ‘hanc’
1748 1429 1856 1476 dico,

251 1481 440 1533 intelligo
468 1482 576 1521 hanc
605 1483 910 1522 confessionem
937 1495 1047 1533 quac
1074 1496 1186 1521 nunc
1214 1482 1276 1529 fit,
1305 1495 1401 1521 cum
1430 1484 1515 1521 suis
1543 1483 1859 1523 circunstantiis

252 1536 462 1575 omnibus.
516 1536 574 1576 Et
596 1542 743 1576 tamen
765 1550 859 1576 eam
883 1537 1020 1576 fateor
1044 1537 1385 1587 amplectendam
1409 1541 1618 1588 tanquam
1641 1551 1666 1576 a
1691 1537 1858 1578 Christo

250 1590 510 1638 institutam,
528 1604 613 1630 non
630 1604 788 1643 negans
803 1592 973 1631 interim
990 1592 1235 1630 institutam
1252 1605 1277 1630 a
1294 1591 1473 1637 Christo,
1493 1592 1565 1630 sed
1581 1591 1856 1632 addubitans.

191 1660 230 1692 35
251 1643 316 1683 De
334 1645 607 1684 matrimonio
626 1646 684 1684 sic
704 1646 876 1696 disputo
897 1649 946 1684 vt
964 1645 1101 1684 fatear
1121 1658 1188 1684 me
1205 1645 1388 1696 recipere
1409 1646 1729 1685 matrimonium
1746 1648 1858 1686 inter

253 1703 520 1738 sacramenta
564 1700 733 1750 proprie
778 1700 922 1739 dicta:
985 1700 1100 1750 quod
1146 1704 1292 1738 tamen
1337 1703 1500 1738 veteres
1546 1700 1731 1752 theologi
1770 1714 1855 1740 non

251 1752 479 1792 faciebant.
541 1754 599 1793 Et
628 1754 672 1792 id
703 1755 806 1793 mihi
837 1755 1043 1805 scriptum
1074 1758 1139 1793 est
1168 1758 1271 1793 ante
1300 1767 1434 1792 annos
1465 1758 1628 1805 septem
1659 1755 1703 1794 in
1733 1755 1858 1795 Nouo

251 1807 540 1847 Testamento.

307 1861 424 1901 Haec
454 1867 564 1902 sunt‘
583 1863 811 1914 praecipua
841 1863 983 1914 capita
1013 1863 1227 1910 Stunicae,
1258 1864 1302 1902 in
1331 1864 1485 1914 quibus
1515 1864 1620 1902 nihil
1649 1868 1713 1903 est
1741 1865 1858 1916 quod

189 1932 233 1963 40
252 1921 465 1955 mereatur
495 1917 624 1956 istam
656 1918 949 1968 tragoediam3
999 1918 1245 1968 praesertim
1280 1931 1412 1969 quum
1445 1918 1548 1957 haec
1581 1919 1738 1969 scripta
1772 1919 1857 1958 sint

251 1974 485 2021 antequam
512 1971 739 2023 quisquam
767 1972 998 2010 somniaret
1025 1971 1259 2010 Lutherum
1287 1973 1564 2019 exoriturum,
1593 1986 1726 2024 quum
1753 1973 1857 2012 nihil

250 2037 501 2071 asseuerem‚
529 2039 662 2077 quum
688 2039 852 2077 semper
879 2039 1020 2064 meum
1046 2039 1215 2065 sensum
1241 2025 1507 2066 submiserim
1532 2027 1688 2066 iudicio
1714 2027 1855 2067 Eccle-

251 2079 350 2124 siae,
389 2092 522 2130 quum
559 2080 603 2118 in
640 2081 943 2130 posterioribus
980 2080 1264 2119 aeditionibus
1302 2081 1437 2120 multa
1476 2081 1542 2119 vel
1580 2081 1751 2121 delerim
1789 2082 1857 2121 vel

252 2132 498 2172 moderatus
531 2130 624 2180 81111,
660 2147 769 2184 quae
803 2134 1061 2173 videbantur
1094 2147 1216 2185 posse
1250 2135 1450 2186 praebere
1484 2137 1747 2175 occasionem
1780 2137 1855 2176 im-

189 2201 230 2234 45
251 2185 407 2237 probis,
451 2187 607 2238 quibus
648 2192 815 2239 praeter
856 2189 1119 2227 occasionem
1161 2189 1266 2228 nihil
1308 2194 1373 2228 est
1414 2202 1532 2240 opus.
1604 2189 1854 2229 Doctrinam

251 2253 390 2280 meam
425 2254 511 2280 non
546 2241 803 2281 contendam
838 2246 888 2281 vt
922 2243 1155 2293 approbem
1191 2244 1416 2289 omnibus3
1469 2245 1615 2295 aequis
1649 2257 1698 2283 ac
1734 2245 1855 2284 bonis

251 2294 417 2334 confido
440 2309 507 2334 me
529 2296 881 2347 approbaturum.
934 2297 999 2335 Ex
1022 2297 1164 2337 animo
1186 2297 1311 2336 faueo
1333 2298 1489 2349 gloriae
1512 2299 1680 2337 Christi.
1732 2299 1790 2338 Et
1811 2300 1855 2338 in

251 2352 432 2400 vtraque
450 2354 571 2401 parte
589 2351 713 2389 video
730 2351 845 2402 quod
863 2351 965 2390 mihi
983 2351 1217 2402 displiceat,
1235 2353 1279 2390 in
1297 2352 1429 2391 altera
1448 2352 1631 2391 multum
1649 2353 1855 2392 mundani

249 2403 437 2454 spiritus,
472 2405 516 2443 in
550 2404 683 2444 altera
718 2405 902 2444 multum
936 2405 1137 2444 seditiosi.
1204 2405 1255 2444 In
1289 2406 1354 2444 his
1387 2406 1645 2445 tumultibus
1679 2408 1713 2445 si
1750 2408 1853 2458 quid

192 2473 232 2505 50
250 2458 450 2497 vidissem
469 2459 618 2498 melius
638 2459 810 2498 consilio
829 2460 945 2510 quod
963 2464 1169 2511 sequutus
1187 2473 1294 2506 sum,
1315 2460 1431 2499 haud
1450 2460 1577 2499 dubie
1596 2465 1854 2512 sequuturus

251 2524 379 2551 eram.

306 2565 586 2618 [Quingentos
611 2567 789 2608 ducatos
814 2581 922 2619 quos
946 2572 1022 2607 tua
1048 2568 1287 2620 benignitas
1312 2569 1415 2608 mihi
1440 2569 1484 2608 in
1508 2568 1694 2621 singulos
1719 2582 1853 2609 annos

299 2723 346 2753 18.
372 2732 462 2763 quae
498 2723 619 2756 obiicit
653 2724 812 2764 Stunica]
848 2723 1014 2756 Erasmus
1085 2725 1165 2762 66n,
1187 2733 1279 2766 1217.
1303 2733 1400 2764 144n,
1422 2734 1515 2764 1299.
1535 2735 1612 2767 73n.

251 2775 399 2798 answers
410 2766 507 2798 these
520 2768 555 2798 in
566 2767 719 2799 detailin
730 2767 784 2799 his
794 2767 961 2808 Apoloqia
971 2767 1015 2798 ad
1132 2777 1184 2808 30.
1210 2767 1439 2808 confessione]
1467 2768 1536 2801 For
1563 2769 1684 2802 earlier
1712 2770 1852 2803 attacks

251 2808 478 2841 conclusiones
492 2810 652 2843 Stunicae
670 2810 748 2852 (Ep.
771 2813 868 2851 1428)
886 2823 893 2842 :
918 2821 1012 2852 upon
1087 2822 1131 2843 on
1153 2811 1319 2843 Erasmus
1339 2811 1451 2844 about
1470 2812 1541 2844 this
1561 2823 1617 2845 see
1638 2813 1726 2854 Epp.
1754 2822 1848 2854 1153.

251 2851 364 2884 which
375 2852 417 2884 he
433 2864 504 2886 was
521 2854 671 2896 perhaps
686 2854 829 2895 already
846 2855 1011 2897 engaged.
1085 2864 1166 2895 4111,
1189 2864 1247 2886 122
1254 2863 1283 2895 5.
1307 2864 1405 2894 119n‚
1428 2865 1522 2895 1299.
1541 2857 1620 2888 60n.

301 2904 350 2934 19.
375 2895 518 2929 Lutheri
546 2898 689 2938 nomen]
716 2897 766 2930 Cf.
793 2898 882 2940 Epp.
917 2899 1009 2939 1418.
1134 2907 1184 2939 37.
1210 2903 1294 2931 ante
1337 2909 1447 2931 annos
1491 2900 1641 2941 septem]
1684 2899 1850 2933 Erasmus

252 2946 351 2978 32-3,
370 2947 464 2979 1434.
479 2950 534 2979 42.
1086 2945 1224 2983 repeats
1251 2941 1323 2974 this
1350 2942 1550 2974 inaccurate
1578 2942 1786 2975 calculation
1816 2944 1852 2976 of

297 2982 349 3013 28.
374 2981 477 3014 Bulla
495 2982 634 3023 Leonis]
651 2984 714 3016 See
731 2984 795 3025 Ep.
820 2993 912 3025 1141.
933 2993 1011 3017 2011.
1085 2986 1170 3017 time
1186 2985 1272 3017 with
1287 2985 1459 3018 reference
1474 2989 1513 3017 to
1528 2984 1592 3026 Ep.
1610 2987 1686 3026 843.
1707 2995 1848 3027 511—12,

296 3032 350 3064 29·
375 3025 551 3058 aedictum
562 3026 733 3067 Caesaris]
742 3029 804 3060 Sec
813 3028 902 3069 Epp.
917 3037 929 3060 1
940 3037 1010 3068 192.
1084 3029 1121 3060 in
1136 3028 1189 3060 his
1203 3027 1371 3069 Apoloqia
1386 3028 1420 3067 (l.
1443 3029 1505 3060 18n
1521 3039 1528 3060 :
1558 3028 1627 3062 LB.
1644 3030 1690 3062 ix.
1709 3032 1773 3072 387
1788 3035 1832 3074 c).
