2033 3395
288 169 336 208 12
756 175 1011 217 LETTERS
1042 176 1114 217 OF
1144 175 1408 217 ERASMUS
1756 175 1879 224 [1522

281 280 497 330 gesimam.
543 283 769 335 Reliquum
787 298 860 336 per
875 286 1146 325 Franciscum
1160 287 1313 337 ipsum,
1331 298 1463 337 quum
1479 286 1559 324 ibit
1575 285 1628 324 ad
1646 288 1880 323 mercatum

282 333 686 377 Francfordiensem.
738 339 802 378 Ex
822 341 914 378 istis
934 345 1096 391 septem
1116 341 1273 391 poteris
1294 353 1554 392 cognoscere,
1576 340 1609 378 si
1630 338 1733 390 quid
1754 337 1880 377 modo

283 394 410 428 vacat
423 390 558 442 legere
573 392 770 439 alienum,
787 406 917 444 quam
932 395 1140 434 rationem
1156 396 1555 434 commentariorum
1571 407 1664 432 sum
1681 397 1850 432 secutus
1871 405 1879 437 ;

280 443 412 482 ctiam
441 446 475 483 si
504 446 652 497 reliqui
680 453 847 498 praeter
875 453 1091 496 octauum,
1121 462 1294 495 nonum,
1324 448 1548 495 decimum,
1579 454 1621 487 ct
1650 448 1879 487 decimum-

203 512 260 546 135
283 502 484 537 octauum
510 501 650 539 minus
675 502 837 541 habent
861 507 905 541 et
930 504 1066 554 operis
1092 508 1136 542 et
1161 516 1325 554 operae,
1353 504 1554 553 quoniam
1581 516 1666 541 non
1692 503 1754 540 ita
1779 505 1880 539 sunt

282 552 401 599 varii,
428 557 472 592 et
496 567 651 606 magna
675 568 773 606 pars
797 570 942 596 eorum
967 570 1077 608 quae
1101 558 1145 596 in
1169 558 1250 596 illis
1274 562 1446 604 tractat,
1474 558 1629 608 passim
1656 561 1721 596 est
1746 555 1879 594 cuiuis

281 605 421 644 obuia.
473 608 595 655 Cura,
620 622 720 661 rogo
745 615 800 657 te,
826 615 875 650 vt
897 612 1164 651 excudantur
1187 612 1351 663 aliquot
1374 617 1552 651 centena
1574 610 1878 661 exemplarium

279 659 401 698 istius
420 663 557 712 operis
576 676 600 701 a
618 664 778 716 reliquo
797 665 1025 717 Augustini
1043 679 1215 718 corpore
1232 670 1430 717 separata
1450 679 1457 704 :
1493 679 1592 704 nam
1612 665 1735 704 multi
1754 667 1880 703 erunt

279 714 460 754 studiosi
482 716 686 765 homines,
711 720 784 770 qui
807 719 1094 772 Augustinum
1118 725 1260 760 totum
1284 733 1420 760 emere
1444 720 1510 759 vel
1534 720 1679 759 nolent
1702 719 1770 758 vel
1793 731 1878 756 non

202 785 264 816 ¹40
279 773 495 818 poterunt,
505 772 607 822 quia
620 786 706 812 non
721 774 918 825 egebunt,
934 788 1008 814 seu
1023 776 1124 826 quia
1138 780 1309 814 tantum
1325 776 1527 826 pecuniae
1542 788 1627 813 non
1642 773 1878 813 habebunt.

279 823 369 861 Scis
402 825 515 863 enim
550 826 636 866 fere
671 840 697 866 a
731 828 887 867 deditis
921 829 1074 869 studiis
1107 830 1201 868 istis
1234 829 1562 881 elegantioribus
1596 833 1763 880 praeter
1798 827 1877 865 hoc

278 876 506 929 Augustini
525 893 631 932 opus
650 882 813 922 nullum
833 883 919 923 fere
932 884 1047 923 aliud
1060 884 1139 936 legi
1152 885 1340 924 eiusdem
1355 884 1558 924 authoris.
1609 883 1710 922 Vale
1722 883 1877 921 iterum

277 935 409 983 atque
429 933 597 982 iterum,
621 937 679 975 mi
701 938 862 988 optime
884 943 1145 991 praeceptor.

333 986 512 1027 Louanii
536 1000 598 1040 19.
624 990 825 1039 Ianuarii,
852 1003 969 1042 1522.

672 1118 795 1158 1257.

327 1188 412 1223 Vita
431 1189 573 1226 Erasmi
593 1203 627 1236 p.
647 1194 704 1237 85.

324 1246 379 1280 0².
400 1257 434 1292 p.
459 1257 521 1292 133
540 1261 548 1284 :
582 1249 698 1285 Lond.
719 1262 807 1286 xxx.
825 1254 845 1286 8
864 1265 872 1287 :
906 1252 980 1288 LB.
1001 1254 1079 1298 564.

321 1326 353 1367 [Ι
373 1332 503 1360 cannot
522 1329 702 1373 definitely
721 1333 863 1364 confirm
885 1333 944 1365 the
965 1334 1156 1375 year-date.

277 1370 453 1403 Erasmus'
476 1374 604 1405 arrival
634 1378 672 1406 at
694 1376 796 1408 Baslc
817 1376 886 1408 and
908 1377 967 1409 thc
989 1377 1096 1409 death
1118 1378 1154 1409 of
1174 1378 1312 1416 Nesen;
1334 1379 1404 1410 and
1425 1378 1452 1410 if
1472 1377 1532 1410 the
1553 1378 1820 1418 interpretation
1842 1377 1878 1408 of

276 1413 337 1445 the
358 1425 461 1447 name
483 1416 678 1449 Verdunius
701 1418 742 1450 be
764 1420 943 1461 accepted,
969 1430 1052 1462 1524
1074 1425 1170 1452 must
1191 1421 1233 1453 be
1254 1421 1445 1453 discarded.
1492 1421 1565 1452 The
1586 1420 1820 1452 resemblance
1842 1421 1877 1452 in

275 1457 309 1489 ll.
329 1466 394 1498 5-9
409 1462 447 1490 to
464 1459 554 1501 Epp.
575 1470 668 1501 1244.
689 1464 787 1503 ,36—7,
808 1465 901 1504 1258.
920 1468 1016 1507 26-7,
1033 1464 1102 1497 and
1125 1465 1185 1496 the
1201 1466 1424 1506 expectation
1440 1465 1476 1497 of
1498 1464 1674 1496 Erasmus'
1697 1467 1815 1495 return
1838 1467 1876 1496 to

277 1501 435 1534 Louvain
451 1503 552 1535 make
573 1513 654 1545 1522
674 1505 870 1547 probable.]

859 1116 928 1158 To
962 1118 1162 1159 CONRAD
1197 1118 1491 1160 GOCLENIUS.

1597 1194 1715 1229 Basle.

1475 1254 1499 1287 6
1517 1253 1707 1297 February
1728 1252 1828 1297 1523.

1201 1334 1294 1376 Only
1316 1344 1444 1376 1522-4.
1463 1344 1521 1366 are
1540 1333 1702 1375 possible,
1722 1333 1877 1365 between

425 1592 643 1625 ERASMVS
676 1596 1032 1627 ROTERODAMVS
1066 1599 1114 1628 M.
1150 1597 1378 1628 CONRADO
1412 1598 1653 1628 GOCLENIO
1688 1599 1724 1629 S.

330 1659 371 1699 S.
390 1659 436 1698 P.
467 1660 576 1700 Amo
614 1662 805 1714 profecto
852 1664 1134 1712 Melchiorem,
1180 1669 1224 1704 et
1261 1678 1407 1716 precor
1444 1665 1504 1703 illi
1540 1665 1683 1703 Musas
1730 1677 1875 1702 omnes

277 1714 496 1765 propitias.
539 1719 665 1759 Οὕτως
683 1721 862 1768 βαλλέτω
880 1732 887 1757 :
910 1720 968 1758 sic
982 1720 1220 1758 innotescet
1234 1719 1354 1758 bonis
1368 1733 1416 1758 ac
1429 1719 1647 1758 fortunam
1660 1718 1740 1757 sibi
1752 1731 1872 1770 para-

276 1767 352 1807 bit.
410 1769 498 1809 Nec
522 1775 587 1810 est
609 1772 725 1823 quod
748 1774 906 1824 cogitet
929 1774 980 1813 de
1004 1773 1199 1825 suffugio,
1224 1774 1298 1813 sed
1321 1774 1372 1812 de
1396 1787 1629 1826 progressu.
1687 1773 1874 1811 Tantum

275 1827 428 1862 caueat
462 1837 515 1864 ne
551 1825 626 1865 det
662 1840 809 1866 ansam
845 1828 1061 1879 improbis.
1120 1829 1225 1868 Cum
1263 1828 1476 1867 Lodouico
1515 1827 1693 1867 ciuiliter
1730 1840 1875 1866 exerce

240 1896 256 1929 5
275 1877 519 1917 amicitiam.
577 1881 744 1920 Neseno
777 1883 811 1920 si
842 1883 947 1933 quid
978 1883 1136 1929 scribis,
1171 1887 1295 1922 caute
1327 1883 1472 1922 scribe.
1532 1882 1607 1921 Ille
1639 1895 1740 1921 sane
1771 1881 1875 1920 mihi

274 1930 358 1970 suit
373 1933 533 1972 amicus
547 1934 868 1975 infelicissimus.
927 1937 1043 1976 Nihil
1058 1938 1249 1976 continet
1268 1951 1276 1984 ;
1308 1951 1384 1976 nec
1400 1937 1569 1988 dispicit
1584 1936 1687 1987 quid
1702 1935 1874 1987 quando

274 1984 514 2026 dicendum.
571 1989 660 2029 Nec
687 1991 860 2041 prodest
887 1991 1007 2030 bonis
1033 1992 1178 2039 literis,
1206 2005 1282 2032 nec
1310 2005 1460 2030 causae
1488 1991 1768 2037 Lutheranae,
1796 2003 1874 2028 nec

274 2040 361 2078 suis
384 2040 611 2093 discipulis.
671 2044 713 2083 Is
737 2044 908 2084 demum
932 2046 1045 2096 sapit
1068 2047 1142 2097 qui
1164 2046 1287 2085 nouit
1310 2046 1389 2085 hoc
1413 2045 1551 2085 seculo
1575 2058 1733 2096 sapere.
1791 2045 1873 2084 Vix

274 2094 404 2133 etiam
425 2095 532 2135 fidas
553 2097 633 2136 tibi
653 2098 745 2149 ipsi.

218 2167 259 2190 10
329 2148 458 2199 Spero
472 2162 539 2189 me
551 2151 674 2191 isthic
688 2152 937 2192 adfuturum
952 2154 996 2192 in
1009 2154 1345 2206 quadragesima,
1357 2155 1437 2193 nisi
1446 2155 1489 2193 hi
1502 2154 1714 2193 tumultus
1727 2153 1868 2192 obsta-

276 2201 385 2242 bunt
407 2205 480 2254 qui
504 2205 703 2245 videntur
725 2208 956 2247 imminere.
1015 2208 1218 2247 Verdunii
1240 2209 1420 2260 epistola
1443 2209 1546 2247 mire
1569 2208 1812 2254 delectauit,
1838 2208 1874 2246 si

323 2287 415 2319 1256.
444 2290 514 2329 136.
538 2287 605 2319 illis
622 2301 641 2318 α
658 2289 762 2322 Lond.
778 2302 784 2321 z
816 2290 893 2322 illas
909 2292 942 2324 Β.

276 2331 371 2361 ὅντως
390 2330 440 2362 O:
473 2331 570 2362 ὅντως
590 2333 659 2364 LB.

1041 2291 1138 2324 1257.
1166 2300 1232 2322 TIT.
1252 2300 1279 2322 S.
1299 2301 1361 2323 om..
1381 2291 1430 2322 ΟΖ.
1536 2299 1564 2322 2.
1591 2290 1699 2321 Οὕτως
1724 2290 1869 2322 correi-i:

322 2409 416 2439 1256.
448 2411 520 2448 136.
545 2410 693 2450 tractat]
709 2420 750 2441 sc.
770 2410 995 2452 Augustinus.
1156 2419 1206 2442 10.
1232 2411 1333 2443 isthic
1351 2410 1571 2450 adiuturum]
1588 2410 1655 2442 For
1671 2409 1740 2441 this
1757 2410 1867 2442 inten-

323 2452 420 2483 1257.
452 2461 477 2484 1.
504 2453 740 2494 Melchiorem]
756 2453 945 2485 Viandalus
962 2467 969 2485 :
984 2465 1040 2486 sec
1105 2455 1180 2487 tion
1198 2455 1239 2486 cf.
1261 2455 1326 2496 Ep.
1350 2464 1442 2495 1209.
1465 2463 1517 2494 311.
1848 2498 1854 2502 .

276 2495 340 2568 ΕΞ.
363 2505 556 2579 ΙΞῖζωΞἮΙέῘ
585 2540 681 2580 Adaq
714 2542 794 2581 1378
824 2540 924 2574 βάλλ’
942 2540 1038 2571 οὗγως
1109 2498 1474 2582 Ῑὸῃῳιειᾱῑᾶἕθεὶωα]
1505 2507 1519 2538 5
1555 2497 1740 2537 March-19
1771 2497 1868 2538 April

279 2586 443 2614 :macte
470 2584 624 2615 virtute:
662 2583 734 2615 also
763 2584 914 2624 Sponqia
944 2585 1035 2623 (HE.

276 2635 351 2665 333,
369 2628 383 2665 ἓ
402 2635 461 2666 393
478 2641 511 2652 =
527 2627 595 2658 LB-
617 2638 647 2658 x-
672 2630 812 2667 1670*

318 2679 350 2707 4.
378 2669 567 2710 Lodouico]
590 2670 765 2712 Probably
789 2672 955 2709 Carinus3
992 2672 1035 2703 cf.

276 2711 339 2753 Ep.
362 2721 453 2753 1215.
477 2722 549 2745 1011.

322 2763 350 2795 5.
380 2756 527 2796 Neseno]
547 2756 598 2789 Cf.
619 2757 683 2798 Ep.
709 2765 803 2796 1244.
833 2758 908 2797 36n.

319 2799 350 2830 6.
376 2799 713 2839 infelicissimus]See
724 2801 812 2842 Epp.
823 2810 882 2842 325
894 2801 1035 2840 introd.,

279 2851 371 2881 1244.
393 2842 468 2880 36n.

362 2885 457 2917 Nihil
473 2886 644 2925 continet]
667 2886 857 2928 Evidently
869 2887 1035 2919 Erasmus

274 2928 422 2969 charged
442 2929 556 2960 Nesen
575 2929 659 2960 with
678 2929 807 2971 having
825 2931 874 2962 let
894 2935 956 2962 out
975 2931 1035 2963 the

274 2971 388 3004 Iulius
398 2971 564 3004 Exclusus
575 2972 652 3013 (Ep.
668 2981 730 3013 502
741 2974 884 3014 introd.)
895 2974 965 3006 and
975 2974 1035 3006 the

275 3014 367 3047 Dial.
385 3014 589 3055 bilinquium
606 3015 685 3056 (Ep.
707 3020 800 3049 1061.
820 3020 933 3058 5o5n).

319 3059 349 3091 8.
374 3058 441 3090 Vix
456 3083 463 3091 .
482 3083 489 3091 .
507 3083 515 3091 .
532 3058 636 3099 fidas]
649 3059 698 3091 Cf.
716 3059 780 3100 Ep.
802 3069 894 3100 1292.
911 3060 966 3092 8n.

1193 2585 1231 2616 hi
1245 2585 1435 2625 tumultus]
1451 2584 1500 2616 Cf.
1520 2584 1584 2625 Ep.
1607 2585 1698 2615 1228.
1718 2594 1793 2625 5211.

1153 2635 1200 2659 11.
1229 2627 1408 2666 Verdunii]
1445 2626 1597 2668 Perhaps
1633 2627 1716 2657 Ant.
1755 2626 1796 2657 de
1833 2625 1865 2656 la

1104 2671 1235 2708 Marck,
1256 2671 1368 2702 whose
1389 2671 1503 2711 abbey
1522 2680 1591 2701 was
1611 2680 1694 2701 near
1714 2669 1863 2701 Verdun.

1103 2714 1176 2746 The
1203 2714 1306 2746 letter
1335 2725 1417 2755 may
1445 2714 1533 2745 have
1563 2714 1664 2754 again
1692 2713 1866 2753 promised

1102 2768 1197 2789 some
1220 2758 1430 2799 preserment
1452 2757 1506 2788 for
1528 2757 1692 2788 Erasmus
1715 2756 1772 2794 (cf.
1798 2756 1863 2796 Ep.

1105 2803 1215 2842 1065),
1240 2811 1277 2832 as
1306 2805 1343 2832 to
1370 2801 1429 2832 the
1461 2799 1657 2841 possibility
1686 2799 1720 2830 of
1753 2798 1864 2830 which

1101 2844 1143 2875 he
1184 2844 1247 2875 felt
1285 2844 1437 2881 doubts3
1482 2843 1551 2874 and
1590 2843 1632 2874 he
1662 2852 1744 2882 may
1774 2842 1864 2873 have

1102 2887 1254 2929 thought
1287 2888 1321 2919 of
1356 2887 1510 2928 printing
1539 2887 1569 2917 it
1591 2886 1681 2917 after
1704 2886 1768 2926 Ep.
1799 2887 1864 2926 956

1100 2932 1136 2962 in
1158 2931 1217 2962 the
1246 2930 1412 2962 collected
1440 2930 1573 2961 edition
1603 2929 1638 2960 of
1667 2928 1726 2959 the
1760 2928 1863 2959 Para-

1101 2974 1254 3015 phrases,
1279 2974 1359 3005 Feb.
1388 2982 1480 3014 1522.
1529 2973 1597 3003 For
1623 2982 1760 3003 reasons
1785 2972 1865 3013 why

1100 3018 1129 3048 it
1151 3017 1277 3048 should
1300 3021 1364 3049 not
1394 3017 1435 3048 be
1466 3015 1604 3057 printed
1633 3025 1688 3046 see
1713 3015 1778 3057 Ep.
1799 3016 1864 3056 956

1101 3060 1228 3091 introd.
