2012 3370
163 152 284 200 1345]

155 260 190 298 si
229 259 343 310 quod
384 262 586 310 superest,
627 257 827 308 prudenti
867 256 1038 295 consilio
1078 255 1333 295 modereris:

582 150 654 189 To
684 149 933 187 HERMAN
964 146 1331 186 LETHMATIUS

1672 146 1751 184 235

155 315 377 360 monitore,
395 315 493 360 scio,
511 312 702 350 facturus
718 325 774 350 eS.
819 311 993 350 Vtinam
1009 324 1086 349 nos
1103 310 1262 361 aliquid
1278 310 1486 361 possimus
1501 308 1545 347 in
1562 308 1752 347 ornando

155 367 228 407 tel

302 368 423 407 Certe
467 366 627 405 nullam
672 366 1035 416 premii-mittemus
1081 365 1356 403 occasionem.

1431 363 1494 402 De
1540 363 1749 414 legatione

156 422 404 461 Britannica
441 424 546 472 puto
584 419 847 470 temporibus
885 420 949 458 his
987 419 1361 457 turbulentissimis
1399 417 1503 457 nihil
1540 417 1748 456 futurum.

156 476 199 516 Si
220 476 323 527 quid
344 480 489 514 tamen
510 474 721 520 acciderit,
744 473 898 512 faciam
921 486 1065 512 omnes
1087 473 1244 511 amicos
1265 484 1522 511 communes.

210 530 431 569 Romanus
468 528 667 567 Pontifex
707 527 870 578 prolixo
911 527 1142 578 diplomate
1183 527 1390 577 plenoque
1431 525 1751 565 beneuolentiae
1775 538 1808 570 15

155 588 339 624 testatus
366 587 430 622 est
456 583 644 622 animum
671 595 769 633 erga
794 595 861 620 me
888 595 1010 620 suum
1032 594 1040 627 ;
1083 581 1198 631 quod
1223 581 1312 631 ipse
1339 581 1526 619 maxima
1552 593 1604 619 ex
1630 584 1751 631 parte

155 652 225 677 ore
253 639 421 689 proprio
450 637 644 683 dictauit,
674 640 724 674 vt
751 639 936 674 testatur
962 635 1115 674 litteris
1143 635 1228 673 suis
1256 635 1486 673 Barbirius.

932 689 1140 728 Proximis
1170 689 1225 727 ad
1253 689 1371 727 illum
1401 689 1554 727 litteris
1583 688 1750 727 honori-

156 693 411 732 deeanatum
441 692 543 730 satis
573 689 862 729 honorificum.

155 746 278 786 ficam
303 746 502 796 <faciam>
523 746 588 784 tui
609 745 880 783 mentionem.

210 801 307 839 Non
330 813 435 851 opus
458 803 523 838 est
545 799 625 838 tibi
649 799 820 838 consilio
844 811 950 837 meo.

1546 634 1681 674 Offert
1708 637 1753 673 et

1005 797 1187 837 Omnino
1211 797 1401 848 paranda
1425 801 1489 835 est
1512 796 1685 835 fortuna
1709 800 1753 835 et
1770 809 1815 832 20

156 856 376 901 autoritas,
393 868 474 905 que
490 854 702 892 hominem
717 852 905 891 vindicet
920 866 945 891 a
959 855 1222 903 contemptu,
1239 855 1289 890 vt
1302 864 1414 890 nunc
1430 854 1531 889 sunt
1545 854 1752 901 tempera.

155 908 406 960 Scripsimus
423 908 646 959 epistolam
664 908 849 946 iocosam
868 907 920 945 de
939 906 1098 945 vtendo
1118 905 1228 952 aula,
1248 905 1322 944 sed
1340 918 1449 956 quae
1468 905 1575 943 seria
1594 904 1724 943 ducat
1744 917 1752 942 :

156 976 205 1001 ea
223 967 287 1001 est
304 963 348 1001 in
365 962 504 1001 libello
523 962 574 1001 de
592 962 756 1000 ratione
774 960 1055 1012 componendi
1072 960 1285 1011 epistolas.
1333 960 1426 999 Scio
1445 964 1487 997 te
1507 962 1753 998 curaturum

155 1021 205 1056 vt
228 1017 384 1068 Vbique
407 1020 450 1056 te
474 1017 660 1055 sobrium
684 1029 822 1055 serues
845 1016 890 1054 in
913 1015 1119 1054 conuiuiis
1138 1027 1146 1053 :
1187 1027 1236 1053 ea
1258 1027 1324 1053 res
1346 1014 1427 1052 tibi
1449 1013 1633 1052 multum
1657 1026 1753 1051 con-

157 1071 317 1110 ciliabit
351 1071 607 1110 autoritatis.

670 1070 860 1109 Affectus
893 1070 1061 1121 gloriae,
1097 1069 1227 1107 etiam
1261 1069 1294 1107 si
1328 1082 1412 1119 quo
1446 1071 1573 1119 pacto
1606 1067 1754 1106 titillet
1771 1079 1810 1112 25

157 1126 359 1171 animum,
401 1138 665 1176 summopere
705 1124 1033 1163 dissimulandus
1073 1127 1149 1170 est,
1190 1123 1234 1161 in
1274 1123 1391 1162 cultu
1430 1123 1589 1173 pariter
1628 1126 1671 1160 et
1710 1122 1753 1160 in

156 1180 359 1219 oratione.
422 1179 531 1218 Aula
560 1192 711 1218 nasum
740 1179 884 1217 habet.

947 1177 999 1216 In
1033 1177 1395 1229 disputationibus
1429 1176 1666 1215 cauendum
1701 1189 1753 1214 ne

156 1234 328 1284 quando
347 1234 596 1272 scholastico
616 1246 731 1272 more
749 1233 976 1272 incalescas
997 1246 1004 1278 3
1039 1245 1115 1271 nec
1135 1244 1311 1283 semper,
1331 1245 1407 1270 nec
1427 1244 1523 1270 cum
1542 1230 1753 1277 omnibus,

156 1302 232 1327 nec
262 1289 413 1339 quauis
444 1288 495 1326 de
524 1301 567 1326 re
597 1287 914 1326 decertandum.
973 1286 1043 1325 Ita
1073 1286 1203 1337 pluris
1232 1285 1306 1324 fies
1336 1289 1379 1324 et
1408 1286 1547 1324 minus
1578 1284 1754 1323 habebis

157 1343 330 1394 negocii.
374 1342 547 1382 Colendi
561 1342 809 1392 <proceres>,
827 1341 900 1380 sed
915 1341 958 1379 hi
974 1341 1241 1391 potissimum
1258 1340 1332 1390 qui
1348 1339 1576 1390 plurimum
1592 1339 1751 1377 valent.
1773 1350 1816 1382 30

976 1408 1061 1433 non
1099 1395 1262 1433 abiecte
1299 1399 1457 1439 tamen,
1497 1393 1571 1432 sed
1607 1394 1665 1431 sic
1702 1397 1752 1431 vt

157 1397 338 1447 Oportet
374 1396 569 1434 omnibus
607 1409 694 1434 esse
732 1408 922 1434 comem:

155 1451 391 1489 memineris
418 1450 651 1500 theologice
678 1450 898 1500 dignitatis
925 1449 1085 1499 absque
1112 1448 1345 1499 supercilio.

707 1503 770 1543 De
796 1504 921 1542 rebus
948 1503 1092 1542 aulicis
1119 1516 1205 1541 non
1231 1506 1399 1553 oportet
1426 1502 1596 1540 liberius
1622 1501 1752 1552 loqui,

153 1505 457 1544 sanctimoniae
484 1505 651 1555 speties.

154 1573 229 1598 nec
257 1560 404 1598 statim
431 1559 606 1610 prodere
633 1558 737 1610 quid
763 1559 948 1604 sentias3

154 1614 410 1664 minimeque
444 1614 633 1652 noxium.
698 1613 822 1660 Quod
856 1613 890 1651 si
926 1612 1082 1663 cogeris
1118 1611 1314 1650 accedere
1349 1612 1474 1662 parti,
1512 1623 1676 1662 semper
1710 1611 1755 1649 in
1773 1621 1811 1654 35

1401 1447 1683 1487 Commendat
1708 1451 1752 1485 et

993 1562 1036 1596 et
1062 1558 1096 1595 si
1123 1557 1226 1608 quid
1254 1556 1457 1603 consules,
1486 1557 1541 1595 sit
1568 1569 1752 1607 aequum

154 1667 266 1706 latus
289 1667 450 1706 felicius
472 1667 692 1706 inflectito.
744 1667 808 1705 De
832 1667 1003 1717 negocio
1028 1666 1285 1712 Lutherano‚
1311 1679 1440 1716 quam
1464 1665 1687 1704 minimum
1711 1669 1754 1703 te

155 1722 400 1768 admisceas,
423 1723 458 1760 si
478 1722 621 1761 licebit
641 1735 649 1768 3
687 1725 731 1760 et
752 1722 786 1759 si
807 1721 910 1772 quid
933 1734 1042 1772 ages,
1065 1733 1230 1771 semper
1250 1720 1489 1759 memineris
1511 1719 1753 1770 aequitatis.

155 1776 327 1827 Linguis
343 1780 386 1815 et
401 1776 523 1815 bonis
537 1776 689 1815 litteris
705 1779 875 1827 oportet
889 1775 1057 1814 fortiter
1072 1775 1329 1825 patrocinari
1349 1788 1357 1820 ;
1390 1787 1489 1812 nam
1506 1773 1754 1812 Franciscus

156 1831 286 1870 Hulst
316 1835 359 1870 et
392 1830 693 1869 Ecmondanus
724 1831 858 1881 magis
889 1830 965 1868 has
997 1833 1309 1880 persequuntur
1340 1842 1468 1879 quam
1502 1828 1750 1867 Lutherum.

155 1885 219 1924 Ea
242 1898 308 1924 res
333 1885 574 1924 conciliabit
597 1885 677 1923 tibi
701 1885 864 1923 animos
888 1884 1178 1934 plurimorum,
1205 1888 1247 1922 et
1271 1883 1494 1934 praecipue
1518 1882 1755 1920 iuuentutis
1772 1892 1818 1923 40

200 1972 251 2003 30.
270 1972 426 2002 proceres
442 1959 565 2000 ‚scripsi
582 1959 619 1990 «in
629 1958 700 2000 fine
717 1968 841 1997 versus,
859 1958 912 1989 vbi
927 1958 1040 1990 charta
1056 1959 1165 1990 lacera
1178 1970 1191 1996 ,·
1212 1957 1299 1989 δίεπε
1315 1957 1353 1988 ‘in
1368 1958 1438 1988 LB.
1456 1958 1478 1988 i.
1497 1969 1561 2000 449
1574 1968 1610 1995 D,
1628 1967 1751 1989 necnon

158 2005 248 2044 App.
265 2013 338 2044 510,
355 2004 362 2015 ⁶
375 2004 536 2035 Proeeres
548 2003 684 2043 aliquot
697 2001 769 2033 cole
781 2002 788 2014 ³
805 2014 811 2033 ε

834 2005 917 2033 sunt
930 2002 1154 2034 Almelouecn.

1225 2013 1276 2044 31.
1297 2004 1415 2032 tamen
1426 2005 1502 2041 post
1516 2002 1665 2042 Oportet
1676 2001 1751 2033 add.

157 2048 382 2087 Almelween,
403 2046 440 2078 in
453 2046 523 2088 fine
540 2046 698 2087 paqincce,
719 2045 772 2077 vbi
791 2045 903 2077 charla
921 2046 1028 2078 lacem
1046 2057 1053 2077 ι
1086 2045 1143 2077 sed
1156 2049 1303 2086 praestat
1318 2044 1472 2077 oma‘ttorc.

204 2142 252 2173 15.
280 2131 486 2173 diplomate]
506 2134 570 2175 Ep.
596 2143 689 2174 1324.

204 2186 252 2218 17.
281 2176 473 2216 Barbirius]
508 2177 556 2209 Cf.
589 2177 678 2219 Epp.
713 2188 805 2219 1341.
841 2179 918 2216 2811,

160 2228 253 2259 1342.
272 2220 413 2261 638-43.

204 2264 252 2295 18.
279 2261 504 2303 decanatum]
526 2264 575 2296 Cf.
594 2264 683 2306 Epp.
706 2273 798 2305 1324.
821 2275 920 2303 12011,

162 2308 254 2344 1496.
283 2314 342 2345 143
361 2319 368 2344 3
402 2307 419 2338 Ι
439 2307 484 2339 (10
502 2311 565 2339 not
583 2308 686 2340 know
704 2308 824 2340 where.

204 2360 252 2389 19.
280 2350 507 2390 mentionem]
530 2352 683 2394 Perhaps
703 2352 739 2383 in
761 2353 820 2384 the
842 2352 921 2384 mis-

159 2393 235 2434 sing
251 2397 332 2435 part
348 2394 383 2425 of
400 2394 464 2436 Ep.
488 2404 580 2435 1352.

202 2447 253 2469 22.
279 2437 478 2479 epistolam]
515 2439 658 2471 Printed
695 2439 731 2471 in
776 2439 835 2471 the
872 2440 920 2471 Dc

157 2480 314 2512 conscrib.
349 2480 499 2522 epistolis
531 2482 611 2525 (Ep.
650 2484 760 2523 1284),
795 2483 862 2515 LB.
898 2483 918 2515 i.

157 2526 278 2565 44813:
328 2524 401 2556 also
435 2536 473 2557 as
505 2526 574 2557 LB.
607 2526 697 2568 App.
736 2536 808 2567 510.
869 2526 919 2558 Cf.

159 2567 226 2598 vol.
244 2568 268 2605 i,
286 2578 319 2608 p.
337 2569 413 2600 612.

203 2612 254 2642 28.
280 2611 482 2650 incalescas]
513 2612 562 2644 Cf.
596 2623 617 2643 a
646 2613 750 2644 letter
780 2613 815 2644 of
846 2613 920 2644 Nic.

160 2653 367 2694 Daryngton
395 2655 475 2695 (Ep.
506 2665 599 2695 1224.
627 2656 687 2694 811)
716 2656 805 2687 from
834 2657 921 2688 Lou-

160 2697 241 2727 vain
265 2706 304 2736 14
324 2697 404 2729 Feb.
429 2700 556 2738 <1522>
579 2699 705 2738 (EHR.
728 2700 810 2730 xxii.
834 2701 922 2740 747).

160 2740 260 2779 Aftcr
293 2740 526 2782 complaining
559 2742 594 2773 of
627 2742 686 2774 the
720 2741 921 2783 ‘frigidity'

161 2783 217 2822 (cf.
240 2784 304 2824 Ep.
330 2786 422 2815 1166.
449 2786 548 2824 10011)
569 2784 679 2816 which
700 2785 742 2816 110
761 2785 871 2816 found
890 2786 925 2816 in

160 2826 220 2858 the
243 2826 448 2867 theological
472 2828 720 2869 disputations,
743 2829 786 2860 he
809 2829 927 2869 points

160 2873 198 2901 to
236 2870 295 2902 the
335 2871 494 2912 opposite
531 2875 708 2903 extreme:
764 2871 927 2903 ‘Parisiis

160 2913 333 2945 clamatur
352 2925 431 2946 vere
453 2914 638 2946 sarboniee
658 2919 695 2946 et
715 2926 810 2953 voce,
832 2915 926 2957 quod

160 2957 298 2995 dicitur,
321 2958 526 2995 Stentorea;
562 2959 717 2990 fremunt
736 2958 927 3000 aliquando

161 3000 206 3074 {uid
241 3011 401 3043 spumam
438 3012 546 3043 vsque
582 3006 617 3034 et
653 3002 811 3034 dentium
848 3002 925 3034 stri-

187 3054 280 3075 orem
296 3045 315 3076 '.

250 3098 311 3119 nee
331 3088 480 3130 semper]
500 3089 548 3121 Cf.
572 3089 635 3131 Ep.
662 3098 754 3131 1159.
780 3100 853 3131 1411.

1033 2144 1085 2175 39.
1114 2132 1237 2172 Hulst]
1273 2133 1303 2164 A
1339 2133 1397 2174 lay
1434 2132 1589 2164 member
1625 2133 1659 2164 of
1696 2132 1755 2164 the

989 2177 1131 2209 Council
1155 2177 1190 2208 of
1214 2177 1387 2215 Brabant,
1409 2177 1479 2208 and
1503 2177 1698 2208 Licentiate
1721 2176 1757 2207 in

990 2220 1088 2252 Laws
1120 2220 1155 2252 of
1186 2231 1280 2252 some
1317 2221 1536 2262 university;
1586 2218 1757 2261 probably

990 2264 1160 2302 Louvain,
1191 2274 1228 2295 as
1258 2264 1300 2296 he
1330 2274 1401 2295 was
1431 2263 1643 2304 acquainted
1672 2263 1758 2295 with

989 2308 1122 2339 Adrian
1147 2308 1182 2339 of
1206 2307 1366 2339 Utreeht.
1415 2308 1457 2339 In
1481 2308 1560 2339 Jan.
1592 2316 1675 2347 1520
1700 2306 1757 2345 ((10

989 2351 1105 2393 Jongh
1133 2362 1165 2392 p.
1200 2351 1274 2391 18³²)
1302 2351 1345 2382 he
1373 2362 1442 2382 was
1469 2351 1595 2382 ehosen
1624 2350 1670 2391 by
1698 2350 1756 2381 the

990 2395 1132 2427 Council
1150 2398 1187 2426 1ο
1203 2394 1306 2426 settle
1324 2395 1383 2426 the
1401 2395 1563 2435 question
1580 2393 1693 2424 raised
1711 2393 1756 2433 by

990 2439 1105 2470 Nesen
1120 2439 1199 2480 (Ep.
1220 2448 1303 2479 1057
1318 2438 1473 2477 introd.).
1514 2438 1555 2468 ]n
1571 2437 1651 2468 Dec.
1674 2445 1751 2477 1521

990 2481 1031 2513 he
1054 2482 1139 2513 took
1159 2492 1180 2512 a
1200 2482 1339 2523 leading
1359 2485 1439 2523 part
1459 2482 1494 2512 in
1517 2480 1576 2511 the
1598 2490 1757 2521 prosecu-

988 2526 1064 2557 tion
1080 2525 1115 2557 of
1130 2525 1229 2557 Corn.
1245 2524 1427 2566 Graphous
1442 2525 1522 2565 (Ep.
1543 2526 1636 2564 1087.
1655 2525 1758 2564 355n)

991 2569 1061 2600 and
1088 2569 1163 2601 Jac.
1196 2568 1418 2609 Praepositus
1448 2568 1526 2608 (Ep.
1557 2569 1631 2605 980.
1665 2568 1755 2607 5411).

991 2612 1092 2643 After
1117 2612 1199 2643 that
1224 2611 1363 2643 Charles
1390 2610 1581 2652 appointed
1608 2610 1681 2641 him
1706 2611 1756 2641 in-

991 2655 1140 2696 quisitor
1149 2658 1186 2686 10
1196 2665 1358 2695 supprcss
1368 2654 1529 2694 heresyin
1541 2653 1600 2685 the
1611 2653 1755 2685 Nether-

992 2698 1092 2729 lands
1111 2699 1190 2739 (Ep.
1217 2708 1310 2735 1299.
1332 2700 1422 2739 7311).
1469 2697 1533 2728 His
1552 2697 1703 2738 activity
1722 2697 1758 2728 in

992 2742 1062 2772 this
1098 2745 1178 2782 post
1214 2751 1283 2772 was
1319 2745 1417 2782 great
1453 2740 1518 2772 but
1553 2740 1756 2772 shortlived.

992 2785 1022 2815 A
1043 2785 1191 2815 mistake
1211 2785 1247 2815 in
1268 2784 1327 2815 the
1348 2789 1457 2815 arrest
1479 2784 1514 2815 of
1534 2784 1633 2815 Corn.
1657 2784 1758 2815 Hoen

994 2828 1072 2869 (Ep.
1109 2830 1201 2868 1358.
1235 2830 1315 2867 2611)
1346 2828 1492 2859 aroused
1523 2838 1608 2869 very
1637 2832 1758 2869 strong

992 2871 1116 2911 feeling
1137 2872 1275 2912 against
1292 2871 1364 2902 him
1381 2884 1388 2907 ;
1421 2871 1491 2902 and
1510 2871 1652 2912 charges
1671 2882 1759 2903 were

994 2915 1145 2956 brought
1182 2914 1293 2946 which
1330 2915 1546 2956 encouraged
1583 2915 1756 2956 Margaret

993 2959 1177 2990 todismiss
1187 2958 1259 2990 him
1271 2958 1327 2997 (cf.
1341 2958 1449 2990 Balan
1462 2960 1538 2996 261,
1550 2969 1608 3000 pp.
1623 2960 1757 3000 554-5),

992 3002 1126 3043 though
1154 3002 1190 3033 in
1220 3002 1312 3034 June
1346 3011 1428 3043 1523
1459 3002 1591 3034 Adrian
1621 3011 1659 3034 VI
1687 3002 1756 3033 had

991 3046 1131 3078 cleated
1148 3046 1220 3078 him
1238 3045 1343 3087 papal
1359 3046 1554 3087 inquisitor.
1599 3046 1653 3087 By
1672 3056 1753 3086 1524

990 3089 1032 3121 he
1056 3099 1125 3121 was
1147 3088 1379 3127 discredited;
1417 3089 1481 3121 but
1502 3089 1672 3121 influence
1695 3087 1754 3126 (cf.

1389 254 1505 306 quod
1544 258 1593 292 tu
1633 254 1749 292 nullo
1772 266 1814 290 10
