2012 3370
237 138 315 176 446
710 135 964 175 LETTERS
995 134 1067 174 OF
1097 134 1360 174 ERASMUS
1709 134 1832 184 [1524

240 259 361 298 agere
389 246 592 297 oportuit.
650 243 830 284 Proinde
859 257 936 296 ego
963 244 1136 296 quidem
1163 258 1383 297 nunquam
1413 245 1561 296 optaui
1591 247 1640 283 vt
1666 243 1833 283 deserta

240 304 316 340 aut
346 300 536 352 neglecta
567 311 763 338 mensura
792 303 870 338 tua
899 300 1054 338 nostris
1085 301 1233 339 castris
1263 300 1520 339 miseercris:
1568 298 1634 337 cui
1664 300 1834 350 negotio

239 356 319 394 etsi
340 355 507 406 ingenio
529 358 573 392 ct
595 353 837 404 eloquentia
859 353 1043 392 multum
1065 354 1260 405 prodesse
1282 367 1438 406 posses,
1461 357 1608 392 tamen
1630 364 1727 391 cum
1747 365 1834 391 non

178 423 223 447 20
242 409 352 448 adsit
371 409 549 454 animus,
568 408 705 447 tutius
721 412 813 446 erat
828 408 873 446 in
888 412 964 447 tuo
981 407 1093 447 dono
1109 409 1277 448 seruire.
1323 408 1416 447 Hoc
1433 407 1569 446 solum
1585 405 1832 454 timebatur,

240 477 292 502 ne
325 462 496 513 quando
527 474 601 513 per
632 461 894 500 aduersarios
925 462 1190 502 adducereris
1221 463 1347 502 editis
1377 461 1527 501 libellis
1557 462 1602 500 in
1632 460 1835 512 dogmata

240 521 386 556 nostra
402 517 595 568 grassari,
613 520 658 555 et
673 520 767 555 tum
784 529 861 555 nos
877 518 1105 556 necessitas
1121 522 1288 569 vrgeret
1303 517 1383 556 tibi
1400 518 1444 555 in
1460 515 1612 555 faciem
1628 516 1833 554 resistere.

241 571 583 622 Compescuimus
611 583 711 610 sane
739 570 915 621 aliquot,
945 572 1018 622 qui
1045 573 1130 610 iam
1159 572 1319 623 paratis
1346 571 1462 609 libris
1489 574 1533 609 te
1560 571 1605 609 in
1632 569 1834 608 harenam

242 625 409 665 trahere
437 624 667 672 volebant;
715 630 845 676 atquc
875 639 925 665 ea
955 627 1064 665 ratio
1092 625 1176 665 fuit
1208 631 1257 665 vt
1287 630 1332 664 et
1364 624 1547 664 Hutteni
1579 623 1833 675 Expostula-

181 695 221 726 ‘25
240 682 401 719 tionem
435 680 619 730 optarim
652 692 738 719 11011
771 679 944 727 editam,
982 680 1116 719 multo
1151 681 1289 719 minus
1322 684 1444 718 tuam
1478 678 1719 730 Spongiam.
1783 677 1834 717 In

241 747 339 786 qua,
353 734 434 773 nisi
445 733 580 781 fallor,
594 735 733 785 tuipse
745 735 830 773 iam
848 735 978 773 sentis
994 747 1123 785 quam
1139 734 1261 773 facile
1277 735 1334 773 sit
1349 734 1401 772 de
1418 733 1626 772 modestia
1642 732 1833 779 scribere,

240 793 285 828 et
316 790 360 828 in
393 788 579 828 Luthero
611 788 925 827 immodestiam
958 802 1130 840 arguere
1150 803 1158 828 ;
1208 789 1281 828 sed
1314 788 1605 834 difficilimum,
1640 788 1725 826 imo
1757 788 1833 826 im·

241 842 451 895 possibile,
473 847 674 894 prestare,
696 844 776 882 nisi
797 843 908 882 dono
930 843 1110 894 Spiritus
1131 843 1343 894 singulari.

296 897 449 937 Credas
469 898 598 949 igitur
618 897 686 936 vel
706 910 791 936 non
812 897 969 944 credas,
993 898 1115 936 testis
1135 902 1200 937 est
1221 898 1410 937 Christus
1431 910 1484 935 cx
1505 898 1646 935 animo
1670 910 1735 934 me
1755 895 1834 935 tibi

183 966 224 996 30
241 951 461 992 condolere
478 956 547 991 tot
563 956 607 990 et
622 955 843 991 tantorum
861 951 959 990 odia
976 951 1043 991 vel
1060 951 1203 991 studia
1219 965 1307 990 esse
1324 953 1369 990 in
1386 956 1429 990 te
1445 952 1625 990 irritata.
1674 950 1835 998 Quibus

241 1011 291 1046 vt
308 1019 394 1046 non
413 1006 621 1045 mouearis
641 1005 771 1057 (quod
791 1010 867 1044 tua
885 1010 950 1045 est
968 1005 1156 1045 humana
1174 1007 1310 1045 virtus
1328 1007 1463 1044 tantis
1482 1005 1662 1044 molibus
1681 1006 1834 1056 impar)

241 1060 407 1100 credere
429 1073 515 1099 non
537 1072 708 1111 possum
728 1072 738 1098 τ
776 1072 1022 1111 quanquam
1045 1064 1089 1099 et
1109 1060 1202 1099 illos
1224 1060 1333 1099 forte
1357 1064 1528 1099 moueat
1549 1061 1686 1098 iustus
1708 1059 1833 1106 zelus,

241 1119 285 1154 et
319 1115 397 1154 sibi
433 1114 660 1153 videantur
693 1114 876 1166 indignis
911 1114 1047 1153 modis
1081 1128 1106 1153 a
1141 1119 1184 1153 te
1219 1115 1452 1166 prouocati.
1517 1114 1587 1161 Et,
1624 1118 1674 1153 vt
1707 1113 1835 1153 libere

240 1169 390 1216 fatear,
412 1182 509 1208 cum
529 1169 636 1207 tales
655 1169 741 1207 sint
761 1169 834 1220 qui
854 1173 975 1207 tuam
996 1168 1273 1208 acerbitatem
1293 1173 1337 1208 et
1357 1168 1682 1215 simulationem,
1705 1181 1835 1219 quam

183 1238 221 1270 35
240 1228 290 1263 tu
311 1223 582 1275 prudentiam
603 1227 647 1262 et
669 1223 921 1262 modestiam
943 1223 1047 1263 velis
1066 1223 1256 1275 intelligi,
1279 1236 1355 1275 pro
1377 1236 1453 1262 sua
1473 1235 1642 1274 quoque
1662 1222 1834 1262 infirmi-

241 1282 332 1317 tate
352 1277 459 1317 ferre
478 1281 706 1329 nequeant,
729 1277 890 1317 habent
910 1282 1022 1317 certe
1043 1277 1097 1317 ob
1118 1278 1233 1329 quod
1254 1278 1405 1316 merito
1424 1277 1709 1329 indignentur,
1731 1277 1837 1316 m‘hil

242 1332 429 1371 habituri
455 1333 491 1371 si
516 1331 710 1371 fortiores
737 1336 877 1371 essent
903 1333 1067 1371 animis.
1125 1332 1329 1380 Quamuis
1354 1336 1501 1371 tamen
1526 1336 1572 1371 et
1597 1344 1673 1382 ego
1698 1332 1834 1371 irrita-

243 1386 351 1433 bilis,
386 1387 577 1425 irritatus
611 1386 762 1425 fuerim
797 1387 963 1438 saepius
997 1391 1047 1425 vt
1081 1386 1270 1425 acerbius
1305 1386 1541 1433 scriberem,
1577 1391 1723 1425 tamen
1756 1386 1836 1425 hoc

242 1454 328 1480 non
360 1440 438 1479 feci
471 1442 552 1480 nisi
583 1441 627 1479 in
659 1441 895 1492 pertinaces
927 1445 972 1480 et
1002 1441 1245 1480 indomitos.
1309 1440 1504 1480 Ceterum
1537 1440 1761 1479 clementia
1792 1446 1837 1480 et

181 1510 225 1540 40
243 1495 526 1534 mansuetudo
558 1508 652 1533 mea
683 1507 781 1546 erga
812 1499 1053 1546 peccatores
1084 1499 1128 1534 et
1158 1496 1323 1547 impios,
1357 1496 1635 1546 quantumuis
1666 1496 1836 1534 insanos

243 1554 288 1589 et
302 1550 482 1600 iniquos,
501 1548 683 1588 arbitror
698 1562 784 1588 non
801 1549 928 1588 modo
944 1554 1053 1589 teste
1071 1563 1165 1588 mea
1182 1550 1438 1589 conscientia
1454 1549 1528 1588 sed
1544 1553 1588 1588 et
1604 1549 1835 1588 multorum

242 1604 502 1655 experientia
516 1604 619 1642 satis
634 1607 796 1642 testata
810 1604 879 1642 sit.
920 1603 987 1644 Sic
1002 1604 1206 1643 hactenus
1222 1603 1381 1655 stylum
1397 1603 1579 1650 cohibui,
1604 1608 1836 1655 vtcumque

242 1671 448 1710 pungeres
469 1670 535 1696 me
555 1671 563 1704 3
602 1657 887 1697 cohibiturum
908 1659 1039 1697 etiam
1060 1659 1219 1709 scripsi,
1241 1659 1284 1697 in
1305 1658 1437 1697 literis
1458 1657 1514 1696 ad
1534 1659 1704 1705 amicos,
1728 1671 1837 1709 quae.

242 1712 322 1752 tibi
338 1725 507 1763 quoque
521 1712 655 1750 lectae
671 1716 784 1758 sunt,
802 1712 935 1751 donec
955 1712 1097 1763 palam
1117 1712 1317 1763 prodires
1367 1712 1479 1751 Nam
1499 1716 1732 1763 Vtcumque
1751 1725 1837 1752 non

182 1780 223 1813 45
241 1766 462 1806 nobiscum
479 1766 631 1817 sapias,
651 1770 695 1805 et
712 1766 911 1818 pleraque
927 1767 1101 1818 pietatis
1118 1767 1261 1817 capita
1278 1766 1345 1805 vel
1361 1767 1489 1817 impie
1507 1766 1574 1805 vel
1590 1766 1838 1806 simulanter

242 1820 418 1860 damnes
436 1824 513 1859 aut
532 1821 776 1872 suspendae,
798 1821 1073 1872 pertinatiam
1092 1824 1238 1860 tamen
1257 1821 1337 1860 tibi
1356 1821 1540 1860 tribuere
1560 1834 1646 1861 non
1665 1834 1837 1872 possum

240 1888 377 1927 neque
398 1875 508 1914 volo.

296 1929 420 1969 Nunc
450 1933 594 1968 autem
625 1929 728 1981 quid
756 1929 911 1968 faciam
933 1934 948 1968 ?
1024 1930 1230 1981 Vtrinque
1260 1943 1325 1969 res
1354 1929 1729 1969 exacerbatissima
1758 1934 1837 1970 est.

243 1984 335 2036 Ego
367 1987 575 2035 optarem,
611 1984 647 2022 si
680 1996 847 2035 possem
881 1983 969 2024 fieri
1006 1984 1227 2031 mediator,
1263 1988 1314 2023 vt
1347 1988 1392 2023 et
1424 1984 1486 2022 illi
1519 1983 1761 2024 desinerent
1794 1989 1839 2024 te

184 2052 225 2084 50
241 2039 444 2090 impetere
468 2039 602 2077 tantis
626 2039 791 2085 animis,
818 2039 1086 2090 sinerentque
1111 2042 1372 2078 senectutem
1397 2043 1518 2077 tuam
1545 2051 1641 2077 cum
1666 2051 1770 2090 pace
1794 2040 1839 2079 in

291 2139 339 2169 17.
366 2139 547 2172 nunquam
565 2140 627 2162 om.
649 2144 674 2162 ε.
771 2132 819 2162 18.
846 2134 910 2163 aut
927 2130 1050 2172 (ιβ’γὸζε
1075 2135 1113 2163 et
1129 2144 1153 2163 ε.
1277 2141 1325 2171 19.
1351 2142 1422 2163 11011
1439 2141 1502 2163 om.
1525 2133 1558 2168 β,
1577 2131 1615 2163 in
1626 2132 1696 2173 fine
1715 2142 1838 2164 versus.

244 2183 296 2205 20.
321 2173 389 2205 erit
405 2187 429 2206 ε.
625 2183 676 2205 22.
703 2178 740 2206 et
756 2178 834 2206 tum
850 2185 914 2207 nos
931 2177 1034 2214 αβγδε
1050 2187 1059 2208 2
1089 2179 1131 2207 vt
1146 2185 1225 2207 cum
1244 2174 1268 2213 ζ.
1429 2174 1496 2206 tibi
1512 2185 1574 2207 om.
1595 2188 1619 2206 ε.
1788 2185 1837 2208 re-

243 2218 426 2250 sisteretur
443 2217 467 2255 ζ.
666 2226 716 2258 25.
743 2228 817 2250 esse
829 2221 904 2258 post
914 2218 1048 2251 editam
1061 2219 1136 2250 add.
1153 2231 1176 2250 ε.
1385 2218 1435 2249 26.
1461 2219 1497 2250 ni
1511 2217 1535 2257 ζ.
1650 2220 1722 2250 iam
1733 2229 1796 2251 om.
1812 2231 1837 2252 ε.

244 2270 295 2300 27.
322 2271 465 2303 arguere
479 2259 579 2298 αβδεζ
593 2272 600 2292 :
626 2261 830 2303 redarguere
841 2275 872 2302 γ.
1049 2261 1300 2304 impossibilem
1311 2264 1343 2296 Β.
1520 2270 1573 2301 29.
1596 2262 1707 2304 igitur
1716 2263 1818 2303 αβδεζ
1829 2275 1837 2295 2

241 2305 320 2347 igut
329 2317 361 2344 γ.
574 2304 661 2336 mihi
676 2308 752 2346 post
767 2308 822 2337 est
838 2305 914 2337 add.
935 2308 968 2340 β.
1153 2316 1196 2338 ex
1214 2305 1332 2337 animo
1351 2305 1416 2337 tibi
1435 2305 1618 2338 condolere
1636 2316 1691 2338 me
1710 2318 1752 2347 ’γε
1784 2316 1840 2338 1110

244 2358 287 2380 ex
305 2348 423 2380 animo
440 2347 507 2380 tibi
525 2348 707 2381 condolere
727 2360 750 2381 ε,
890 2357 940 2388 30.
967 2349 1023 2381 vel
1041 2348 1146 2388 αβγδς
1158 2361 1166 2381 :
1200 2352 1243 2380 vt
1262 2361 1286 2381 ε.
1424 2349 1522 2381 irrita
1543 2361 1566 2381 ε.
1728 2357 1777 2389 33.
1803 2354 1840 2382 et

241 2391 348 2432 Βγδεζ
360 2403 367 2423 :
392 2395 435 2424 vt
456 2403 487 2423 a.
649 2391 814 2424 videatur
836 2405 867 2432 γ.
1031 2392 1213 2434 prouocati
1236 2404 1258 2432 γ
1281 2392 1355 2431 (sec.
1380 2394 1511 2432 manu).
1537 2391 1562 2431 ζ.
1722 2401 1771 2433 35.
1798 2397 1838 2426 tu

242 2445 305 2467 om.
330 2447 362 2475 γ.
491 2434 577 2467 velis
602 2439 688 2475 αγδε
714 2435 822 2468 velles
843 2435 911 2475 βεζ.
1043 2435 1236 2477 intelligere
1253 2439 1290 2467 et
1309 2445 1373 2477 pro
1396 2448 1421 2466 ε.
1559 2445 1699 2477 quoque
1722 2447 1785 2469 om.
1813 2450 1836 2468 e.

244 2488 293 2520 37.
320 2482 440 2511 tamen
455 2487 517 2511 om.
537 2492 561 2510 ε.
670 2480 721 2520 38.
747 2479 919 2520 vta76zg‘:
948 2483 984 2511 et
998 2482 1031 2514 β.
1171 2481 1267 2519 38—9.
1294 2488 1365 2510 non
1380 2478 1445 2510 feci
1461 2478 1525 2511 hoc
1542 2479 1582 2519 εζ.
1717 2480 1755 2512 in
1771 2504 1779 2513 .
1799 2504 1807 2513 .
1828 2505 1835 2512 .

242 2522 431 2554 indomitos
462 2521 569 2561 αβγδζ
582 2534 591 2554 :
629 2523 865 2564 pertinacibus
897 2526 934 2555 et
963 2523 1145 2555 indomitis
1177 2535 1202 2555 ε.
1306 2521 1468 2554 Ceterum
1500 2521 1685 2555 elementia
1715 2524 1817 2563 αβδεζ
1830 2536 1837 2556 z

245 2565 440 2598 Clemencia
455 2569 574 2598 autem
592 2579 623 2606 ·γ.
766 2570 803 2598 et
823 2567 1057 2598 mansuetudo
1080 2577 1156 2598 mea
1174 2565 1282 2605 (ιβ’γδζ
1295 2578 1301 2597 :
1318 2576 1395 2597 mea
1411 2570 1447 2598 et
1463 2566 1698 2599 mansuetudo
1714 2576 1793 2599 cum
1812 2581 1834 2599 f.

240 2618 293 2648 41.
320 2609 416 2650 quod
431 2612 508 2650 post
523 2609 674 2642 arbitror
689 2610 764 2642 add.
786 2610 811 2648 ζ.
977 2618 1031 2650 43.
1058 2610 1362 2651 cohibiturumque
1379 2610 1471 2650 137‘S‘·
1618 2610 1672 2649 46.
1697 2621 1838 2653 possum

243 2662 355 2694 neque
366 2663 428 2685 om.
443 2665 468 2685 ε.
625 2654 678 2692 48.
704 2664 757 2686 res
769 2664 831 2686 om.
846 2667 879 2694 γ,
893 2653 1006 2696 infinc
1020 2663 1142 2686 ver-3203.
1234 2653 1495 2686 acerbatissima
1519 2652 1543 2692 ζ.
1671 2664 1728 2693 49.
1755 2654 1840 2696 ‚Ego

243 2696 365 2737 αβγδζε
381 2721 389 2735 ,
410 2700 448 2729 et
465 2707 530 2739 ego
551 2709 575 2728 ε.
719 2705 770 2737 50.
796 2698 908 2730 tantis
928 2697 1034 2738 αβγδζ
1048 2710 1055 2729 :
1071 2698 1190 2730 tacitis
1212 2709 1235 2730 ε.

286 2825 337 2854 24.
364 2816 712 2858 Expostulationem]
736 2816 787 2849 Cf.
815 2817 879 2858 Ep.
912 2819 1005 2858 1356.
1117 2826 1168 2857 31.
1197 2816 1366 2856 humana]
1383 2816 1434 2849 Cf.
1453 2817 1540 2849 LE2.
1559 2826 1612 2857 34.
1629 2819 1727 2854 26-7.

241 2860 309 2898 63n
325 2870 334 2896 ;
365 2860 447 2898 and,
465 2859 521 2892 for
539 2860 701 2892 Luther’s
719 2860 806 2892 wish
823 2861 1009 2902 expressed
1115 2869 1169 2900 43.
1194 2861 1231 2892 in
1242 2859 1368 2901 literis]
1380 2860 1443 2893 See
1456 2859 1538 2892 LE2.
1556 2868 1628 2900 535,
1642 2858 1756 2891 which
1768 2859 1838 2891 had

244 2901 334 2939 here,
351 2902 432 2935 LE2.
451 2912 525 2942 710.
541 2905 640 2936 8-11.
1072 2904 1158 2936 been
1178 2903 1320 2945 printed
1340 2903 1398 2944 (cf.
1420 2903 1485 2944 Ep.
1511 2904 1607 2944 1496.
1628 2903 1709 2942 26n)
1726 2913 1734 2939 ;
1767 2902 1838 2934 and

288 2952 339 2984 25.
365 2946 570 2988 Spongiam]
586 2946 636 2979 Cf.
654 2947 720 2989 Ep.
742 2956 834 2988 1397.
854 2949 929 2987 7-8.
1072 2947 1155 2979 LE2.
1177 2948 1254 2987 674.
1282 2949 1400 2985 18-27,
1417 2946 1531 2978 which
1547 2944 1838 2987 oecolampadius

288 2996 340 3027 27.
366 2989 640 3030 immodestiam]
653 2990 717 3023 See
731 2990 797 3032 Ep.
812 2992 890 3030 980.
908 2993 1009 3032 38,9;
1071 2990 1254 3031 evidently
1278 2990 1349 3022 had
1374 2990 1494 3022 shown
1519 2993 1559 3021 to
1584 2988 1752 3021 Erasmus
1778 2990 1836 3030 (cf.

244 3031 314 3063 and
330 3030 372 3063 ef.
391 3031 480 3073 Epp.
503 3041 599 3072 1437·
617 3042 713 3075 54—5‚
734 3035 831 3075 1480.
848 3036 901 3067 60.
1071 3034 1161 3076 Epp.
1184 3035 1278 3074 1384.
1299 3041 1396 3074 52-7‚
1412 3034 1512 3073 87—8‚
1534 3041 1626 3073 1397.
1645 3034 1760 3074 9-10).
