2012 3370
233 127 311 167 406
698 129 952 168 LETTERS
983 129 1055 168 OF
1085 129 1347 170 ERASMUS
1707 131 1831 180 [1524

236 239 375 278 dicam
399 239 547 286 manis,
573 240 819 291 priusquam
841 240 1048 291 reliquero
1071 239 1355 280 Germaniam.
1407 240 1518 279 Nam
1541 244 1642 279 sunt
1663 241 1832 292 plurimi

181 311 218 344 55
238 295 312 345 qui
341 307 385 333 se
414 295 579 333 iactant
608 294 884 345 euangelicos,
916 307 1050 345 quum
1080 295 1166 334 sint
1195 295 1391 335 diabolici
1422 296 1577 346 potius,
1609 297 1749 346 parati
1778 296 1833 335 ad

238 361 362 387 omne
401 347 577 387 facinus.
640 348 698 387 Et
736 349 876 387 nescio
909 361 994 400 quo
1027 353 1154 400 pacto
1192 350 1236 388 in
1269 362 1335 388 me
1375 349 1599 400 praecipue
1631 349 1833 397 fremunt,

238 402 341 441 mihi
377 402 595 452 imputant
630 402 745 453 quod
780 416 867 442 non
901 403 1199 454 triumphant:
1251 405 1310 443 sic
1345 404 1457 442 enim
1491 403 1553 442 illi
1586 403 1834 455 loquuntur.

238 456 296 495 Et
320 457 406 495 iam
435 456 565 495 libelli
589 456 753 508 aliquot
778 456 1069 508 prouolarunt,
1096 457 1200 498 alios
1229 458 1390 497 habent
1414 458 1457 497 in
1483 458 1704 509 procinctu
1729 471 1836 509 quos

238 511 504 549 minitantur.
563 511 660 550 Non
690 511 841 551 dubito
871 513 975 563 quin
1003 516 1081 551 tua
1110 512 1337 563 prudentia
1366 513 1423 552 sit
1452 512 1625 563 optimis
1655 512 1837 552 consiliis

178 577 325 606 eorem
358 577 629 616 aggressura:
664 578 794 617 quam
824 566 1005 606 arbitror
1039 567 1188 607 melius
1221 579 1522 613 successuram,
1556 567 1592 606 si
1624 579 1835 606 summam

236 619 499 670 aequitatem
527 632 627 671 prae
654 624 698 659 te
724 620 848 668 feras,
877 621 1162 673 ostendasque
1188 625 1231 660 te
1259 622 1393 673 magis
1420 621 1578 660 mederi
1605 621 1712 660 velle
1738 621 1836 660 huic

238 673 348 712 malo
382 686 513 725 quam
547 675 811 726 opp1·imere;
861 689 938 715 nec
971 676 1030 715 sic
1064 676 1170 715 velle
1202 676 1401 715 reuellere
1434 676 1597 714 zizania
1629 679 1679 714 vt
1712 675 1837 714 simul

237 727 422 766 eradices
447 732 492 767 et
516 729 720 776 triticum,
747 743 824 769 nec
849 734 1143 769 recusaturum
1169 734 1336 770 mutare
1361 730 1586 781 quaedam,
1613 742 1723 781 quae
1749 730 1838 769 sine

236 782 402 821 iactura
419 782 640 834 dignitatis
658 784 928 835 Apostolicae
945 789 990 824 et
1002 786 1176 836 pietatis
1191 784 1472 836 Euangelicae
1488 785 1645 823 mutari
1658 788 1838 835 possunt

177 848 216 887 (55
237 849 286 875 ac
318 836 488 876 debent.
551 837 728 877 Interim
761 840 1061 890 conquiescent
1093 852 1118 877 a
1148 839 1425 878 tumultuosis
1455 839 1606 878 libellis
1638 851 1687 878 ac
1720 838 1836 877 moli—

236 891 425 930 tionibus
462 892 686 939 seditiosis,
725 893 858 932 donec
896 907 948 932 ex
986 894 1219 932 autoritate
1256 893 1475 932 Pontificis
1512 906 1561 932 ac
1598 893 1837 944 principum

237 949 453 984 statuetur
479 947 596 997 quod
623 947 837 998 publicam
865 947 1134 987 concordiam
1161 948 1317 986 sarciat
1343 952 1387 986 et
1413 952 1574 986 sartam
1601 947 1835 986 confirmet.

238 999 344 1039 Late
377 1003 500 1051 patet
533 1000 772 1041 Germania.
836 1002 944 1040 Rem
977 1002 1168 1040 diuinam
1201 1001 1360 1049 feceris,
1396 1003 1431 1041 si
1464 1002 1573 1041 hanc
1606 1001 1838 1042 reddideris

239 1058 451 1105 pacatam.

178 1128 221 1159 70
293 1108 411 1147 Haec
434 1109 580 1160 scripsi
604 1122 676 1160 per
699 1122 796 1148 eum
820 1111 891 1161 qui
916 1110 1021 1149 mihi
1042 1110 1187 1149 literas
1210 1114 1307 1149 tuas
1329 1110 1516 1149 reddidit
1539 1124 1591 1149 ex
1614 1110 1807 1162 Augusta
1829 1123 1836 1149 :

237 1162 424 1201 reddidit
442 1167 587 1202 autem
605 1164 739 1215 pridie
758 1164 985 1203 cathedrae
1003 1164 1132 1212 Petri,
1152 1177 1260 1216 quas
1277 1165 1454 1204 dederas
1472 1165 1635 1204 Romae
1654 1165 1840 1204 calendis

238 1216 339 1255 Feb.
407 1217 539 1257 Simul
574 1222 704 1270 atque
738 1223 902 1258 certum
936 1232 1172 1271 cognouero
1205 1219 1279 1258 vbi
1312 1219 1441 1258 fuerit
1473 1223 1552 1258 tua
1584 1219 1837 1266 sublimitas,

237 1271 419 1310 scribam
449 1273 671 1323 copiosius,
702 1277 781 1312 tua
809 1273 1079 1313 humanitate
1108 1274 1256 1321 fretus,
1287 1278 1331 1313 et
1360 1275 1533 1313 mittam
1563 1275 1598 1313 si
1626 1274 1731 1325 quid
1759 1274 1840 1313 erit

239 1327 391 1376 parati,
415 1339 489 1377 per
510 1326 643 1366 fidum
666 1341 715 1367 ac
737 1332 900 1367 certum
920 1342 928 1375 ;
967 1329 1041 1379 qui
1063 1329 1098 1368 si
1118 1341 1205 1367 non
1226 1328 1412 1375 dabitur,
1436 1329 1609 1367 mittam
1630 1328 1838 1367 famulum

178 1401 196 1431 7
204 1400 217 1431 3
239 1381 468 1431 proprium.
524 1381 686 1420 Eodem
710 1382 778 1421 die
802 1383 950 1433 scripsi
972 1382 1171 1422 Pontifici
1196 1383 1414 1430 Clementi,
1441 1396 1491 1422 ac
1515 1383 1611 1422 misi
1633 1382 1694 1422 illi
1717 1395 1837 1421 suam

239 1434 550 1485 Paraphrasim.
607 1436 675 1474 Ad
702 1449 831 1487 quem
858 1438 893 1476 si
920 1437 1088 1484 scribes,
1119 1442 1169 1475 vt
1196 1437 1342 1476 scribis
1369 1450 1507 1488 saepe,
1537 1450 1639 1488 rogo
1666 1449 1838 1476 moneas

237 1488 357 1527 illum
384 1493 434 1528 vt
459 1489 658 1529 Stunicae
683 1491 893 1530 insaniam
921 1491 1170 1537 coherceat3
1212 1492 1286 1543 qui
1312 1491 1415 1530 dum
1441 1504 1518 1530 suo
1544 1491 1693 1530 morbo
1719 1491 1836 1530 obse-

239 1543 384 1593 quitur
410 1548 454 1582 et
480 1545 749 1595 quorundam
776 1546 956 1596 priuatis
982 1545 1219 1592 affectibus,
1247 1545 1380 1584 laedit
1406 1558 1577 1584 causam
1605 1545 1836 1584 Pontificis.

238 1596 296 1635 Te
319 1597 572 1637 incolumem
597 1612 646 1638 ac
668 1598 891 1638 florentem
914 1604 1055 1638 seruet
1078 1600 1194 1639 Deus
1218 1600 1318 1651 Opt.
1344 1600 1457 1639 Max.

180 1663 221 1694 30
294 1651 483 1690 Basileae
507 1664 568 1691 IX.
595 1653 755 1692 calend.
781 1654 937 1692 Martii.
962 1654 1086 1693 Anno
1110 1665 1156 1692 Μ.
1172 1654 1390 1703 D.†XXV1.

658 1788 779 1827 1423.
844 1785 912 1826 To
945 1785 1106 1826 ENNIO
1139 1785 1426 1827 FILONARDI.

288 1874 362 1909 San
380 1874 532 1909 Daniele
550 1867 625 1910 MS.
644 1886 724 1919 219,
745 1887 779 1921 p.
800 1878 879 1920 845.
1543 1876 1661 1911 Basle.

1417 1946 1457 1970 21
1481 1934 1671 1979 February
1693 1944 1792 1979 1524.

285 2012 368 2052 [For
383 2012 443 2045 the
456 2023 576 2044 source
590 2023 645 2045 see
661 2013 725 2055 Ep.
747 2015 830 2053 1416
843 2013 972 2046 introd.
1012 2013 1060 2045 As
1075 2013 1241 2046 Erasmus
1255 2013 1369 2046 added
1385 2014 1445 2047 the
1458 2014 1528 2047 last
1543 2018 1612 2046 two
1627 2012 1840 2056 paragraphis

241 2056 326 2088 with
342 2055 395 2087 his
411 2060 487 2088 own'
504 2056 609 2094 hand,
627 2056 719 2089 after
733 2057 794 2089 the
810 2058 942 2098 receipt
957 2057 993 2089 of
1008 2057 1224 2099 Campegio’s
1240 2057 1344 2090 letter
1360 2069 1404 2090 on
1420 2067 1458 2090 21
1481 2058 1552 2090 Feb
1581 2057 1639 2097 (cf.
1657 2057 1722 2099 Ep.
1744 2066 1837 2098 1422.

243 2101 354 2139 71-2)‚
377 2100 407 2131 it
424 2110 506 2140 may
523 2100 564 2132 be
586 2100 810 2140 conjectured
825 2101 908 2132 that
922 2101 983 2133 the
1001 2101 1076 2133 first
1090 2105 1172 2142 part
1188 2101 1225 2133 of
1240 2101 1301 2133 the
1316 2101 1421 2134 letter
1436 2112 1507 2134 was
1524 2101 1638 2144 begua
1653 2100 1765 2133 about
1779 2101 1840 2133 the

241 2153 336 2174 same
348 2142 431 2175 date
444 2153 482 2175 as
495 2143 558 2184 Ep.
579 2145 672 2183 1418.
710 2143 747 2175 It
759 2154 829 2175 was
843 2144 975 2176 carried
988 2144 1036 2185 by
1048 2155 1069 2176 a
1082 2155 1278 2187 messenger
1287 2146 1391 2188 going
1405 2149 1443 2178 to
1456 2146 1579 2182 Rome,
1593 2144 1742 2187 charged
1756 2144 1840 2176 with

243 2186 302 2218 the
318 2185 533 2228 Paraphrase
549 2197 594 2218 on
610 2187 670 2219 the
686 2186 772 2219 Acts
788 2187 857 2219 and
873 2188 934 2220 the
949 2188 1072 2236 letters
1086 2189 1313 2221 enumerated
1328 2190 1363 2220 in
1380 2189 1444 2231 Ep.
1467 2189 1579 2229 1424]

797 2291 998 2319 ERASMVS
1027 2292 1266 2320 VERVLANO
1276 2314 1282 2320 .

296 2358 336 2397 S.
354 2357 416 2405 P.‚
434 2359 779 2398 reuerendissime
795 2359 977 2398 domine.
1024 2360 1110 2399 Sub
1126 2360 1326 2400 Natalem
1343 2362 1499 2401 Christi
1515 2363 1635 2413 coepi
1649 2361 1841 2400 laborare

242 2412 401 2451 calculo
426 2417 517 2452 tam
543 2414 729 2464 grauiter
754 2418 804 2452 vt
829 2426 941 2453 mors
966 2413 1096 2453 suerit
1119 2415 1165 2454 in
1190 2416 1316 2462 votis,
1344 2417 1437 2455 Vita
1461 2417 1505 2455 in
1530 2416 1837 2467 desperatione.

241 2466 328 2505 Nec
353 2467 492 2506 adhuc
516 2468 620 2507 satis
644 2481 738 2507 sum
761 2467 919 2515 firmus,
946 2468 1052 2507 adeo
1077 2469 1213 2508 morbi
1237 2470 1303 2508 vis
1327 2474 1466 2509 totam
1489 2474 1690 2509 naturam
1713 2469 1841 2520 fregit

624 2567 718 2598 1422.
745 2566 796 2598 80.
821 2575 1007 2598 M.D.XXV1
1024 2566 1059 2598 H
1071 2566 1173 2599 Lond.
1192 2579 1199 2599 :
1233 2568 1316 2608 1526
1333 2567 1449 2600 NLB.

290 2675 383 2706 1422.
410 2682 462 2713 54.
488 2675 615 2714 manis]
640 2674 712 2707 The
739 2675 1011 2717 interpretation
1076 2679 1190 2709 cestor
1205 2676 1242 2708 of
1257 2676 1318 2708 the
1332 2676 1510 2715 GermanS,
1528 2677 1678 2710 Mannus
1692 2677 1785 2717 (Tac.
1801 2677 1837 2708 G.

244 2716 279 2747 of
296 2717 366 2749 this
384 2718 478 2750 word
494 2719 522 2749 is
539 2718 689 2760 perhaps
703 2719 808 2761 given
826 2719 874 2760 by
889 2730 935 2751 an
951 2730 1007 2750 ex·
1076 2729 1106 2752 2.
1121 2722 1165 2761 3),
1180 2731 1249 2752 ora
1266 2722 1460 2753 correction
1480 2725 1518 2753 to
1535 2721 1638 2753 nanis
1655 2721 1712 2760 (cf.
1731 2720 1839 2759 Adaq.

244 2761 398 2800 pression
428 2761 630 2803 frequently
658 2762 743 2794 used
769 2762 818 2804 by
841 2763 1009 2794 Boniface
1077 2773 1162 2804 3229
1179 2764 1249 2796 and
1265 2764 1418 2806 Mayor's
1433 2767 1517 2796 note
1533 2774 1579 2796 on
1593 2765 1676 2797 Juv.
1694 2766 1725 2796 8.
1746 2764 1812 2804 32).

245 2802 450 2842 Amerbemh,
489 2806 526 2837 in
562 2805 615 2838 his
649 2805 770 2838 letters
806 2805 842 2838 of
881 2808 1008 2847 1527—8
1118 2810 1171 2846 64.
1198 2809 1328 2840 mutari
1344 2808 1508 2849 possunt]
1523 2808 1574 2841 Cf.
1593 2807 1658 2849 Ep.
1676 2809 1770 2847 1418.
1786 2815 1838 2847 71.

245 2846 362 2884 (Basle
377 2847 447 2880 MS.
466 2847 501 2880 C.
520 2848 597 2881 VP.
622 2858 674 2890 73,
692 2850 727 2881 ff.
747 2858 790 2890 74
805 2852 856 2887 VO,
879 2852 933 2888 82,
954 2851 1006 2891 85,
1119 2852 1172 2882 68.
1198 2850 1286 2883 Late
1299 2851 1415 2892 patet]
1429 2850 1480 2884 Cf.
1495 2851 1560 2892 Ep.
1580 2860 1673 2891 1412.
1690 2860 1742 2889 24.

243 2890 298 2927 88,
315 2899 378 2928 99:
403 2892 481 2923 Am.
500 2891 539 2924 E.
556 2894 640 2932 34³),
653 2892 735 2925 that
747 2893 933 2925 Germania
946 2893 1008 2925 has
1120 2903 1170 2934 71.
1197 2894 1324 2935 pridie]
1339 2904 1377 2926 21
1400 2894 1482 2926 Feb.

246 2931 386 2965 become
400 2935 518 2969 μανίαι
535 2936 691 2977 possibly
702 2947 723 2968 a
736 2941 876 2969 current
885 2937 1008 2979 saying
1119 2946 1170 2977 75.
1197 2937 1383 2977 Clementi]
1401 2938 1465 2970 See
1483 2937 1548 2978 Ep.
1574 2938 1667 2976 1418.

246 2976 282 3007 of
293 2976 353 3008 the
365 2976 445 3018 day.
474 2977 557 3011 This
569 2989 679 3012 seems
692 2990 787 3012 more
798 2980 905 3022 likely
920 2980 1008 3013 than
1118 2989 1170 3020 77.
1196 2981 1378 3021 Stunicae]
1408 2982 1470 3014 See
1503 2980 1592 3021 Epp.
1631 2988 1723 3021 1431.
1762 2990 1838 3022 13n‚

245 3019 355 3052 either
378 3030 399 3051 a
421 3019 591 3053 reference
613 3025 651 3053 to
675 3022 734 3054 the
760 3023 929 3064 mythical
948 3034 1006 3055 an·
1077 3025 1170 3064 1438.
1194 3026 1313 3064 14-16.
