2012 3370
271 154 349 192 472
744 154 885 192 LETT
895 154 923 191 [ss
934 153 995 192 Rs
1028 155 1061 192 O
1071 154 1099 191 F
1132 153 1163 192 Ε
1172 153 1392 193 RASMUS
1741 155 1864 204 [1524

272 261 315 300 in
359 262 494 312 operis
537 275 754 312 progressu
802 261 986 300 vidimus
1026 262 1252 301 voluminis
1300 264 1590 314 exiguitatem,
1635 262 1864 302 adiecimus

274 315 503 354 Hebraicas
532 316 794 362 traditiones,
824 329 919 354 cum
947 315 1040 355 aliis
1066 316 1278 356 nonnullis
1304 330 1413 369 quae
1441 316 1545 356 nihil
1572 316 1731 356 habent
1759 318 1864 369 epis·

216 383 251 417 15
273 370 417 409 tolarc.
476 368 682 408 Volumen
710 370 839 420 igitur
866 370 945 409 hoc
974 370 1105 409 habet
1132 373 1178 410 τὰ
1202 372 1464 424 ἐξηγηματικά,
1490 371 1569 410 1100
1589 374 1654 410 est
1673 385 1782 423 quae
1810 371 1865 410 ad

272 424 581 462 enarrationem
615 424 855 475 Scripturae
888 424 1058 464 diuinae
1090 424 1283 465 faciunt:
1333 426 1448 478 quod
1481 424 1653 477 quidem
1686 439 1734 465 eo
1768 439 1863 466 con-

270 478 362 517 silio
396 477 606 517 voluimus
639 478 838 517 vltimum
871 479 1025 518 habere
1058 479 1209 527 locum,
1245 493 1329 532 quo
1364 481 1497 532 magis
1530 484 1736 531 congruat
1768 492 1865 520 cum

270 532 441 583 reliquis
461 531 571 571 illius
593 532 721 580 libris,
744 533 898 584 quibus
919 538 1089 573 enarrat
1109 534 1278 574 diuinae
1299 534 1540 585 Scripturae
1561 534 1791 574 volumina.

326 586 474 637 Neque
505 599 603 626 vero
635 587 739 626 mihi
768 587 877 626 male
908 588 1104 640 quadrat,
1137 590 1297 640 opinor,
1331 589 1488 628 ordinis
1517 589 1639 628 ratio.
1701 588 1866 628 Primus

213 655 255 677 :o
272 641 408 679 vitam
434 653 483 680 ac
511 653 646 680 mores
672 642 874 689 instituit,
902 655 1031 694 quam
1059 656 1202 682 curam
1230 644 1419 682 omnium
1446 644 1627 694 primam
1653 656 1742 683 csse
1768 656 1863 683 con·

272 695 402 733 uenit.
463 695 684 735 Proximus
714 695 812 735 fidei
841 696 971 736 habet
1000 697 1298 744 defensionem,
1331 698 1507 737 vltimus
1537 710 1699 737 sacram
1729 697 1864 737 erudi·

272 750 445 788 tionem.
511 749 625 789 Bene
660 751 803 790 viuere
838 755 903 790 est
938 752 1156 798 omnium;
1208 764 1284 803 pro
1320 752 1402 791 fide
1437 764 1625 804 pugnare
1660 753 1745 790 iam
1780 765 1866 791 non

272 804 436 853 tyronis
451 808 529 851 est,
547 804 619 843 sed
635 806 855 845 exercitati
872 805 1030 844 militis.
1075 805 1204 845 Porro
1220 806 1405 846 doctoris
1420 819 1643 858 personam
1659 807 1867 858 suscipere

271 859 360 896 cius
397 861 462 897 est
499 859 565 898 cui
603 862 697 898 tum
734 872 900 899 morum
936 860 1171 911 integritas,
1209 864 1303 900 tum
1341 861 1522 900 eruditio
1559 873 1645 900 non
1683 860 1867 912 vulgaris

212 927 229 948 2
238 926 252 958 5
272 913 549 952 autoritatem
582 913 827 953 conciliarit.
888 914 1031 966 Atque
1063 914 1106 954 id
1139 914 1310 966 quidem
1342 916 1546 967 temporis
1577 927 1744 955 summa
1775 918 1867 954 erat

273 967 461 1005 omnium
498 967 794 1020 episcoporum·
826 969 1063 1015 autoritas;
1116 970 1182 1008 cui
1219 982 1343 1020 saepe
1379 970 1549 1009 cesserit
1584 973 1630 1008 ct
1665 969 1867 1008 Caesarea

273 1022 484 1068 maiestas,
514 1034 600 1073 qua
627 1026 720 1061 tum
748 1022 852 1061 m‘hil
878 1023 922 1061 in
950 1023 1071 1062 terris
1099 1023 1337 1062 habebatur
1365 1024 1514 1063 maius.
1572 1023 1695 1071 Quod
1722 1023 1868 1063 multis

273 1076 533 1127 argumentis
571 1089 623 1114 ex
662 1080 855 1115 veterum
895 1078 1181 1116 monumentis
1220 1077 1368 1117 docere
1406 1078 1532 1118 licet:
1589 1091 1638 1117 ac
1676 1077 1868 1117 fortassis

272 1133 381 1168 esset
396 1129 544 1168 eadem
560 1143 671 1169 nunc
687 1143 869 1183 quoque,
886 1132 930 1170 ni
946 1144 1178 1183 paucorum
1193 1131 1330 1184 fulgor
1346 1136 1607 1172 caeterorum
1623 1131 1868 1171 obscuraret

214 1198 254 1227 30
272 1183 551 1234 splendorem,
590 1188 666 1224 aut
703 1186 783 1224 nisi
820 1185 1008 1237 plerique
1044 1199 1157 1225 nunc
1195 1199 1245 1225 ea
1281 1186 1539 1239 negligerent
1575 1186 1729 1238 quibus
1767 1186 1867 1226 olim

271 1239 478 1289 episcopis
510 1239 624 1289 apud
657 1239 862 1291 populum
894 1244 1019 1279 tanta
1051 1240 1356 1280 conciliabatur
1388 1242 1609 1281 autoritas.
1672 1241 1735 1279 Ea
1767 1244 1867 1280 sunt

272 1293 386 1330 vitae
403 1293 636 1343 integritas,
656 1293 849 1333 doctrina
866 1307 997 1342 sacra,
1018 1308 1065 1332 ac
1083 1295 1135 1334 de
1153 1295 1348 1335 omnibus
1366 1295 1661 1335 benemerendi
1678 1295 1867 1334 studium

271 1346 601 1398 indefatigabile.

326 1400 385 1439 At
410 1401 696 1452 Hieronymus
721 1403 942 1454 episcopus
967 1416 1052 1442 non
1078 1407 1182 1450 erat,
1209 1407 1254 1443 et
1279 1408 1423 1444 tamen
1449 1408 1621 1444 tantum
1646 1403 1867 1455 dignitatis

214 1467 251 1501 35
272 1455 331 1493 illi
371 1455 616 1495 conciliarat
655 1457 829 1508 insignis
868 1457 1049 1497 eruditio
1090 1471 1186 1497 cum
1226 1471 1393 1497 summa
1433 1460 1547 1498 vitae
1587 1459 1868 1497 sanctimonia

273 1510 511 1556 coniuncta,
539 1514 749 1561 quantum
775 1512 849 1550 vix
873 1513 1165 1563 episcoporum
1191 1512 1264 1551 vlli
1290 1514 1537 1563 contigerat.
1591 1512 1730 1551 Tanta
1755 1513 1866 1552 enim

272 1567 364 1602 erat
389 1564 504 1615 apud
530 1577 675 1603 omnes
701 1565 1022 1616 Hieronymiani
1047 1567 1230 1606 nominis
1256 1567 1475 1606 celebritas
1501 1571 1551 1606 vt
1575 1567 1631 1605 ad
1657 1580 1788 1606 vnum
1814 1580 1866 1605 ex

272 1617 468 1657 omnibus
487 1619 620 1657 totius
639 1619 751 1659 orbis
768 1620 1007 1671 regionibus
1026 1620 1144 1660 velut
1163 1621 1218 1659 ad
1237 1622 1516 1661 certissimum
1535 1621 1751 1660 oraculum
1771 1634 1865 1660 con-

274 1676 521 1719 curreretur,
553 1674 587 1711 si
617 1673 720 1723 quid
748 1675 792 1713 in
821 1674 952 1713 literis
981 1674 1136 1714 diuinis
1166 1679 1242 1714 aut
1272 1675 1496 1714 obscurum
1526 1679 1636 1714 esset
1665 1679 1740 1714 aut
1771 1688 1865 1714 con-

213 1742 255 1770 40
275 1730 524 1765 trouersum.
581 1726 647 1765 Ad
674 1727 787 1766 hunc
814 1729 940 1766 variis
967 1728 1019 1767 de
1044 1729 1170 1767 rebus
1196 1730 1464 1780 quaestiones
1491 1729 1788 1768 deferebantur
1815 1742 1867 1768 ex

276 1780 413 1827 Italia,
445 1794 497 1820 ex
527 1780 747 1832 Hispania,
778 1796 830 1821 ex
863 1782 1018 1829 Africa,
1049 1797 1071 1822 e
1105 1783 1292 1830 Graecia,
1323 1797 1375 1822 ex
1409 1783 1605 1823 omnibus
1635 1783 1866 1823 Galliarum

276 1834 480 1885 partibus,
506 1848 569 1874 ex.
584 1839 775 1875 extrema
800 1836 982 1888 denique
1006 1836 1255 1876 Germaniae
1285 1837 1446 1885 Getica,
1471 1851 1580 1890 quae
1609 1851 1700 1877 sero
1729 1838 1868 1889 coepit

275 1901 575 1929 mansuescere.
627 1890 817 1942 Tamque
841 1895 992 1942 parata
1014 1891 1098 1931 fuit
1120 1905 1262 1931 sacrae
1282 1892 1529 1932 eruditionis
1549 1893 1614 1932 vis
1633 1896 1676 1932 et
1697 1892 1868 1931 vbertas

276 1947 323 1981 vt
342 1948 386 1982 et
406 1957 515 1982 vnus
534 1948 578 1983 et
598 1957 725 1984 senex
745 1949 812 1984 tot
831 1946 1091 1997 argumentis
1111 1946 1334 1986 suffecerit.
1399 1947 1486 1986 Nec
1506 1947 1661 1998 puduit
1680 1946 1868 1986 eruditos

213 2011 252 2044 45
274 1998 786 2050 episcoposapresbytero
802 1999 964 2039 doceri:
992 2013 1173 2051 quorum
1188 2005 1355 2051 praeter
1369 2001 1473 2040 alios
1488 2005 1579 2040 erat
1591 2001 1866 2053 Augustinus.

328 2051 508 2091 Proinde
551 2055 784 2092 commouit
826 2067 905 2100 me,
952 2054 1123 2093 Praesul
1166 2055 1490 2102 absolutissime,
1535 2068 1668 2107 quum
1710 2056 1865 2094 incom-

275 2105 474 2155 parabilis
506 2107 585 2145 viri
618 2106 815 2158 dignitas,
849 2112 943 2147 tum
975 2113 1049 2147 tua
1083 2109 1294 2156 voluntas,
1329 2122 1459 2160 quam
1491 2111 1738 2161 grauissimo
1771 2122 1866 2149 cum

274 2159 428 2198 iudicio
450 2172 613 2211 semper
635 2162 905 2200 coniunctam
927 2175 1015 2201 esse
1037 2164 1190 2210 scio——,
1213 2168 1262 2202 vt
1284 2165 1464 2214 primam
1486 2164 1742 2204 aeditionem
1765 2164 1868 2202 satis

274 2213 535 2252 elaboratam
558 2227 959 2266 recognosceremus.
1014 2216 1066 2256 In
1090 2230 1174 2269 quo
1198 2219 1370 2269 negocio
1394 2219 1453 2257 sic
1476 2231 1553 2257 nos
1576 2219 1792 2270 gessimus,
1819 2222 1868 2257 vt

216 2281 257 2314 50
275 2271 467 2306 attentus
489 2268 619 2307 lector
640 2269 762 2309 facile
784 2270 1117 2321 deprehensurus
1139 2272 1195 2310 sit
1216 2272 1319 2310 mihi
1340 2272 1527 2312 laborem
1549 2272 1660 2311 hunc
1681 2285 1759 2311 nec
1779 2273 1868 2311 sine

275 2334 402 2360 causa
421 2335 496 2361 nec
517 2323 605 2361 sine
625 2323 767 2363 fructu
788 2329 1031 2376 susceptum
1051 2325 1191 2364 fuisse.
1243 2326 1336 2373 Qui,
1358 2327 1393 2365 si
1413 2327 1618 2366 candidus
1638 2327 1768 2365 etiam
1788 2326 1868 2365 erit

275 2380 318 2414 et
350 2380 508 2426 gratus,
543 2382 742 2428 agnoscet
775 2391 818 2417 se
850 2383 951 2417 tuae
984 2379 1235 2426 celsitudini,
1271 2381 1336 2419 cui
1369 2382 1454 2419 iam
1488 2381 1650 2432 pridem
1683 2380 1868 2419 debebat

275 2429 516 2480 plurimum,
558 2444 670 2470 nunc
710 2432 873 2471 factum
914 2433 1252 2472 obstrictiorem:
1310 2435 1428 2474 cuius
1468 2435 1721 2486 benignitati
1761 2447 1866 2485 pene

275 2487 416 2523 totum
448 2485 575 2524 debet
607 2491 829 2537 acceptum
861 2486 979 2533 ferre,
1014 2488 1048 2526 si
1080 2500 1209 2538 quam
1242 2489 1474 2528 vtih'tatem
1506 2489 1684 2540 publicis
1716 2488 1868 2527 studiis

218 2553 254 2584 55
275 2538 511 2578 attulimus.
583 2540 705 2587 Quod
745 2542 779 2579 si
818 2541 917 2580 talis
957 2542 1177 2580 Moeeenas
1216 2543 1358 2582 iuueni
1400 2544 1656 2594 contigisset,
1699 2547 1868 2593 poterat

276 2591 476 2631 Erasmus
494 2597 538 2632 et
556 2593 667 2632 inter
684 2594 825 2634 felices
842 2596 1065 2634 numerari.

330 2646 503 2685 Vtinam
536 2652 680 2687 autem
713 2649 828 2700 quod
861 2653 1002 2688 conati
1034 2663 1179 2688 sumus
1212 2652 1458 2703 contingat!
1509 2656 1558 2690 vt
1590 2653 1654 2691 tui
1686 2651 1868 2690 nominis

276 2702 476 2739 memoria
509 2705 600 2740 tam
633 2703 866 2753 plausibilis
898 2705 953 2742 sit
986 2704 1101 2755 apud
1133 2708 1322 2756 posteros
1356 2718 1485 2756 quam
1518 2706 1582 2744 tui
1615 2705 1867 2744 sanctissimi

276 2766 411 2792 mores
428 2761 720 2805 promerentur
737 2759 926 2796 omnium
944 2757 1151 2796 bonorum
1168 2771 1366 2799 amorem.
1414 2760 1508 2799 Scio
1524 2764 1645 2799 tuam
1662 2761 1866 2811 pietatem

215 2822 257 2845 00
276 2820 301 2844 a
331 2810 497 2847 nemine
528 2811 708 2861 gratiam
741 2816 963 2862 expectare
996 2811 1327 2860 benefactorum,
1361 2819 1658 2865 praeterquam
1690 2826 1716 2852 a
1747 2813 1865 2858 Deo;

277 2862 347 2910 qui
367 2863 424 2900 sic
444 2863 499 2900 ad
518 2863 866 2904 benefaciendum
885 2866 1081 2904 omnibus
1099 2870 1226 2905 natus
1246 2881 1301 2914 es,
1323 2872 1372 2906 vt
1391 2867 1640 2907 beneficium
1659 2867 1866 2917 accepisse

276 2915 456 2954 videaris
491 2918 525 2955 si
561 2931 686 2968 quem
724 2919 924 2959 beneficio
960 2920 1127 2959 iuueris.
1192 2921 1285 2960 Scio
1320 2925 1440 2960 tuam
1476 2921 1728 2960 modestiam
1762 2919 1866 2958 nihil

473 3053 526 3083 43.
555 3045 806 3084 mansuescere]
832 3046 883 3078 Cf.
904 3048 993 3090 Epp.
1013 3057 1090 3087 941.
1118 3057 1232 3086 10-12,
1251 3048 1329 3088 998.
1351 3050 1452 3087 64-5,
1478 3055 1572 3086 1455.
1594 3056 1669 3087 2311.
