2012 3370
218 1132 262 1163 80
279 1127 434 1165 anima.

221 1403 260 1443 85
282 1398 441 1437 valent.

275 149 355 187 240

275 257 508 298 secundum
529 262 728 295 naturam
749 255 805 293 sit
823 255 1018 294 hominis.

745 145 1000 185 LETTERS
1032 145 1104 185 OF
1134 144 1397 185 ERASMUS

1748 145 1872 194 [1523

1072 254 1228 294 Verum
1253 254 1370 293 dictu
1395 255 1549 293 mirum
1567 266 1695 304 quam
1721 254 1872 305 vulgus

209 319 249 358 65
272 317 491 353 execretur
520 311 707 349 subitam
738 314 932 356 mortem,
963 309 1069 348 adeo
1099 313 1148 347 vt
1176 308 1280 347 nihil
1308 308 1585 360 frequentius,
1616 307 1721 346 nihil
1749 308 1873 347 vehe-

272 368 457 407 mentius
478 365 593 416 apud
614 365 752 403 Deum
774 377 822 403 ac
843 364 964 402 diuos
986 363 1234 414 deprecetur
1253 376 1382 414 quam
1404 366 1585 401 mortem
1606 362 1874 402 subitaneam

272 426 316 462 et
335 421 623 472 improuisam.
672 419 822 458 Subito
843 419 949 457 mori
968 418 1048 469 piis
1067 418 1226 470 pariter
1245 422 1374 469 atque
1393 418 1534 468 impiis
1553 430 1776 456 commune
1796 421 1874 455 est.

276 475 465 515 Herodes
484 478 657 525 repente
677 486 898 524 percussus
919 473 972 511 ab
992 472 1140 524 angelo
1160 473 1297 524 periit.
1338 472 1434 511 Heli
1454 471 1661 518 sacerdos,
1682 471 1747 509 vir
1765 471 1873 522 pius,

274 545 296 570 e
329 529 430 569 sella
463 529 684 580 prolapsus
718 528 837 566 obiit.

900 526 1171 566 Horrendum
1205 531 1269 566 est
1301 527 1411 566 male
1445 526 1563 572 mori,
1598 538 1685 564 non
1717 525 1873 564 subito.

213 598 258 629 70
275 585 417 635 Atque
441 583 508 622 hic
531 583 850 633 superstitiosus
874 581 1118 620 mortalium
1141 582 1269 620 timor
1292 581 1371 619 sibi
1395 593 1508 619 vana
1530 579 1654 631 fingit
1675 578 1876 625 remedia,

276 638 549 678 simulacrum
589 636 893 687 Christophori,
935 640 1071 675 certas
1105 635 1296 687 preculas
1335 635 1390 673 ad
1424 635 1640 686 Virginem
1678 638 1875 680 matrem,

276 705 401 732 voces
429 696 473 730 et
499 691 670 730 notulas
699 690 907 741 quasdam
936 691 1109 741 magicis
1136 703 1222 728 non
1251 689 1483 728 dissimiles.

1544 688 1625 735 Qui
1653 692 1878 739 tantopere

276 745 510 786 formidant
542 749 723 784 mortem
756 745 956 791 subitam,
991 748 1153 795 quanto
1186 744 1340 783 rectius
1372 743 1562 782 facerent
1593 743 1628 781 si
1660 755 1686 780 a
1717 742 1878 793 superis

276 804 549 852 precarentur
582 799 739 838 bonam
771 799 934 837 vitam!
986 798 1097 846 Quid
1129 799 1240 836 enim
1273 798 1446 836 stultius
1478 809 1608 848 quam
1641 797 1757 835 vitae
1790 808 1877 835 cor-

215 868 254 901 75
276 855 507 895 rectionem
535 853 701 893 differre
728 854 772 891 in
800 857 980 891 mortem
1002 856 1018 891 ’Β

278 909 513 961 aegrotatio
530 909 536 947 1
560 909 595 947 si
615 912 761 947 tamen
781 907 887 946 vllos
908 907 1090 958 corrigit.

1077 851 1214 900 Quam
1243 865 1342 890 vero
1370 864 1528 903 paucos
1556 851 1727 902 corrigit
1753 850 1880 901 longa

333 964 396 1003 De
432 963 599 1002 nemine
635 962 807 1013 quidem
845 960 1155 1012 desperandum
1192 964 1285 1006 est;
1338 959 1411 998 sed
1446 964 1592 998 tamen
1628 972 1718 998 sero
1755 958 1881 997 discit

279 1018 661 1063 Christianismum,
694 1016 768 1067 qui
798 1016 883 1054 iam
914 1015 1030 1066 quod
1061 1015 1199 1059 discit,
1232 1027 1423 1053 exercere
1453 1027 1539 1052 non
1569 1017 1741 1064 potest3
1789 1026 1880 1051 sero

280 1072 553 1111 consessionis
586 1070 820 1110 remedium
855 1069 1043 1115 adhibet,
1080 1082 1213 1120 quum
1247 1069 1331 1106 iam
1367 1069 1411 1106 in
1445 1068 1620 1106 summis
1654 1067 1782 1106 labris
1817 1071 1881 1106 est

280 1181 505 1219 sessionem
543 1184 642 1218 ante
680 1178 889 1217 mortem.’

280 1235 472 1273 Barbara
491 1238 568 1272 aut
586 1234 777 1272 Erasmo.

496 1126 586 1164 ‘Da
609 1124 736 1163 mihi’
757 1125 971 1175 inquiunt,
1006 1123 1173 1162 ‘veram
1204 1123 1502 1162 contritionem
1532 1126 1575 1161 et
1603 1134 1755 1172 puram
1785 1134 1880 1160 con-

972 1178 1030 1216 Et
1066 1178 1145 1216 hoc
1182 1182 1337 1228 petunt
1373 1189 1682 1227 nonnunquam
1720 1189 1745 1214 a
1781 1175 1883 1214 diua

837 1232 1033 1278 Obsecro,
1053 1232 1157 1283 quid
1175 1231 1291 1270 aliud
1313 1232 1384 1270 isti
1402 1235 1558 1282 petunt
1577 1243 1707 1282 quam
1730 1230 1739 1245 ‘
1757 1230 1884 1269 liceat

281 1290 385 1328 mihi
413 1289 523 1327 male
552 1289 708 1334 viuere,
739 1292 783 1326 et
804 1291 853 1325 tu
883 1287 938 1325 da
960 1287 1067 1325 bene
1089 1287 1195 1325 mori
1215 1286 1223 1301 '
1247 1290 1262 1324 ἱ)
1314 1285 1478 1324 Nolunt
1500 1285 1637 1324 odisse
1660 1285 1884 1323 commissa

281 1357 371 1390 sua,
402 1344 482 1382 nisi
513 1343 591 1381 sub
622 1342 770 1380 horam
800 1342 978 1387 mortis;
1024 1341 1177 1379 volunt
1206 1340 1289 1379 frui
1318 1340 1504 1390 peccatis
1534 1340 1620 1378 suis
1649 1352 1779 1390 quam
1809 1338 1882 1377 dju

497 1397 667 1447 Alioqui
695 1396 885 1435 dicerent
913 1395 1092 1441 Christo,
1119 1408 1206 1433 non
1232 1394 1446 1433 Barbarae
1467 1407 1474 1432 :
1521 1394 1529 1408 ‘
1548 1393 1616 1432 Da
1641 1393 1745 1432 mihi
1770 1406 1883 1431 nunc

283 1452 429 1491 odium
454 1455 727 1502 peccatorum
748 1450 951 1496 omnium,
978 1449 1033 1488 da
1056 1448 1322 1488 salutiferum
1347 1448 1399 1487 de
1423 1448 1656 1487 commissis
1681 1447 1884 1494 dolorem,

283 1506 338 1545 da
364 1510 414 1545 Vt
440 1505 544 1544 mihi
570 1517 734 1556 semper
760 1517 906 1543 amara
931 1504 987 1542 sit
1012 1503 1248 1543 recordatio
1275 1503 1537 1553 superiorum
1564 1502 1787 1548 malorum,
1815 1501 1885 1548 da,

282 1561 385 1599 dum
406 1560 542 1606 valeo,
564 1560 622 1598 sic
643 1558 834 1598 confiteri
854 1558 982 1597 semel
1002 1562 1052 1596 vt
1071 1558 1249 1608 posthac
1270 1570 1357 1595 non
1376 1558 1432 1595 sit
1452 1569 1559 1607 opus
1580 1556 1840 1594 confessione
1861 1556 1885 1596 ².

285 1614 469 1662 Quidam
491 1613 596 1652 illud
620 1614 751 1652 etiam
774 1613 1029 1651 nominatim
1053 1625 1079 1650 a
1102 1612 1192 1650 Deo
1217 1611 1428 1662 flagitant,
1453 1623 1538 1662 quo
1563 1623 1712 1661 genere
1736 1611 1886 1648 mortis

221 1683 268 1715 90
284 1670 391 1708 mori
420 1668 555 1707 velint
584 1672 628 1707 et
656 1671 764 1718 quot
793 1679 957 1705 menses
987 1666 1251 1705 decumbere.

1311 1664 1482 1712 Quanto
1513 1664 1792 1704 Christianius
1822 1668 1888 1703 est

283 1723 388 1762 nihil
410 1722 581 1761 interim
602 1721 717 1760 aliud
738 1734 884 1760 curare
904 1734 1035 1772 quam
1055 1724 1104 1759 vt
1128 1720 1186 1759 sic
1211 1720 1488 1758 instituamus
1507 1719 1644 1757 vitam
1665 1731 1730 1765 ne,
1753 1731 1885 1769 quan-

283 1777 508 1828 docunque
540 1776 628 1815 dies
659 1776 728 1814 ille
760 1788 980 1826 supremus
1013 1774 1247 1820 aduenerit,
1281 1774 1496 1825 opprimat
1527 1786 1604 1812 nos
1635 1774 1884 1824 imparatos,

285 1832 448 1882 reliqua
481 1831 637 1870 summi
674 1831 859 1869 numinis
893 1830 1068 1868 arbitrio
1107 1828 1417 1879 relinquamus!
1458 1828 1593 1867 Nouit
1627 1827 1742 1866 Deus
1780 1826 1884 1878 quid

285 1887 435 1937 cuique
451 1885 636 1924 maxime
652 1884 864 1935 expediat.
895 1884 990 1922 Vna
1005 1883 1206 1922 nascendi
1220 1883 1329 1921 ratio
1345 1886 1411 1921 est
1425 1881 1622 1921 omnibus
1637 1895 1646 1928 ;
1678 1881 1885 1920 moriendi

222 1953 262 1986 95
284 1953 439 1991 magna
457 1940 655 1978 varietas.
704 1939 847 1990 Eligat
864 1938 933 1977 ille
952 1937 1235 1989 quodcunque
1254 1937 1450 1975 voluerit.
1497 1936 1595 1975 Non
1613 1940 1757 1987 potest
1775 1936 1885 1974 male

284 1995 390 2033 mori
411 1995 486 2045 qui
505 1994 611 2032 bene
632 1994 799 2032 vixerit.
852 1992 975 2040 Quod
995 1993 1030 2031 si
1049 1993 1120 2043 pio
1141 1992 1302 2030 homini
1322 1991 1500 2042 deligere
1520 1990 1585 2029 fas
1606 1994 1717 2029 esset
1736 1991 1886 2028 mortis

286 2062 429 2100 genuS,
462 2048 623 2087 nullam
655 2048 837 2086 arbitror
868 2048 1001 2098 magis
1032 2046 1267 2097 optandam
1299 2058 1428 2096 quam
1459 2045 1742 2091 subitaneam,
1775 2057 1884 2095 quae

285 2103 404 2141 velut
427 2116 449 2141 e
472 2102 610 2141 medio
634 2115 758 2140 cursu
781 2102 989 2140 bonorum
1012 2114 1187 2152 operum
1210 2104 1383 2151 repente
1406 2099 1618 2138 subuehat
1639 2099 1684 2137 in
1707 2098 1884 2137 coelum.

285 2157 379 2196 Iam
391 2156 641 2208 aegrotanti,
654 2159 698 2194 et
711 2156 815 2194 velit
827 2155 933 2194 nolit
945 2155 1181 2206 corpusculi
1190 2155 1312 2193 malis
1325 2154 1538 2200 seruienti,
1550 2157 1761 2204 quantum
1774 2153 1885 2204 perit

207 2229 270 2252 100
285 2211 488 2262 temporis
504 2210 558 2249 ab
573 2209 718 2248 officiis
733 2210 906 2260 pietatis
923 2210 929 2247 ἕ
952 2209 1050 2248 Non
1063 2209 1222 2255 studet,
1238 2222 1325 2247 non
1339 2208 1477 2254 docet,
1493 2221 1580 2246 non
1594 2208 1882 2253 concionatur,

285 2278 371 2304 non
409 2265 510 2303 visit
549 2268 755 2315 aegrotos,
795 2277 881 2301 non
918 2263 1086 2301 laborat
1124 2263 1320 2302 manibus
1359 2262 1471 2301 vnde
1510 2262 1704 2301 subleuet
1741 2261 1886 2300 fratris

286 2323 532 2371 egestatem,
569 2319 655 2357 imo
691 2318 834 2369 potius
870 2318 1040 2356 interim
1077 2317 1168 2355 aliis
1205 2321 1270 2356 est
1306 2329 1519 2363 onerosus,
1557 2329 1664 2367 quos
1701 2315 1885 2354 charitas

287 2373 419 2412 nollet
438 2373 617 2425 grauari.

341 2428 530 2467 Narrant
565 2426 873 2466 Theodoricum
910 2425 1178 2464 Franciscani
1214 2425 1412 2471 sodalitii,
1450 2425 1523 2475 qui
1559 2423 1737 2462 Louanii
1773 2423 1884 2462 diem

332 2509 385 2540 66.
412 2508 457 2540 B:
484 2508 572 2546 aput
586 2520 616 2536 a.
790 2504 1019 2545 deprecentur
1034 2506 1067 2539 β.
1226 2507 1278 2546 67.
1306 2501 1450 2534 Subito.
1473 2525 1480 2532 .
1501 2525 1507 2532 .
1528 2506 1580 2542 69.
1607 2500 1725 2532 subito
1742 2501 1817 2533 add.
1837 2502 1882 2533 H.

290 2561 340 2592 72.
367 2552 403 2580 et
422 2563 439 2580 α
456 2560 463 2580 z
495 2558 535 2579 ac
553 2551 586 2583 β.
681 2560 732 2592 73.
759 2547 914 2579 subitam
930 2550 1079 2579 mortem
1096 2550 1130 2582 β’.
1223 2549 1275 2589 78.
1302 2549 1324 2581 β
1341 2557 1348 2577 z
1380 2555 1558 2576 excercere
1578 2557 1609 2575 α.
1702 2548 1753 2587 83.
1781 2547 1821 2575 tu
1840 2544 1885 2575 da

290 2604 333 2623 a:
367 2592 411 2623 da
431 2595 470 2623 tu
488 2594 521 2626 β.
615 2603 666 2634 93.
694 2591 822 2622 summi
840 2601 902 2623 om.
924 2594 958 2626 Β.
1050 2602 1103 2633 95.
1130 2599 1256 2631 magna
1276 2601 1319 2620 a:
1341 2590 1428 2620 mira
1447 2591 1480 2623 β.
1599 2591 1650 2628 96.
1677 2590 1719 2623 βε
1744 2587 1832 2629 phas
1853 2601 1882 2620 α.

289 2647 341 2679 97.
368 2635 589 2667 subitaneam
606 2648 623 2665 rs.
640 2648 646 2666 :
667 2634 821 2666 subitam
837 2637 870 2669 β.
1002 2645 1054 2674 99.
1081 2637 1118 2665 et
1135 2646 1153 2664 α
1169 2645 1177 2665 2
1207 2643 1247 2664 ac
1264 2635 1296 2667 β.
1449 2643 1518 2665 102.
1546 2634 1567 2666 β
1584 2644 1592 2663 :
1622 2634 1835 2673 aegestatem
1853 2644 1883 2662 a.

664 2688 828 2710 onerosus
844 2681 898 2709 est
914 2681 947 2712 Β.

288 2679 429 2710 interim
453 2679 527 2710 add.
546 2681 580 2713 β.

336 2786 407 2817 104.
434 2774 701 2813 Theodoricum]
723 2774 847 2806 Coelde
865 2776 906 2815 (c.
927 2784 1055 2816 1435—

293 2828 327 2849 11
345 2819 426 2850 Dec.
445 2820 542 2859 1515)
557 2818 592 2850 of
607 2818 821 2856 Osnabruck,
837 2828 874 2849 or
886 2818 1054 2856 Mi'mster,

288 2861 380 2892 after
408 2862 575 2903 studying
604 2865 643 2893 at
671 2861 820 2903 Cologne
848 2861 967 2902 joined
995 2861 1056 2892 the

290 2904 417 2935 Austin
443 2905 568 2943 Friars,
595 2904 661 2936 but
685 2915 712 2936 c.
745 2913 828 2945 1453
855 2908 948 2936 went
974 2915 1057 2936 over

291 2952 328 2979 to
353 2948 412 2978 the
440 2948 637 2979 Observant
661 2948 899 2986 Franciseans,
925 2948 996 2980 and
1019 2949 1056 2979 in

290 3000 427 3032 process
445 2990 479 3021 of
495 2991 580 3022 time
597 2991 723 3032 gained
738 2994 837 3032 great
853 2991 1056 3032 reputation

290 3033 360 3065 and
386 3032 555 3065 influenee
582 3044 620 3064 as
647 3044 667 3065 a
694 3034 868 3076 preacher.
921 3034 1055 3075 During

1121 2774 1245 2815 plague
1271 2773 1308 2805 in
1336 2773 1491 2805 Brussels
1517 2774 1554 2805 in
1584 2776 1668 2813 1489
1693 2774 1735 2805 he
1761 2774 1884 2806 distin-

1122 2817 1267 2859 guished
1289 2817 1428 2848 himself
1451 2817 1499 2858 by
1522 2817 1674 2848 devoted
1696 2817 1826 2848 service
1850 2821 1888 2849 to

1121 2861 1181 2892 the
1199 2860 1373 2902 suffering.
1415 2860 1505 2892 Rod.
1524 2860 1687 2901 Langius’
1705 2860 1888 2893 Rosarium

1123 2904 1203 2946 (Ep.
1239 2913 1290 2946 70.
1324 2905 1408 2944 45n)
1442 2914 1512 2935 was
1544 2903 1730 2944 composed
1762 2906 1801 2934 at
1832 2903 1887 2935 his

1122 2947 1333 2989 suggestion,
1365 2947 1437 2978 and
1466 2947 1513 2978 its
1544 2946 1622 2977 title
1655 2946 1826 2978 describes
1857 2948 1888 2979 it

1121 3001 1159 3022 as
1197 2990 1332 3022 ‘instar
1365 2989 1635 3031 praedicationis
1670 2989 1887 3022 deuotissimi

1122 3033 1254 3065 Fratris
1289 3032 1491 3065 Theodorici
1527 3032 1686 3065 Coelde’.
1748 3033 1791 3065 Of
1827 3033 1886 3065 the
