2012 3370
127 149 245 200 1309]
676 146 748 186 To
777 145 896 184 THE
926 144 1167 184 READER
1644 138 1720 176 119

126 258 435 310 theologicam:
482 258 599 297 cuius
630 256 790 307 generis
821 259 922 294 sunt
951 255 1048 293 libri
1077 254 1141 293 De
1173 252 1367 291 doctrina
1401 249 1641 289 Christiana
1678 252 1722 286 et

126 312 221 350 libri
238 313 301 351 De
317 313 538 351 Trinitate.
585 310 768 358 Quintus
788 310 1007 348 habuisset
1027 311 1072 347 τὰ
1101 309 1301 357 πολεμικά,
1318 306 1362 344 in
1382 303 1538 355 quibus
1558 305 1722 353 pugnat

126 366 328 405 aduersus
348 367 487 406 varias
506 365 893 404 haeresiarcharum
913 367 1077 414 pestes;
1109 366 1240 413 atque
1264 362 1309 399 in
1333 359 1398 398 his
1423 362 1587 397 aetates
1607 357 1724 407 ipsae

125 421 279 471 quibus
303 421 544 460 extitissent
566 419 770 465 haereses,
795 423 840 458 et
862 418 1046 457 affinitas
1069 428 1257 455 errorum
1280 413 1495 453 dedissent
1518 410 1722 450 ordinem.

126 475 238 513 Nam
265 476 308 513 in
335 475 413 513 hoc
439 486 587 526 genere
613 473 796 524 plurima
823 472 1098 522 conscripsit3
1140 471 1251 509 inter
1277 481 1386 519 quae
1412 470 1513 505 sunt
1538 464 1635 504 libri
1660 463 1725 502 De
1742 475 1786 498 20

127 529 311 568 Ciuitate
348 529 439 568 Dei.
486 528 641 568 Sextus
676 527 938 566 exhibuisset
972 530 1018 565 τὰ.
1063 526 1330 577 ἐξηγηματικά,
1371 520 1525 572 quibus
1554 520 1726 558 enarrat

128 583 296 622 diuinae
316 583 558 634 Scripturae
576 582 704 620 libros
726 594 733 620 :
766 594 872 631 quos
888 593 1052 619 eramus
1069 577 1272 631 digesturi
1287 575 1519 615 secundum
1535 573 1725 612 ordinem

130 637 392 676 voluminum
414 649 628 675 sacrorum
651 649 760 686 quae
782 636 1087 685 interpretatur
1107 646 1115 679 ;
1154 632 1352 670 videlicet
1374 628 1660 669 enarrationes
1682 626 1726 664 in

127 691 317 730 Psalmos
346 691 669 742 praecessissent
698 689 1010 729 enarrationem
1038 688 1083 726 in
1113 685 1393 737 Euangelium
1423 682 1609 721 Ioannis.
1668 680 1726 719 Et

128 745 407 796 Euangelium
445 748 690 784 enarratum
729 744 844 795 prius
882 743 1033 782 fuisset
1070 744 1268 780 enarrata
1306 737 1494 778 eiusdem
1532 733 1728 787 Apostoli
1746 746 1784 779 25

129 799 321 850 epistola,
353 803 482 850 atque
511 800 616 837 item
646 798 698 837 de
727 798 916 837 caeteris.
966 796 1181 847 Septimus
1210 793 1440 833 indicasset
1458 794 1504 830 τὰ
1523 791 1728 840 ἀμφίβολα

129 856 187 892 καὶ
218 856 321 900 νόθα,
345 853 424 892 hoc
447 857 512 892 est
541 853 594 892 de
623 852 778 903 quibus
807 852 958 891 merito
989 850 1158 889 dubites
1182 862 1237 888 an
1260 848 1347 886 sint
1368 844 1609 896 Augustini,
1633 847 1728 882 tum

126 921 235 958 quae
256 908 315 945 illi
336 907 443 946 falso
465 907 765 946 inscribuntur.
816 906 936 945 Idem
958 905 1222 944 indicaturus
1244 905 1336 941 erat
1357 901 1487 940 etiam
1509 912 1580 938 eos
1600 898 1730 937 libros

126 962 200 1012 qui
222 962 376 1000 iniuria
397 966 639 1013 temporum
662 960 982 1000 interciderunt.
1035 959 1195 998 Graeca
1218 956 1562 996 restituissemus.
1613 952 1728 991 Men-

127 1016 203 1054 das
227 1016 295 1055 vel
319 1016 564 1063 scribarum,
591 1015 659 1054 vel
682 1014 990 1054 eruditulorum
1015 1013 1221 1064 castigare
1245 1010 1481 1049 volentium
1505 1006 1621 1059 quod
1644 1018 1731 1045 non
1748 1018 1792 1050 30

127 1070 435 1121 intelligebant,
473 1070 598 1121 culpa
633 1069 845 1115 inductas,
883 1069 996 1107 bona
1032 1067 1114 1106 fide
1151 1066 1480 1109 sustulissemus,
1518 1075 1605 1101 non
1641 1061 1731 1099 sine

129 1124 337 1175 praesidio
368 1128 561 1163 veterum
592 1128 636 1163 et
666 1123 989 1163 emendatorum
1020 1121 1242 1161 codicum:
1290 1131 1396 1170 quos
1426 1118 1511 1156 iam
1543 1117 1588 1155 in
1617 1115 1730 1153 hunc

128 1192 253 1217 vsum
291 1179 455 1229 aliquot
492 1191 903 1229 comparaueramus‚
942 1177 1016 1228 qui
1053 1175 1121 1215 vel
1156 1175 1288 1226 ipsius
1325 1170 1554 1223 Augustini
1590 1168 1730 1208 seculo

128 1233 275 1283 scripti
296 1233 429 1272 videri
450 1236 662 1284 poterant.
713 1232 932 1272 Summam
953 1231 1103 1283 operis,
1126 1229 1328 1280 quoniam
1349 1230 1442 1266 erat
1460 1226 1730 1268 immensum,

128 1287 172 1325 in
196 1287 344 1326 doctos
369 1286 534 1337 aliquot
557 1291 601 1325 et
624 1287 721 1325 huic
745 1286 988 1337 prouinciae
1012 1297 1134 1336 pares
1158 1283 1308 1334 partiri
1331 1285 1632 1325 statueramus,
1658 1276 1732 1316 sed
1751 1285 1788 1318 35

129 1341 187 1379 sic
214 1345 263 1379 vt
289 1353 366 1379 sua
391 1341 542 1391 cuique
568 1340 705 1379 laudis
730 1341 870 1391 portio
897 1339 1031 1378 solida
1057 1341 1261 1377 maneret.
1316 1335 1463 1374 Habet
1487 1334 1601 1372 enim
1627 1331 1732 1370 haee

128 1399 246 1434 aetas
275 1395 508 1446 permultos
536 1408 603 1433 me
630 1394 793 1434 felicius
821 1398 959 1440 natos,
989 1393 1064 1444 qui
1091 1392 1186 1443 plus
1214 1394 1376 1442 queant
1402 1389 1448 1428 in
1475 1388 1554 1427 hoc
1583 1398 1734 1438 genere

129 1453 344 1500 praestare
359 1462 489 1500 quam
505 1462 594 1500 egO.

183 1503 262 1542 His
281 1503 406 1542 rebus
425 1503 649 1554 sperabam
667 1503 756 1542 fore
776 1506 825 1541 vt
843 1501 1120 1553 Augustinus,
1141 1500 1207 1538 vir
1225 1512 1311 1538 non
1330 1498 1469 1537 minus
1488 1496 1583 1547 pius
1602 1506 1733 1546 quam

128 1558 333 1605 eruditus,
350 1558 436 1597 iam
453 1571 479 1597 a
494 1557 685 1608 pluribus
701 1557 827 1596 simul
841 1561 886 1596 et
902 1557 1060 1595 maiore
1076 1568 1173 1594 cum
1189 1553 1333 1593 fructu
1349 1552 1556 1604 legeretur
1576 1563 1585 1589 :
1618 1547 1734 1600 quod
1750 1557 1796 1588 40

129 1613 173 1650 in
205 1612 456 1663 Hieronymi
486 1612 603 1651 libris
635 1613 824 1651 euenisse
856 1615 947 1650 tam
980 1609 1256 1650 manifestum
1287 1611 1353 1646 est
1384 1610 1435 1645 vt
1466 1618 1542 1644 nee
1574 1603 1734 1643 inimici

129 1667 294 1717 possint
315 1666 506 1705 inficiari.
556 1666 701 1717 Atque
723 1666 847 1705 huius
870 1669 961 1705 tam
984 1665 1103 1716 impii
1127 1666 1312 1702 conatus*
1328 1660 1433 1700 odor
1454 1658 1580 1698 simul
1603 1662 1734 1709 atque

130 1724 421 1772 permanasset
446 1720 502 1760 ad
527 1720 736 1772 quosdam
762 1719 1031 1759 Dominicani
1058 1717 1245 1757 sodalitii
1271 1716 1437 1761 fratres,
1465 1714 1550 1753 iam
1577 1725 1664 1752 non
1690 1712 1735 1750 in

130 1775 354 1826 symposiis
383 1778 556 1814 tantum
586 1788 735 1814 verum
765 1775 895 1814 etiam
925 1775 970 1813 in
999 1773 1179 1824 publicis
1209 1769 1481 1810 concionibus
1512 1765 1735 1806 vociferari

130 1833 372 1880 coeperunt,
393 1829 615 1881 indignum
633 1829 798 1869 facinus
817 1842 893 1868 nec
913 1828 1074 1867 diutius
1093 1826 1184 1865 orbi
1204 1823 1487 1869 tolerandum,
1508 1822 1735 1861 Erasmum
1753 1831 1792 1863 45

129 1883 312 1935 denique
340 1888 385 1923 et
413 1884 642 1935 Augustini
672 1884 995 1935 castigationem
1025 1881 1175 1927 moliri,
1206 1880 1251 1918 in
1281 1879 1399 1917 euius
1430 1876 1627 1928 operibus
1656 1887 1734 1913 nec

129 1938 347 1977 tantulum
372 1938 653 1989 intelligeret:
696 1942 826 1989 atque
851 1936 1057 1976 haeresim
1083 1936 1213 1974 etiam
1239 1932 1467 1977 vocabant,
1495 1941 1735 1969 asseuerare

130 1993 360 2043 quicquam
383 2006 472 2031 esse
494 1993 537 2031 in
560 1992 685 2031 huius
708 1993 788 2030 viri
810 1991 927 2030 libris
950 1989 1214 2035 mendosum,
1240 1986 1526 2026 adulterinum
1550 1988 1627 2023 aut
1648 1996 1735 2021 non

130 2046 394 2085 intellectum
407 2046 628 2097 theologis.
659 2047 749 2097 Ego
763 2058 983 2097 nunquam
997 2044 1101 2083 mihi
1114 2042 1330 2082 vindicaui
1343 2053 1483 2080 raram
1497 2038 1735 2089 theologiae

131 2101 382 2146 scientiam3
427 2105 472 2140 et
500 2104 647 2139 tamen
674 2113 762 2139 non
789 2113 923 2151 vsque
953 2099 1059 2138 adeo
1089 2110 1231 2137 meum
1261 2097 1340 2135 hoc
1370 2093 1628 2145 ingeniolum
1659 2095 1736 2130 aut
1760 2103 1799 2135 50

132 2154 413 2195 eruditionem
444 2159 669 2194 contemno
700 2159 751 2194 vt
780 2154 1019 2193 existimem
1050 2166 1118 2191 me
1148 2150 1253 2190 nihil
1282 2149 1515 2200 intelligere
1544 2148 1590 2186 in
1618 2146 1737 2185 libris

132 2209 372 2260 Augustini,
387 2209 431 2248 in
446 2209 600 2260 quibus
614 2209 674 2247 illi
688 2210 816 2248 crassi
830 2212 1013 2255 ventres,
1029 2208 1167 2246 stiuae
1181 2206 1272 2244 nati
1287 2205 1430 2256 potius
1445 2215 1575 2254 quam
1589 2201 1735 2247 literis,

131 2263 374 2314 intelligunt
400 2264 555 2302 omnia.
611 2263 663 2302 Id
689 2277 778 2302 esse
804 2276 952 2302 verum
978 2261 1101 2301 facile
1127 2260 1286 2306 credas,
1314 2259 1459 2304 lector,
1487 2257 1522 2295 si
1548 2260 1634 2295 tres
1660 2258 1737 2294 aut

131 2321 317 2368 quatuor
332 2317 412 2356 tibi
428 2318 643 2357 nominem
660 2318 735 2369 qui
751 2317 994 2356 huiusmodi
1010 2316 1184 2356 naenias
1200 2326 1412 2364 nusquam
1429 2324 1516 2351 non
1532 2309 1735 2349 vocifera-

132 2371 301 2419 bantur,
328 2373 577 2423 praesertim
601 2372 782 2411 Louam'i
805 2376 850 2411 et
873 2371 1083 2411 Coloniae.
1136 2370 1226 2409 Nec
1250 2369 1363 2407 enim
1387 2366 1579 2405 ordinem
1602 2364 1648 2402 in
1671 2363 1737 2401 ius
1759 2373 1797 2408 55

131 2439 251 2473 voco,
277 2426 352 2465 sed
375 2427 481 2465 istos
505 2426 713 2478 quosdam
738 2426 910 2466 rabulas
934 2425 1124 2465 detestor
1147 2424 1235 2475 qui,
1261 2433 1489 2475 praecones
1515 2416 1738 2469 Euangelii

132 2480 321 2531 professi,
355 2494 519 2520 scurras
551 2486 713 2533 agunt:
762 2494 870 2532 quos
901 2479 1004 2520 ordo
1037 2481 1247 2520 coerceret
1279 2476 1347 2516 vel
1378 2476 1559 2520 eiiceret,
1593 2472 1629 2512 si
1660 2483 1737 2510 suo

132 2535 282 2574 honori
303 2535 544 2574 consultum
566 2535 707 2575 vellet.

186 2589 246 2628 Et
267 2593 414 2628 tamen
435 2590 480 2628 in
502 2589 582 2629 hoc
605 2590 777 2641 negocio
801 2602 888 2628 non
910 2592 1049 2628 tracto
1072 2600 1162 2627 rem
1184 2584 1446 2636 theologicae
1470 2580 1735 2627 subtilitatis,

132 2643 206 2682 sed
222 2643 474 2683 emendatae
491 2643 697 2683 lectionis.
739 2643 1018 2683 Grammatici
1031 2642 1191 2694 parteis
1204 2640 1308 2679 mihi
1323 2650 1458 2684 sum0‚
1475 2635 1679 2676 veritates
1694 2637 1738 2674 et
1757 2649 1803 2681 60

181 2774 233 2805 32.
260 2764 433 2802 codicum]
460 2764 527 2796 For
553 2764 611 2796 the
638 2772 712 2796 MSS.
744 2762 828 2795 used
855 2762 899 2804 by
972 2766 1071 2802 ptum
1099 2759 1210 2791 videri
1236 2757 1401 2800 posset’:
1430 2757 1555 2788 Annos.
1576 2755 1614 2787 in
1631 2755 1735 2796 Apoc.

136 2809 240 2842 Vives
256 2818 311 2840 see
327 2808 455 2840 introd.
970 2815 998 2845 3.
1019 2815 1050 2845 7,
1068 2803 1183 2834 added
1198 2803 1234 2833 in
1255 2810 1347 2842 1527.

183 2861 235 2892 33.
262 2852 449 2893 Augustini
474 2849 603 2889 seculo]
630 2850 712 2881 This
739 2849 901 2881 estimato
1015 2857 1067 2889 37.
1093 2847 1242 2885 felicius]
1259 2846 1321 2877 See
1336 2845 1401 2885 Ep.
1424 2854 1505 2877 1102
1536 2846 1593 2876 6n.

136 2895 199 2928 has
224 2895 394 2937 probably
419 2905 465 2926 no
490 2904 584 2926 more
609 2894 711 2925 value
737 2893 823 2924 than
849 2892 902 2923 his
1014 2900 1069 2930 43.
1097 2887 1333 2926 Dominicani]
1350 2888 1400 2920 Cf.
1421 2887 1486 2928 Ep.
1511 2896 1604 2927 1271.
1626 2894 1704 2926 3511.

136 2939 347 2980 description
388 2939 422 2970 of
463 2938 521 2970 the
562 2937 677 2970 Codex
718 2935 902 2968 Reuchlini
1021 2942 1071 2973 53.
1101 2937 1170 2964 tres
1192 2936 1255 2963 aut
1276 2929 1445 2973 quatuor]
1458 2930 1507 2962 Cf.
1527 2931 1619 2972 Epp.
1643 2930 1736 2968 1263.

136 2983 237 3021 (xiicz
273 2982 315 3013 ef.
342 2982 406 3023 Ep.
431 2991 493 3023 373
516 2981 660 3020 introd.)
689 2991 725 3011 as
758 2979 766 2991 ‘
782 2982 902 3011 tantae
974 2982 1051 3015 2611,
1074 2987 1166 3017 1:74.
1186 2985 1267 3016 5¹¹¹·
1287 2985 1378 3015 1302.
1398 2985 1473 3018 7111,
1503 2983 1593 3014 ¹330-
1614 2981 1737 3013 49-52.

138 3026 326 3057 vetustatis
349 3028 390 3057 vt
412 3025 659 3067 Apostolorum
683 3027 799 3056 aetate
824 3023 902 3054 scri-
1019 3029 1070 3061 55.
1097 3019 1267 3058 ordinem]
1285 3018 1337 3050 Cf.
1353 3019 1418 3059 Ep.
1438 3022 1532 3050 iooo.
1548 3027 1605 3056 411.
