2012 3370
139 129 259 179 1492]
1650 126 1724 163 541

583 296 705 334 1492.
769 293 837 334 To
871 293 1071 334 ROBERT
1102 292 1278 334 Tonas.

179 387 281 432 Opus
299 386 549 431 Epistolarum
569 396 603 429 p.
620 385 703 419 622.
1434 382 1552 416 Basle.

178 445 224 480 N.
244 456 279 490 p.
300 453 365 489 593
383 458 390 477 :
424 442 541 478 Lond.
560 442 663 477 xviii.
679 452 721 485 41
743 456 749 475 :
785 442 858 476 LB.
877 452 958 485 701.
1306 450 1322 485 5
1345 440 1561 486 September
1581 449 1682 484 1524.

177 523 260 563 [For
274 523 386 555 Tones
402 521 472 554 and
488 520 656 553 Burbank
672 530 728 552 see
743 519 807 561 Ep.
831 522 924 559 1138.
965 519 1002 551 It
1018 529 1100 561 may
1116 519 1157 551 be
1175 519 1354 551 remarked
1370 519 1452 551 that
1467 518 1632 551 Erasmus
1648 518 1730 550 does

135 571 196 599 not
217 570 364 599 venture
386 576 431 598 on
453 564 575 597 Tones’
599 563 773 596 Christian
796 573 922 595 name:
958 574 979 595 a
1001 563 1102 604 point
1124 573 1169 595 on
1191 562 1304 594 which
1326 562 1368 594 he
1391 562 1488 594 often
1509 572 1591 605 goes
1613 572 1730 604 wrong

133 612 202 650 (see
219 609 308 652 Epp.
331 618 415 650 1054
430 608 573 646 introd,
594 609 687 648 1384.
711 607 816 647 100).]

230 706 430 734 ERASMVS
460 704 789 734 ROTERODAMVS
819 703 1023 735 TONESIO,
1056 702 1339 730 CONSILIARIO
1371 703 1638 731 CARDINALIS

705 758 1023 786 ERORACENSOE.
1056 757 1089 785 S.
1111 758 1153 784 D.

186 826 272 866 VIR
292 827 570 872 ornatissime,
594 837 681 864 non
701 825 855 863 iniuria
878 837 944 863 me
966 822 1164 874 obiurgat
1186 835 1260 874 per
1281 822 1447 862 litteras
1469 821 1732 862 Guilhelmus

133 881 395 928 Burbanous,
417 879 532 932 quod
552 884 595 918 te
616 883 708 918 tam
728 878 957 918 candidum
977 878 1175 926 amicum,
1197 881 1289 916 tam
1308 876 1463 916 fortem
1485 882 1729 928 patronum,

132 940 221 974 tam
254 936 474 987 insigniter
505 934 720 973 eruditum
753 933 981 979 hominem,
1016 944 1237 983 nunquam
1271 930 1477 971 haetenus
1511 931 1732 970 salutarim

129 989 322 1040 epistola.
369 989 421 1028 In
439 1001 566 1028 causa
584 992 649 1027 est
666 987 794 1040 quod,
814 987 917 1026 dum
936 991 980 1026 et
997 988 1143 1026 amicis
1161 991 1205 1025 et
1221 986 1401 1025 inimicis
1420 998 1545 1037 cogor
1561 998 1731 1037 respon-

130 1044 241 1091 dere,
270 1056 451 1095 quorum
478 1044 625 1095 ingens
652 1047 717 1082 cst
744 1054 957 1089 numerus,
987 1041 1151 1080 nullum
1178 1041 1382 1092 temporis
1410 1041 1601 1092 spacium
1629 1039 1732 1078 mihi
1753 1056 1768 1089 5

132 1111 314 1137 vacuum
345 1098 610 1149 relinquitur.
671 1096 894 1136 Caeterum
926 1096 1102 1135 eximias
1132 1096 1289 1147 ingenii
1319 1096 1384 1134 tui
1415 1095 1538 1134 dotes
1569 1107 1617 1133 ac
1650 1095 1730 1133 sin-

130 1152 318 1203 gularem
347 1152 562 1204 quendam
591 1153 635 1190 in
666 1164 732 1190 me
762 1150 953 1190 fauorem
982 1149 1168 1189 Thomas
1198 1149 1355 1196 Morus,
1387 1152 1525 1196 autor,
1559 1153 1607 1187 vt
1637 1150 1730 1196 scis,

128 1210 172 1245 et
191 1207 331 1258 grauis
351 1211 395 1246 et
413 1205 636 1253 facundus,
657 1205 760 1244 mihi
779 1217 865 1244 non
885 1204 1012 1244 semel
1032 1204 1309 1255 praedicauit.
1358 1202 1465 1250 Scio,
1488 1204 1545 1242 mi
1564 1203 1728 1250 Tonesi‚

129 1273 312 1312 agnosco
341 1265 385 1300 et
414 1261 599 1307 memini,
632 1272 795 1312 agoque
824 1260 996 1311 gratias,
1028 1258 1228 1298 libentius
1261 1259 1293 1297 si
1323 1270 1478 1309 queam
1506 1257 1731 1296 relaturus.

131 1314 212 1354 Vbi
243 1314 338 1366 plus
369 1316 449 1353 ocii
480 1314 666 1361 dabitur,
701 1313 891 1366 pluribus
923 1318 1064 1354 tecum
1097 1326 1234 1365 agam.
1296 1311 1474 1351 Interim
1506 1324 1653 1363 precor
1684 1316 1733 1350 vt
1758 1327 1794 1349 ιο

130 1381 260 1420 quam
281 1368 505 1408 bellissime
526 1368 681 1407 valeas.

184 1422 345 1462 Datum
370 1422 561 1462 Basileae
584 1435 718 1461 nonas
741 1422 1024 1473 Septembres,
1050 1422 1130 1461 An.
1158 1429 1274 1471 1524.

618 1573 738 1611 1493.
802 1570 871 1611 To
904 1568 1084 1610 HENRY
1118 1568 1247 1610 VIII.

177 1660 280 1706 Opus
298 1661 549 1705 Epistolarum
570 1673 604 1705 p.
621 1663 704 1695 626.
1438 1659 1555 1693 Basle.

178 1719 224 1754 N.
243 1730 279 1764 p.
299 1728 364 1764 597
383 1734 390 1753 :
425 1719 542 1754 Lond.
561 1719 665 1753 xviii.
684 1727 722 1763 51
745 1733 751 1752 ε
787 1718 860 1753 LB.
879 1728 960 1762 702.
1305 1718 1329 1750 6
1347 1715 1564 1760 September
1586 1724 1685 1759 1524.

188 1818 389 1847 ERASMVS
418 1818 747 1847 ROTERODAMVS
777 1817 884 1845 REGI
913 1816 1109 1845 ANGLIAE
1139 1816 1338 1844 HENRICO
1372 1815 1543 1844 OCTAVO
1573 1815 1608 1843 S.
1628 1816 1671 1843 Ι).

184 1885 490 1924 INVIOTISSIME
521 1884 627 1928 Rex,
655 1897 741 1923 non
765 1883 1012 1934 ignorabam
1039 1895 1169 1933 quam
1195 1894 1328 1921 essem
1354 1882 1524 1931 ineptus
1550 1880 1732 1919 harenae

129 1939 418 1991 gladiatoriae,
443 1951 607 1990 semper
629 1940 672 1978 iu
695 1938 1000 1977 amoenissimis
1023 1937 1240 1975 Musarum
1264 1936 1368 1975 ortis
1391 1939 1597 1974 versatus.
1649 1934 1731 1974 Sed

129 1993 233 2045 quid
270 2006 356 2033 non
393 1992 574 2032 audeam
612 1996 712 2032 tuae
748 1991 1013 2032 felicissimae
1051 1991 1287 2030 maiestatis
1324 1990 1458 2029 fretus
1495 1990 1731 2040 auspiciis?

130 2047 252 2087 laeta
280 2052 346 2087 est
374 2047 478 2094 alea,
508 2048 613 2086 exiit
640 2048 685 2087 in
713 2046 849 2086 lucem
878 2045 1043 2086 libellus
1071 2045 1136 2084 De
1164 2044 1295 2084 libero
1325 2043 1529 2091 arbitrio;
1575 2043 1730 2090 audax,

119 2102 383 2149 mihicrede,
400 2101 576 2150 facinus,
594 2105 644 2141 vt
658 2114 770 2141 nunc
786 2113 854 2140 res
871 2100 1032 2140 habent
1047 2099 1311 2139 Germaniae.
1360 2099 1552 2150 Expecto
1570 2097 1729 2149 lapida—
1751 2114 1766 2145 5

129 2157 303 2204 tionem,
337 2160 381 2196 et
412 2157 497 2196 iam
529 2169 641 2195 nunc
673 2155 838 2207 aliquot
868 2155 1024 2194 rabiosi
1054 2153 1183 2194 libelli
1215 2153 1494 2205 prouolarunt
1525 2154 1569 2191 in
1601 2156 1732 2203 caput

130 2223 285 2250 meum.
352 2210 434 2251 Sed
472 2210 720 2250 consolabor
759 2211 965 2261 meipsum
1004 2208 1197 2260 exemplo
1237 2209 1473 2247 maiestatis
1510 2211 1624 2253 tuae,
1665 2208 1731 2245 cui

130 2278 216 2304 non
247 2266 384 2317 parcit
414 2266 593 2305 istorum
626 2266 883 2304 immanitas.
945 2263 1173 2303 Decretum
1206 2267 1298 2302 erat
1330 2266 1374 2301 et
1405 2261 1563 2312 alioqui
1595 2260 1731 2299 facere

131 2319 185 2358 ad
211 2319 327 2371 quod
352 2332 426 2371 per
450 2319 595 2359 literas
620 2320 816 2366 hortaris,
843 2323 888 2358 et
913 2319 1101 2370 religioni
1128 2317 1391 2357 Christianae
1416 2315 1628 2355 iuuandae
1654 2316 1729 2353 im-

131 2375 250 2413 mori.
310 2373 392 2414 Sed
423 2379 569 2413 tamen
600 2373 776 2413 alacrior
805 2374 850 2413 id
880 2373 1048 2420 faciam,
1082 2376 1231 2423 postea
1261 2383 1390 2422 quam
1423 2375 1500 2409 tua
1531 2370 1730 2408 maiestas
1754 2387 1791 2408 10

131 2429 329 2475 currenti,
349 2428 464 2479 quod
490 2429 624 2475 aiunt,
654 2428 791 2467 calcar
816 2427 971 2467 addere
997 2427 1174 2477 dignata
1200 2430 1292 2464 est:
1336 2425 1402 2463 cui
1429 2436 1576 2475 precor
1601 2423 1728 2461 felici-

130 2487 266 2522 tatem
287 2487 551 2534 perpetuam.

186 2535 347 2576 Datum
378 2536 581 2583 Basileae‚
612 2536 814 2588 postridie
843 2548 977 2575 nonas
1005 2535 1221 2586 Septemb.
1281 2534 1403 2571 Auno
1433 2543 1527 2571 111).
1551 2541 1700 2571 xxmi.

749 2636 840 2666 1493.
869 2644 896 2665 2.
926 2634 1034 2666 hortis
1054 2633 1109 2664 N³.

180 2727 274 2759 1492.
294 2735 322 2758 1.
340 2737 400 2768 per
416 2727 569 2766 litteras]
586 2727 659 2759 Not
674 2731 811 2758 extant.
964 2724 1086 2756 sontod
1108 2728 1146 2756 to
1167 2724 1288 2765 Hom-y
1309 2735 1353 2755 011
1379 2733 1413 2754 12
1440 2723 1515 2754 Nov
1535 2734 1553 2757 .:
1587 2733 1642 2753 see
1665 2722 1729 2764 Ep.

181 2770 274 2802 1493.
301 2779 331 2801 2.
358 2769 459 2809 ortis]
488 2769 556 2801 For
584 2769 644 2801 the
673 2769 900 2810 unaspirated
970 2778 1060 2809 1513.
1076 2770 1154 2807 4—0.

134 2814 223 2845 form
253 2812 298 2844 ef.
329 2812 420 2854 Epp.
450 2821 526 2852 270.
562 2814 636 2846 16n.
672 2814 765 2844 1062.
802 2821 899 2853 11511,
1011 2822 1038 2852 3.
1066 2810 1287 2850 Germaniae]
1304 2811 1355 2843 Cf.
1374 2810 1439 2852 Ep.
1463 2811 1555 2850 1486.
1575 2819 1648 2850 2—3.

138 2858 232 2897 1460.
255 2865 281 2889 1.
1007 2864 1038 2886 o.
1063 2853 1185 2893 libelli]
1200 2854 1251 2887 Cf.
1270 2854 1335 2896 Ep.
1356 2856 1448 2896 1481.
1466 2863 1544 2895 27n.

179 2910 208 2940 3.
235 2899 413 2941 auspiciis]
430 2899 480 2931 Cf.
500 2899 565 2941 Ep.
588 2909 681 2941 1227.
704 2908 757 2940 511.
1008 2903 1038 2930 S.
1065 2908 1134 2930 non
1154 2897 1280 2939 parcit]
1298 2897 1349 2929 cf.
1370 2897 1434 2939 Ep.
1459 2899 1552 2937 1308.
1570 2906 1626 2932 on.

178 2956 210 2984 4.
239 2944 290 2975 Do
321 2943 428 2975 libero
460 2942 622 2982 arbitrio]
661 2943 693 2974 It
727 2953 795 2974 was
829 2953 899 2984 prc-
1008 2955 1038 2977 «p.
1067 2941 1272 2983 perliteras]
1289 2943 1349 2973 Soc
1367 2941 1430 2982 Ep.
1455 2943 1545 2982 1⁴⁶7-
1570 2944 1640 2973 1611.
