<?xml version="1.0" encoding="UTF-8"?>
<!DOCTYPE html PUBLIC "-//W3C//DTD XHTML 1.0 Transitional//EN"
    "http://www.w3.org/TR/xhtml1/DTD/xhtml1-transitional.dtd">
<html xmlns="http://www.w3.org/1999/xhtml" xml:lang="en" lang="en">
 <head>
  <title>
</title>
<meta http-equiv="Content-Type" content="text/html;charset=utf-8" />
  <meta name='ocr-system' content='tesseract 3.04.00' />
  <meta name='ocr-capabilities' content='ocr_page ocr_carea ocr_par ocr_line ocrx_word'/>
</head>
<body>
  <div class='ocr_page' id='page_1' title='image "./opusepistolarum05eras_0636.png"; bbox 0 0 2012 3370; ppageno 0'>
   <div class='ocr_carea' id='block_1_1' title="bbox 233 146 1832 196">
    <p class='ocr_par' dir='ltr' id='par_1_1' title="bbox 233 146 1832 196">
     <span class='ocr_line' id='line_1_1' title="bbox 233 146 1832 196; baseline -0.002 -8"><span class='ocrx_word' id='word_1_1' title='bbox 233 152 313 190; x_wconf 84' lang='lat'>594</span> <span class='ocrx_word' id='word_1_2' title='bbox 706 147 963 186; x_wconf 82' lang='lat' dir='ltr'>LETTERS</span> <span class='ocrx_word' id='word_1_3' title='bbox 993 147 1066 187; x_wconf 87' lang='lat' dir='ltr'>OF</span> <span class='ocrx_word' id='word_1_4' title='bbox 1095 146 1359 186; x_wconf 79' lang='lat' dir='ltr'><strong>ERASMUS</strong></span> <span class='ocrx_word' id='word_1_5' title='bbox 1708 147 1832 196; x_wconf 86' lang='lat'>[1524</span> 
     </span>
    </p>
   </div>
   <div class='ocr_carea' id='block_1_2' title="bbox 163 255 1833 2422">
    <p class='ocr_par' dir='ltr' id='par_1_2' title="bbox 231 255 1832 418">
     <span class='ocr_line' id='line_1_2' title="bbox 234 255 1832 306; baseline -0.002 -9"><span class='ocrx_word' id='word_1_6' title='bbox 234 264 396 298; x_wconf 77' lang='lat' dir='ltr'>menter</span> <span class='ocrx_word' id='word_1_7' title='bbox 419 258 550 296; x_wconf 84' lang='lat' dir='ltr'>videri</span> <span class='ocrx_word' id='word_1_8' title='bbox 575 257 726 295; x_wconf 89' lang='lat' dir='ltr'>volunt</span> <span class='ocrx_word' id='word_1_9' title='bbox 750 256 995 294; x_wconf 88' lang='lat' dir='ltr'>Lutherani.</span> <span class='ocrx_word' id='word_1_10' title='bbox 1046 255 1140 295; x_wconf 83' lang='lat' dir='ltr'>Scio</span> <span class='ocrx_word' id='word_1_11' title='bbox 1163 259 1350 306; x_wconf 85' lang='lat' dir='ltr'>quantus</span> <span class='ocrx_word' id='word_1_12' title='bbox 1373 256 1429 293; x_wconf 92' lang='lat' dir='ltr'>sit</span> <span class='ocrx_word' id='word_1_13' title='bbox 1451 255 1605 294; x_wconf 82' lang='lat' dir='ltr'><strong>artifex</strong></span> <span class='ocrx_word' id='word_1_14' title='bbox 1627 255 1832 303; x_wconf 85' lang='lat' dir='ltr'>Christus,</span> 
     </span>
     <span class='ocr_line' id='line_1_3' title="bbox 231 309 1830 364; baseline -0.001 -12"><span class='ocrx_word' id='word_1_15' title='bbox 231 315 305 364; x_wconf 92' lang='lat' dir='ltr'>qui</span> <span class='ocrx_word' id='word_1_16' title='bbox 332 315 454 352; x_wconf 83' lang='lat' dir='ltr'>nouit</span> <span class='ocrx_word' id='word_1_17' title='bbox 482 312 690 350; x_wconf 87' lang='lat' dir='ltr'>humanos</span> <span class='ocrx_word' id='word_1_18' title='bbox 718 310 930 348; x_wconf 84' lang='lat' dir='ltr'>tumultus</span> <span class='ocrx_word' id='word_1_19' title='bbox 956 311 1001 349; x_wconf 89' lang='lat' dir='ltr'>in</span> <span class='ocrx_word' id='word_1_20' title='bbox 1028 323 1153 348; x_wconf 90' lang='lat' dir='ltr'>suum</span> <span class='ocrx_word' id='word_1_21' title='bbox 1180 322 1438 361; x_wconf 87' lang='lat' dir='ltr'>suorumque</span> <span class='ocrx_word' id='word_1_22' title='bbox 1465 309 1625 348; x_wconf 91' lang='lat' dir='ltr'>bonum</span> <span class='ocrx_word' id='word_1_23' title='bbox 1652 315 1830 350; x_wconf 85' lang='lat' dir='ltr'>vertere.</span> 
     </span>
     <span class='ocr_line' id='line_1_4' title="bbox 232 363 1831 418; baseline -0.003 -12"><span class='ocrx_word' id='word_1_24' title='bbox 232 368 379 418; x_wconf 86' lang='lat' dir='ltr'>quue</span> <span class='ocrx_word' id='word_1_25' title='bbox 399 366 548 404; x_wconf 91' lang='lat' dir='ltr'>lubens</span> <span class='ocrx_word' id='word_1_26' title='bbox 569 365 868 403; x_wconf 78' lang='lat' dir='ltr'>abstinuissem</span> <span class='ocrx_word' id='word_1_27' title='bbox 889 364 943 403; x_wconf 89' lang='lat' dir='ltr'>ab</span> <span class='ocrx_word' id='word_1_28' title='bbox 965 365 1043 403; x_wconf 91' lang='lat' dir='ltr'>hac</span> <span class='ocrx_word' id='word_1_29' title='bbox 1064 364 1295 415; x_wconf 72' lang='lat' dir='ltr'><strong>tragoedia,</strong></span> <span class='ocrx_word' id='word_1_30' title='bbox 1317 365 1351 402; x_wconf 87' lang='lat' dir='ltr'>si</span> <span class='ocrx_word' id='word_1_31' title='bbox 1372 364 1571 402; x_wconf 89' lang='lat' dir='ltr'>licuisset.</span> <span class='ocrx_word' id='word_1_32' title='bbox 1621 363 1831 414; x_wconf 86' lang='lat' dir='ltr'>Equidem</span> 
     </span>
    </p>

    <p class='ocr_par' dir='ltr' id='par_1_3' title="bbox 173 417 1832 579">
     <span class='ocr_line' id='line_1_5' title="bbox 173 417 1832 471; baseline -0.002 -10"><span class='ocrx_word' id='word_1_33' title='bbox 173 439 209 471; x_wconf 82' lang='lat'>15</span> <span class='ocrx_word' id='word_1_34' title='bbox 231 427 280 461; x_wconf 80' lang='lat' dir='ltr'>vt</span> <span class='ocrx_word' id='word_1_35' title='bbox 311 420 524 460; x_wconf 91' lang='lat' dir='ltr'>tumultus</span> <span class='ocrx_word' id='word_1_36' title='bbox 555 424 705 458; x_wconf 82' lang='lat' dir='ltr'>auctor</span> <span class='ocrx_word' id='word_1_37' title='bbox 736 432 824 458; x_wconf 89' lang='lat' dir='ltr'>esse</span> <span class='ocrx_word' id='word_1_38' title='bbox 855 418 966 465; x_wconf 92' lang='lat' dir='ltr'>nolo,</span> <span class='ocrx_word' id='word_1_39' title='bbox 999 420 1074 464; x_wconf 89' lang='lat' dir='ltr'>ita,</span> <span class='ocrx_word' id='word_1_40' title='bbox 1108 423 1320 469; x_wconf 87' lang='lat' dir='ltr'>quantum</span> <span class='ocrx_word' id='word_1_41' title='bbox 1351 417 1556 456; x_wconf 90' lang='lat' dir='ltr'>inuitabit</span> <span class='ocrx_word' id='word_1_42' title='bbox 1586 417 1832 468; x_wconf 85' lang='lat' dir='ltr'>proficiendi</span> 
     </span>
     <span class='ocr_line' id='line_1_6' title="bbox 231 471 1832 526; baseline -0.002 -13"><span class='ocrx_word' id='word_1_43' title='bbox 231 489 338 526; x_wconf 80' lang='lat' dir='ltr'>spes,</span> <span class='ocrx_word' id='word_1_44' title='bbox 366 488 452 513; x_wconf 90' lang='lat' dir='ltr'>non</span> <span class='ocrx_word' id='word_1_45' title='bbox 479 473 703 512; x_wconf 83' lang='lat' dir='ltr'>defuturus</span> <span class='ocrx_word' id='word_1_46' title='bbox 731 486 825 512; x_wconf 90' lang='lat' dir='ltr'>sum</span> <span class='ocrx_word' id='word_1_47' title='bbox 853 473 1108 524; x_wconf 84' lang='lat' dir='ltr'>Euangelico</span> <span class='ocrx_word' id='word_1_48' title='bbox 1135 474 1322 524; x_wconf 82' lang='lat' dir='ltr'>negocio,</span> <span class='ocrx_word' id='word_1_49' title='bbox 1380 472 1491 519; x_wconf 84' lang='lat' dir='ltr'>Quid</span> <span class='ocrx_word' id='word_1_50' title='bbox 1518 471 1705 511; x_wconf 84' lang='lat' dir='ltr'>Luthero</span> <span class='ocrx_word' id='word_1_51' title='bbox 1732 485 1832 511; x_wconf 89' lang='lat' dir='ltr'>suus</span> 
     </span>
     <span class='ocr_line' id='line_1_7' title="bbox 230 527 1467 579; baseline -0.004 -11"><span class='ocrx_word' id='word_1_52' title='bbox 230 530 365 568; x_wconf 88' lang='lat' dir='ltr'>dictet</span> <span class='ocrx_word' id='word_1_53' title='bbox 387 529 573 579; x_wconf 89' lang='lat' dir='ltr'>spiritus,</span> <span class='ocrx_word' id='word_1_54' title='bbox 596 529 686 578; x_wconf 90' lang='lat' dir='ltr'>ipse</span> <span class='ocrx_word' id='word_1_55' title='bbox 708 527 876 566; x_wconf 86' lang='lat' dir='ltr'>viderit.</span> <span class='ocrx_word' id='word_1_56' title='bbox 1464 532 1467 534; x_wconf 79' lang='grc'><strong>’</strong></span> 
     </span>
    </p>

    <p class='ocr_par' dir='ltr' id='par_1_4' title="bbox 230 580 1833 689">
     <span class='ocr_line' id='line_1_8' title="bbox 284 580 1833 632; baseline -0.002 -11"><span class='ocrx_word' id='word_1_57' title='bbox 284 583 342 621; x_wconf 85' lang='grc' dir='ltr'>Το</span> <span class='ocrx_word' id='word_1_58' title='bbox 372 596 457 621; x_wconf 93' lang='lat' dir='ltr'>non</span> <span class='ocrx_word' id='word_1_59' title='bbox 486 595 581 621; x_wconf 90' lang='lat' dir='ltr'>sum</span> <span class='ocrx_word' id='word_1_60' title='bbox 611 582 884 620; x_wconf 82' lang='lat' dir='ltr'>vehementer</span> <span class='ocrx_word' id='word_1_61' title='bbox 916 581 972 620; x_wconf 91' lang='lat' dir='ltr'>ad</span> <span class='ocrx_word' id='word_1_62' title='bbox 1004 581 1264 632; x_wconf 80' lang='lat' dir='ltr'>palinodiam</span> <span class='ocrx_word' id='word_1_63' title='bbox 1298 581 1566 627; x_wconf 80' lang='lat' dir='ltr'>adhortatus,</span> <span class='ocrx_word' id='word_1_64' title='bbox 1601 580 1669 618; x_wconf 87' lang='lat' dir='ltr'>vel</span> <span class='ocrx_word' id='word_1_65' title='bbox 1702 580 1756 619; x_wconf 93' lang='lat' dir='ltr'>ob</span> <span class='ocrx_word' id='word_1_66' title='bbox 1789 580 1833 619; x_wconf 87' lang='lat' dir='ltr'>id</span> 
     </span>
     <span class='ocr_line' id='line_1_9' title="bbox 230 634 1832 689; baseline -0.002 -13"><span class='ocrx_word' id='word_1_67' title='bbox 230 637 346 689; x_wconf 90' lang='lat' dir='ltr'>quod</span> <span class='ocrx_word' id='word_1_68' title='bbox 382 638 529 675; x_wconf 89' lang='lat' dir='ltr'>scirem</span> <span class='ocrx_word' id='word_1_69' title='bbox 567 649 633 675; x_wconf 89' lang='lat' dir='ltr'>me</span> <span class='ocrx_word' id='word_1_70' title='bbox 670 636 749 675; x_wconf 93' lang='lat' dir='ltr'>hoc</span> <span class='ocrx_word' id='word_1_71' title='bbox 786 649 937 686; x_wconf 79' lang='lat' dir='ltr'>operae</span> <span class='ocrx_word' id='word_1_72' title='bbox 973 635 1178 674; x_wconf 89' lang='lat' dir='ltr'>lusurum.</span> <span class='ocrx_word' id='word_1_73' title='bbox 1243 635 1341 675; x_wconf 89' lang='lat' dir='ltr'>Non</span> <span class='ocrx_word' id='word_1_74' title='bbox 1377 648 1471 673; x_wconf 89' lang='lat' dir='ltr'>sum</span> <span class='ocrx_word' id='word_1_75' title='bbox 1507 635 1635 673; x_wconf 84' lang='lat' dir='ltr'>iudex</span> <span class='ocrx_word' id='word_1_76' title='bbox 1671 634 1832 674; x_wconf 88' lang='lat' dir='ltr'>alienae</span> 
     </span>
    </p>

    <p class='ocr_par' dir='ltr' id='par_1_5' title="bbox 169 688 1833 957">
     <span class='ocr_line' id='line_1_10' title="bbox 169 688 1832 739; baseline -0.003 -7"><span class='ocrx_word' id='word_1_77' title='bbox 169 710 211 734; x_wconf 89' lang='lat'>20</span> <span class='ocrx_word' id='word_1_78' title='bbox 231 692 528 737; x_wconf 78' lang='lat' dir='ltr'>conscienciae,</span> <span class='ocrx_word' id='word_1_79' title='bbox 573 704 650 729; x_wconf 80' lang='lat' dir='ltr'>nec</span> <span class='ocrx_word' id='word_1_80' title='bbox 693 691 891 729; x_wconf 90' lang='lat' dir='ltr'>dominus</span> <span class='ocrx_word' id='word_1_81' title='bbox 929 690 1089 729; x_wconf 85' lang='lat' dir='ltr'>alienae</span> <span class='ocrx_word' id='word_1_82' title='bbox 1127 689 1237 728; x_wconf 91' lang='lat' dir='ltr'>fidei.</span> <span class='ocrx_word' id='word_1_83' title='bbox 1306 689 1428 728; x_wconf 87' lang='lat' dir='ltr'>Certe</span> <span class='ocrx_word' id='word_1_84' title='bbox 1465 688 1670 739; x_wconf 86' lang='lat' dir='ltr'>optabam</span> <span class='ocrx_word' id='word_1_85' title='bbox 1707 692 1832 727; x_wconf 90' lang='lat' dir='ltr'>tuum</span> 
     </span>
     <span class='ocr_line' id='line_1_11' title="bbox 228 743 1832 797; baseline -0.002 -13"><span class='ocrx_word' id='word_1_86' title='bbox 228 746 457 797; x_wconf 75' lang='lat' dir='ltr'>ingenium,</span> <span class='ocrx_word' id='word_1_87' title='bbox 492 750 542 783; x_wconf 89' lang='lat' dir='ltr'>vt</span> <span class='ocrx_word' id='word_1_88' title='bbox 574 749 640 784; x_wconf 89' lang='lat' dir='ltr'>est</span> <span class='ocrx_word' id='word_1_89' title='bbox 671 749 823 783; x_wconf 89' lang='lat' dir='ltr'>natum</span> <span class='ocrx_word' id='word_1_90' title='bbox 856 744 978 783; x_wconf 83' lang='lat' dir='ltr'>bonis</span> <span class='ocrx_word' id='word_1_91' title='bbox 1010 744 1155 791; x_wconf 85' lang='lat' dir='ltr'>literis,</span> <span class='ocrx_word' id='word_1_92' title='bbox 1189 745 1252 783; x_wconf 88' lang='lat' dir='ltr'>ita</span> <span class='ocrx_word' id='word_1_93' title='bbox 1283 744 1432 782; x_wconf 87' lang='lat' dir='ltr'>iisdem</span> <span class='ocrx_word' id='word_1_94' title='bbox 1466 748 1672 794; x_wconf 89' lang='lat' dir='ltr'>perpetuo</span> <span class='ocrx_word' id='word_1_95' title='bbox 1704 743 1832 782; x_wconf 85' lang='lat' dir='ltr'>fuisse</span> 
     </span>
     <span class='ocr_line' id='line_1_12' title="bbox 229 798 1833 849; baseline -0.001 -11"><span class='ocrx_word' id='word_1_96' title='bbox 229 800 433 839; x_wconf 88' lang='lat' dir='ltr'>dicatum.</span> <span class='ocrx_word' id='word_1_97' title='bbox 491 799 589 838; x_wconf 86' lang='lat' dir='ltr'>Non</span> <span class='ocrx_word' id='word_1_98' title='bbox 609 798 843 838; x_wconf 80' lang='lat' dir='ltr'>defuissent</span> <span class='ocrx_word' id='word_1_99' title='bbox 862 803 1026 837; x_wconf 90' lang='lat' dir='ltr'>actores</span> <span class='ocrx_word' id='word_1_100' title='bbox 1045 800 1117 837; x_wconf 81' lang='lat' dir='ltr'>isti</span> <span class='ocrx_word' id='word_1_101' title='bbox 1145 798 1401 849; x_wconf 82' lang='lat' dir='ltr'>tragoediae,</span> <span class='ocrx_word' id='word_1_102' title='bbox 1432 811 1541 849; x_wconf 87' lang='lat' dir='ltr'>quae</span> <span class='ocrx_word' id='word_1_103' title='bbox 1570 810 1655 848; x_wconf 92' lang='lat' dir='ltr'>quo</span> <span class='ocrx_word' id='word_1_104' title='bbox 1684 810 1833 836; x_wconf 86' lang='lat' dir='ltr'>casura</span> 
     </span>
     <span class='ocr_line' id='line_1_13' title="bbox 227 852 1833 904; baseline -0.002 -11"><span class='ocrx_word' id='word_1_105' title='bbox 227 856 285 893; x_wconf 82' lang='lat' dir='ltr'>sit</span> <span class='ocrx_word' id='word_1_106' title='bbox 308 855 519 893; x_wconf 87' lang='lat' dir='ltr'>incertum</span> <span class='ocrx_word' id='word_1_107' title='bbox 543 857 621 892; x_wconf 90' lang='lat' dir='ltr'>est.</span> <span class='ocrx_word' id='word_1_108' title='bbox 675 853 801 892; x_wconf 83' lang='lat' dir='ltr'>Absit</span> <span class='ocrx_word' id='word_1_109' title='bbox 826 857 876 892; x_wconf 85' lang='lat' dir='ltr'>vt</span> <span class='ocrx_word' id='word_1_110' title='bbox 901 852 1181 904; x_wconf 86' lang='lat' dir='ltr'>Euangelicae</span> <span class='ocrx_word' id='word_1_111' title='bbox 1206 852 1424 891; x_wconf 88' lang='lat' dir='ltr'>doctrinae</span> <span class='ocrx_word' id='word_1_112' title='bbox 1450 865 1732 899; x_wconf 86' lang='lat' dir='ltr'>succenseam,</span> <span class='ocrx_word' id='word_1_113' title='bbox 1759 852 1833 890; x_wconf 90' lang='lat' dir='ltr'>sed</span> 
     </span>
     <span class='ocr_line' id='line_1_14' title="bbox 227 906 1833 957; baseline -0.002 -10"><span class='ocrx_word' id='word_1_114' title='bbox 227 910 272 948; x_wconf 92' lang='lat' dir='ltr'>in</span> <span class='ocrx_word' id='word_1_115' title='bbox 310 908 505 947; x_wconf 85' lang='lat' dir='ltr'>doctrina</span> <span class='ocrx_word' id='word_1_116' title='bbox 544 907 719 947; x_wconf 91' lang='lat' dir='ltr'>Lutheri</span> <span class='ocrx_word' id='word_1_117' title='bbox 758 907 895 946; x_wconf 87' lang='lat' dir='ltr'>multa</span> <span class='ocrx_word' id='word_1_118' title='bbox 933 920 1000 945; x_wconf 91' lang='lat' dir='ltr'>me</span> <span class='ocrx_word' id='word_1_119' title='bbox 1038 906 1291 945; x_wconf 81' lang='lat' dir='ltr'>offendunt:</span> <span class='ocrx_word' id='word_1_120' title='bbox 1344 906 1450 945; x_wconf 90' lang='lat' dir='ltr'>illud</span> <span class='ocrx_word' id='word_1_121' title='bbox 1487 907 1680 957; x_wconf 87' lang='lat' dir='ltr'>inprimis</span> <span class='ocrx_word' id='word_1_122' title='bbox 1717 906 1833 957; x_wconf 90' lang='lat' dir='ltr'>quod</span> 
     </span>
    </p>

    <p class='ocr_par' dir='ltr' id='par_1_6' title="bbox 167 960 1833 1230">
     <span class='ocr_line' id='line_1_15' title="bbox 167 960 1833 1016; baseline -0.002 -14"><span class='ocrx_word' id='word_1_123' title='bbox 167 982 208 1016; x_wconf 83' lang='lat'>25</span> <span class='ocrx_word' id='word_1_124' title='bbox 228 962 432 1014; x_wconf 88' lang='lat' dir='ltr'>quicquid</span> <span class='ocrx_word' id='word_1_125' title='bbox 466 963 643 1013; x_wconf 79' lang='lat' dir='ltr'>suscipit</span> <span class='ocrx_word' id='word_1_126' title='bbox 676 961 1004 1008; x_wconf 85' lang='lat' dir='ltr'>defendendum,</span> <span class='ocrx_word' id='word_1_127' title='bbox 1039 961 1099 999; x_wconf 90' lang='lat' dir='ltr'>ibi</span> <span class='ocrx_word' id='word_1_128' title='bbox 1131 960 1347 1011; x_wconf 89' lang='lat' dir='ltr'>impendio</span> <span class='ocrx_word' id='word_1_129' title='bbox 1381 960 1609 999; x_wconf 77' lang='lat' dir='ltr'>vehemens</span> <span class='ocrx_word' id='word_1_130' title='bbox 1643 965 1720 1007; x_wconf 84' lang='lat' dir='ltr'>est,</span> <span class='ocrx_word' id='word_1_131' title='bbox 1755 973 1833 999; x_wconf 90' lang='lat' dir='ltr'>nec</span> 
     </span>
     <span class='ocr_line' id='line_1_16' title="bbox 228 1014 1831 1068; baseline -0.002 -12"><span class='ocrx_word' id='word_1_132' title='bbox 228 1029 420 1068; x_wconf 86' lang='lat' dir='ltr'>vnquam</span> <span class='ocrx_word' id='word_1_133' title='bbox 435 1016 541 1056; x_wconf 80' lang='lat' dir='ltr'>facit</span> <span class='ocrx_word' id='word_1_134' title='bbox 557 1015 697 1063; x_wconf 88' lang='lat' dir='ltr'>finem,</span> <span class='ocrx_word' id='word_1_135' title='bbox 717 1016 851 1055; x_wconf 89' lang='lat' dir='ltr'>donec</span> <span class='ocrx_word' id='word_1_136' title='bbox 868 1015 1105 1066; x_wconf 84' lang='lat' dir='ltr'>perferatur</span> <span class='ocrx_word' id='word_1_137' title='bbox 1122 1015 1178 1054; x_wconf 90' lang='lat' dir='ltr'>ad</span> <span class='ocrx_word' id='word_1_138' title='bbox 1194 1015 1468 1067; x_wconf 88' lang='lat' dir='ltr'>hyperbolen.</span> <span class='ocrx_word' id='word_1_139' title='bbox 1515 1015 1624 1054; x_wconf 87' lang='lat' dir='ltr'>Eam</span> <span class='ocrx_word' id='word_1_140' title='bbox 1642 1014 1831 1054; x_wconf 86' lang='lat' dir='ltr'>admoni-</span> 
     </span>
     <span class='ocr_line' id='line_1_17' title="bbox 228 1069 1830 1121; baseline -0.001 -12"><span class='ocrx_word' id='word_1_141' title='bbox 228 1075 299 1110; x_wconf 87' lang='lat' dir='ltr'>tus</span> <span class='ocrx_word' id='word_1_142' title='bbox 319 1071 425 1109; x_wconf 90' lang='lat' dir='ltr'>adeo</span> <span class='ocrx_word' id='word_1_143' title='bbox 444 1084 530 1109; x_wconf 90' lang='lat' dir='ltr'>non</span> <span class='ocrx_word' id='word_1_144' title='bbox 550 1072 733 1121; x_wconf 83' lang='lat' dir='ltr'>mitigat,</span> <span class='ocrx_word' id='word_1_145' title='bbox 765 1074 814 1109; x_wconf 80' lang='lat' dir='ltr'>vt</span> <span class='ocrx_word' id='word_1_146' title='bbox 842 1071 985 1108; x_wconf 89' lang='lat' dir='ltr'>omnia</span> <span class='ocrx_word' id='word_1_147' title='bbox 1012 1070 1165 1109; x_wconf 87' lang='lat' dir='ltr'>reddat</span> <span class='ocrx_word' id='word_1_148' title='bbox 1188 1072 1528 1120; x_wconf 74' lang='grc' dir='ltr'>ὑπερβολικώτερα.</span> <span class='ocrx_word' id='word_1_149' title='bbox 1585 1069 1698 1109; x_wconf 89' lang='lat' dir='ltr'>Nam</span> <span class='ocrx_word' id='word_1_150' title='bbox 1719 1082 1830 1108; x_wconf 87' lang='lat' dir='ltr'>arro-</span> 
     </span>
     <span class='ocr_line' id='line_1_18' title="bbox 228 1123 1829 1177; baseline -0.001 -13"><span class='ocrx_word' id='word_1_151' title='bbox 228 1127 419 1177; x_wconf 87' lang='lat' dir='ltr'>gantiam</span> <span class='ocrx_word' id='word_1_152' title='bbox 433 1124 625 1164; x_wconf 79' lang='lat' dir='ltr'>fortassis</span> <span class='ocrx_word' id='word_1_153' title='bbox 639 1125 791 1175; x_wconf 82' lang='lat' dir='ltr'>aliquis</span> <span class='ocrx_word' id='word_1_154' title='bbox 804 1125 1157 1175; x_wconf 81' lang='lat' dir='ltr'>interpretabitur</span> <span class='ocrx_word' id='word_1_155' title='bbox 1170 1123 1306 1163; x_wconf 86' lang='lat' dir='ltr'>bonae</span> <span class='ocrx_word' id='word_1_156' title='bbox 1321 1125 1605 1163; x_wconf 87' lang='lat' dir='ltr'>conscienciae</span> <span class='ocrx_word' id='word_1_157' title='bbox 1615 1123 1829 1171; x_wconf 86' lang='lat' dir='ltr'>fiduciam,</span> 
     </span>
     <span class='ocr_line' id='line_1_19' title="bbox 228 1178 1830 1230; baseline 0 -13"><span class='ocrx_word' id='word_1_158' title='bbox 228 1183 272 1218; x_wconf 89' lang='lat' dir='ltr'>et</span> <span class='ocrx_word' id='word_1_159' title='bbox 305 1178 633 1218; x_wconf 86' lang='lat' dir='ltr'>amarulentiam</span> <span class='ocrx_word' id='word_1_160' title='bbox 670 1179 827 1217; x_wconf 85' lang='lat' dir='ltr'>nostris</span> <span class='ocrx_word' id='word_1_161' title='bbox 858 1178 1020 1217; x_wconf 84' lang='lat' dir='ltr'>meritis</span> <span class='ocrx_word' id='word_1_162' title='bbox 1050 1179 1314 1229; x_wconf 87' lang='lat' dir='ltr'>imputabit:</span> <span class='ocrx_word' id='word_1_163' title='bbox 1357 1192 1406 1218; x_wconf 89' lang='lat' dir='ltr'>ac</span> <span class='ocrx_word' id='word_1_164' title='bbox 1439 1179 1565 1230; x_wconf 84' lang='lat' dir='ltr'>plane</span> <span class='ocrx_word' id='word_1_165' title='bbox 1601 1191 1654 1217; x_wconf 90' lang='lat' dir='ltr'>ne</span> <span class='ocrx_word' id='word_1_166' title='bbox 1687 1178 1830 1217; x_wconf 89' lang='lat' dir='ltr'>dolose</span> 
     </span>
    </p>

    <p class='ocr_par' dir='ltr' id='par_1_7' title="bbox 168 1232 1830 1502">
     <span class='ocr_line' id='line_1_20' title="bbox 168 1232 1828 1285; baseline -0.001 -13"><span class='ocrx_word' id='word_1_167' title='bbox 168 1255 209 1285; x_wconf 85' lang='lat'>30</span> <span class='ocrx_word' id='word_1_168' title='bbox 227 1233 381 1281; x_wconf 82' lang='lat' dir='ltr'>dicam,</span> <span class='ocrx_word' id='word_1_169' title='bbox 412 1235 470 1272; x_wconf 88' lang='lat' dir='ltr'>sic</span> <span class='ocrx_word' id='word_1_170' title='bbox 500 1234 689 1285; x_wconf 83' lang='lat' dir='ltr'>Vndique</span> <span class='ocrx_word' id='word_1_171' title='bbox 719 1234 908 1284; x_wconf 88' lang='lat' dir='ltr'>corrupti</span> <span class='ocrx_word' id='word_1_172' title='bbox 938 1246 1074 1272; x_wconf 89' lang='lat' dir='ltr'>mores</span> <span class='ocrx_word' id='word_1_173' title='bbox 1104 1233 1441 1273; x_wconf 88' lang='lat' dir='ltr'>Christianorum</span> <span class='ocrx_word' id='word_1_174' title='bbox 1470 1232 1725 1284; x_wconf 83' lang='lat' dir='ltr'>flagitabant·</span> <span class='ocrx_word' id='word_1_175' title='bbox 1753 1234 1828 1271; x_wconf 90' lang='lat' dir='ltr'>im·</span> 
     </span>
     <span class='ocr_line' id='line_1_21' title="bbox 229 1286 1830 1339; baseline -0.001 -13"><span class='ocrx_word' id='word_1_176' title='bbox 229 1289 377 1327; x_wconf 86' lang='lat' dir='ltr'>mitem</span> <span class='ocrx_word' id='word_1_177' title='bbox 421 1288 606 1339; x_wconf 87' lang='lat' dir='ltr'>aliquem</span> <span class='ocrx_word' id='word_1_178' title='bbox 650 1289 964 1339; x_wconf 85' lang='lat' dir='ltr'>castigatorem.</span> <span class='ocrx_word' id='word_1_179' title='bbox 1037 1288 1096 1326; x_wconf 90' lang='lat' dir='ltr'>At</span> <span class='ocrx_word' id='word_1_180' title='bbox 1125 1300 1201 1339; x_wconf 86' lang='lat' dir='ltr'>ego</span> <span class='ocrx_word' id='word_1_181' title='bbox 1237 1287 1482 1327; x_wconf 85' lang='lat' dir='ltr'>libertatem</span> <span class='ocrx_word' id='word_1_182' title='bbox 1518 1289 1582 1325; x_wconf 90' lang='lat' dir='ltr'>ita</span> <span class='ocrx_word' id='word_1_183' title='bbox 1618 1286 1830 1326; x_wconf 89' lang='lat' dir='ltr'>malebam</span> 
     </span>
     <span class='ocr_line' id='line_1_22' title="bbox 228 1341 1830 1393; baseline -0.001 -12"><span class='ocrx_word' id='word_1_184' title='bbox 228 1346 514 1393; x_wconf 84' lang='lat' dir='ltr'>temperatam</span> <span class='ocrx_word' id='word_1_185' title='bbox 551 1346 601 1380; x_wconf 83' lang='lat' dir='ltr'>vt</span> <span class='ocrx_word' id='word_1_186' title='bbox 634 1341 856 1393; x_wconf 87' lang='lat' dir='ltr'>pontifices</span> <span class='ocrx_word' id='word_1_187' title='bbox 889 1343 1021 1380; x_wconf 87' lang='lat' dir='ltr'>etiam</span> <span class='ocrx_word' id='word_1_188' title='bbox 1051 1344 1097 1380; x_wconf 88' lang='lat' dir='ltr'>et</span> <span class='ocrx_word' id='word_1_189' title='bbox 1129 1342 1381 1381; x_wconf 87' lang='lat' dir='ltr'>monarchas</span> <span class='ocrx_word' id='word_1_190' title='bbox 1417 1341 1472 1380; x_wconf 90' lang='lat' dir='ltr'>ad</span> <span class='ocrx_word' id='word_1_191' title='bbox 1510 1341 1635 1380; x_wconf 88' lang='lat' dir='ltr'>huius</span> <span class='ocrx_word' id='word_1_192' title='bbox 1671 1342 1830 1393; x_wconf 89' lang='lat' dir='ltr'>negotii</span> 
     </span>
     <span class='ocr_line' id='line_1_23' title="bbox 229 1395 1830 1447; baseline -0.001 -13"><span class='ocrx_word' id='word_1_193' title='bbox 229 1398 492 1435; x_wconf 88' lang='lat' dir='ltr'>consorcium</span> <span class='ocrx_word' id='word_1_194' title='bbox 521 1395 824 1447; x_wconf 89' lang='lat' dir='ltr'>pelliceremus.</span> <span class='ocrx_word' id='word_1_195' title='bbox 881 1396 963 1435; x_wconf 93' lang='lat' dir='ltr'>Hic</span> <span class='ocrx_word' id='word_1_196' title='bbox 992 1409 1156 1447; x_wconf 87' lang='lat' dir='ltr'>semper</span> <span class='ocrx_word' id='word_1_197' title='bbox 1185 1395 1268 1435; x_wconf 78' lang='lat' dir='ltr'>fuit</span> <span class='ocrx_word' id='word_1_198' title='bbox 1298 1408 1450 1447; x_wconf 90' lang='lat' dir='ltr'>scopus</span> <span class='ocrx_word' id='word_1_199' title='bbox 1480 1408 1611 1444; x_wconf 88' lang='lat' dir='ltr'>meus,</span> <span class='ocrx_word' id='word_1_200' title='bbox 1642 1408 1718 1435; x_wconf 88' lang='lat' dir='ltr'>nec</span> <span class='ocrx_word' id='word_1_201' title='bbox 1749 1395 1830 1434; x_wconf 83' lang='lat' dir='ltr'>alio</span> 
     </span>
     <span class='ocr_line' id='line_1_24' title="bbox 229 1449 1429 1502; baseline 0.001 -13"><span class='ocrx_word' id='word_1_202' title='bbox 229 1455 374 1502; x_wconf 86' lang='lat' dir='ltr'>specto</span> <span class='ocrx_word' id='word_1_203' title='bbox 394 1464 507 1489; x_wconf 90' lang='lat' dir='ltr'>nunc</span> <span class='ocrx_word' id='word_1_204' title='bbox 528 1463 698 1501; x_wconf 87' lang='lat' dir='ltr'>quoque</span> <span class='ocrx_word' id='word_1_205' title='bbox 715 1464 723 1497; x_wconf 89' lang='lat'>;</span> <span class='ocrx_word' id='word_1_206' title='bbox 754 1449 967 1489; x_wconf 85' lang='lat' dir='ltr'>Lutherus</span> <span class='ocrx_word' id='word_1_207' title='bbox 987 1463 1072 1501; x_wconf 91' lang='lat' dir='ltr'>quo</span> <span class='ocrx_word' id='word_1_208' title='bbox 1092 1454 1257 1502; x_wconf 86' lang='lat' dir='ltr'>spectet</span> <span class='ocrx_word' id='word_1_209' title='bbox 1276 1452 1429 1491; x_wconf 82' lang='lat' dir='ltr'>nescio.</span> 
     </span>
    </p>

    <p class='ocr_par' dir='ltr' id='par_1_8' title="bbox 167 1504 1832 1773">
     <span class='ocr_line' id='line_1_25' title="bbox 167 1504 1832 1559; baseline 0 -16"><span class='ocrx_word' id='word_1_210' title='bbox 167 1526 206 1559; x_wconf 83' lang='lat'>35</span> <span class='ocrx_word' id='word_1_211' title='bbox 281 1504 497 1543; x_wconf 88' lang='lat' dir='ltr'>Admonui</span> <span class='ocrx_word' id='word_1_212' title='bbox 538 1517 612 1555; x_wconf 87' lang='lat' dir='ltr'>per</span> <span class='ocrx_word' id='word_1_213' title='bbox 652 1505 798 1543; x_wconf 84' lang='lat' dir='ltr'>literas</span> <span class='ocrx_word' id='word_1_214' title='bbox 839 1504 1091 1550; x_wconf 77' lang='lat' dir='ltr'>HecHonem,</span> <span class='ocrx_word' id='word_1_215' title='bbox 1136 1517 1326 1543; x_wconf 83' lang='lat' dir='ltr'>sermone</span> <span class='ocrx_word' id='word_1_216' title='bbox 1370 1504 1746 1556; x_wconf 87' lang='lat' dir='ltr'>Occolampadium</span> <span class='ocrx_word' id='word_1_217' title='bbox 1787 1508 1832 1543; x_wconf 89' lang='lat' dir='ltr'>et</span> 
     </span>
     <span class='ocr_line' id='line_1_26' title="bbox 228 1558 1831 1610; baseline -0.001 -12"><span class='ocrx_word' id='word_1_218' title='bbox 228 1558 485 1605; x_wconf 83' lang='lat' dir='ltr'>Pelicanuni,</span> <span class='ocrx_word' id='word_1_219' title='bbox 522 1559 650 1610; x_wconf 87' lang='lat' dir='ltr'>idque</span> <span class='ocrx_word' id='word_1_220' title='bbox 684 1571 771 1598; x_wconf 90' lang='lat' dir='ltr'>non</span> <span class='ocrx_word' id='word_1_221' title='bbox 805 1559 946 1605; x_wconf 89' lang='lat' dir='ltr'>semel,</span> <span class='ocrx_word' id='word_1_222' title='bbox 983 1563 1033 1597; x_wconf 85' lang='lat' dir='ltr'>vt</span> <span class='ocrx_word' id='word_1_223' title='bbox 1067 1571 1119 1597; x_wconf 86' lang='lat' dir='ltr'>ex</span> <span class='ocrx_word' id='word_1_224' title='bbox 1155 1559 1369 1597; x_wconf 90' lang='lat' dir='ltr'>communi</span> <span class='ocrx_word' id='word_1_225' title='bbox 1404 1559 1578 1598; x_wconf 89' lang='lat' dir='ltr'>consilio</span> <span class='ocrx_word' id='word_1_226' title='bbox 1612 1559 1831 1598; x_wconf 87' lang='lat' dir='ltr'>doctrinae</span> 
     </span>
     <span class='ocr_line' id='line_1_27' title="bbox 227 1612 1831 1664; baseline 0 -13"><span class='ocrx_word' id='word_1_227' title='bbox 227 1626 327 1652; x_wconf 89' lang='lat' dir='ltr'>suae</span> <span class='ocrx_word' id='word_1_228' title='bbox 363 1614 573 1652; x_wconf 87' lang='lat' dir='ltr'>rationem</span> <span class='ocrx_word' id='word_1_229' title='bbox 609 1612 836 1651; x_wconf 84' lang='lat' dir='ltr'>redderent</span> <span class='ocrx_word' id='word_1_230' title='bbox 873 1612 995 1652; x_wconf 85' lang='lat' dir='ltr'>Card.</span> <span class='ocrx_word' id='word_1_231' title='bbox 1035 1612 1290 1664; x_wconf 82' lang='lat' dir='ltr'>Campegi03</span> <span class='ocrx_word' id='word_1_232' title='bbox 1340 1625 1425 1664; x_wconf 90' lang='lat' dir='ltr'>quo</span> <span class='ocrx_word' id='word_1_233' title='bbox 1462 1613 1653 1664; x_wconf 83' lang='lat' dir='ltr'>profecto</span> <span class='ocrx_word' id='word_1_234' title='bbox 1690 1612 1831 1651; x_wconf 90' lang='lat' dir='ltr'>nullus</span> 
     </span>
     <span class='ocr_line' id='line_1_28' title="bbox 225 1666 1830 1718; baseline 0 -12"><span class='ocrx_word' id='word_1_235' title='bbox 225 1667 390 1718; x_wconf 88' lang='lat' dir='ltr'>legatus</span> <span class='ocrx_word' id='word_1_236' title='bbox 406 1672 577 1718; x_wconf 89' lang='lat' dir='ltr'>poterat</span> <span class='ocrx_word' id='word_1_237' title='bbox 594 1668 733 1717; x_wconf 87' lang='lat' dir='ltr'>optari</span> <span class='ocrx_word' id='word_1_238' title='bbox 750 1668 923 1718; x_wconf 87' lang='lat' dir='ltr'>aequior</span> <span class='ocrx_word' id='word_1_239' title='bbox 940 1670 1015 1705; x_wconf 88' lang='lat' dir='ltr'>aut</span> <span class='ocrx_word' id='word_1_240' title='bbox 1032 1666 1270 1706; x_wconf 84' lang='lat' dir='ltr'>humanior.</span> <span class='ocrx_word' id='word_1_241' title='bbox 1316 1666 1462 1706; x_wconf 82' lang='lat' dir='ltr'>Surdis</span> <span class='ocrx_word' id='word_1_242' title='bbox 1479 1668 1609 1706; x_wconf 87' lang='lat' dir='ltr'>cecini</span> <span class='ocrx_word' id='word_1_243' title='bbox 1625 1667 1830 1706; x_wconf 88' lang='lat' dir='ltr'>fabulam.</span> 
     </span>
     <span class='ocr_line' id='line_1_29' title="bbox 225 1720 1832 1773; baseline 0.001 -14"><span class='ocrx_word' id='word_1_244' title='bbox 225 1721 289 1760; x_wconf 92' lang='lat' dir='ltr'>Ne</span> <span class='ocrx_word' id='word_1_245' title='bbox 307 1721 567 1760; x_wconf 82' lang='lat' dir='ltr'>Clementem</span> <span class='ocrx_word' id='word_1_246' title='bbox 585 1721 757 1772; x_wconf 90' lang='lat' dir='ltr'>quidem</span> <span class='ocrx_word' id='word_1_247' title='bbox 775 1722 922 1771; x_wconf 87' lang='lat' dir='ltr'>opinor</span> <span class='ocrx_word' id='word_1_248' title='bbox 940 1725 1031 1759; x_wconf 81' lang='lat' dir='ltr'>tam</span> <span class='ocrx_word' id='word_1_249' title='bbox 1049 1733 1245 1759; x_wconf 86' lang='lat' dir='ltr'>auersum</span> <span class='ocrx_word' id='word_1_250' title='bbox 1263 1721 1317 1759; x_wconf 86' lang='lat' dir='ltr'>ab</span> <span class='ocrx_word' id='word_1_251' title='bbox 1336 1720 1557 1773; x_wconf 86' lang='lat' dir='ltr'>Euangelii</span> <span class='ocrx_word' id='word_1_252' title='bbox 1573 1722 1832 1772; x_wconf 85' lang='lat' dir='ltr'>synceritate</span> 
     </span>
    </p>

    <p class='ocr_par' dir='ltr' id='par_1_9' title="bbox 163 1775 1833 2044">
     <span class='ocr_line' id='line_1_30' title="bbox 163 1775 1833 1828; baseline 0 -14"><span class='ocrx_word' id='word_1_253' title='bbox 163 1798 207 1828; x_wconf 88' lang='lat'>40</span> <span class='ocrx_word' id='word_1_254' title='bbox 224 1775 491 1814; x_wconf 87' lang='lat' dir='ltr'>restituenda</span> <span class='ocrx_word' id='word_1_255' title='bbox 538 1776 745 1826; x_wconf 89' lang='lat' dir='ltr'>reperturi</span> <span class='ocrx_word' id='word_1_256' title='bbox 794 1776 925 1814; x_wconf 84' lang='lat' dir='ltr'>simus</span> <span class='ocrx_word' id='word_1_257' title='bbox 973 1788 1103 1826; x_wconf 87' lang='lat' dir='ltr'>quam</span> <span class='ocrx_word' id='word_1_258' title='bbox 1152 1777 1402 1814; x_wconf 84' lang='lat' dir='ltr'>exist-imant</span> <span class='ocrx_word' id='word_1_259' title='bbox 1449 1776 1638 1827; x_wconf 90' lang='lat' dir='ltr'>quidam.</span> <span class='ocrx_word' id='word_1_260' title='bbox 1715 1775 1833 1815; x_wconf 89' lang='lat' dir='ltr'>Nihil</span> 
     </span>
     <span class='ocr_line' id='line_1_31' title="bbox 226 1829 1831 1882; baseline 0.001 -14"><span class='ocrx_word' id='word_1_261' title='bbox 226 1830 377 1869; x_wconf 88' lang='lat' dir='ltr'>horum</span> <span class='ocrx_word' id='word_1_262' title='bbox 402 1831 494 1868; x_wconf 86' lang='lat' dir='ltr'>istis</span> <span class='ocrx_word' id='word_1_263' title='bbox 520 1829 763 1880; x_wconf 80' lang='lat' dir='ltr'>persuaderi</span> <span class='ocrx_word' id='word_1_264' title='bbox 789 1830 945 1881; x_wconf 86' lang='lat' dir='ltr'>potuit.</span> <span class='ocrx_word' id='word_1_265' title='bbox 1000 1829 1188 1869; x_wconf 90' lang='lat' dir='ltr'>Tantum</span> <span class='ocrx_word' id='word_1_266' title='bbox 1214 1830 1292 1869; x_wconf 92' lang='lat' dir='ltr'>hoc</span> <span class='ocrx_word' id='word_1_267' title='bbox 1319 1834 1465 1882; x_wconf 85' lang='lat' dir='ltr'>agunt,</span> <span class='ocrx_word' id='word_1_268' title='bbox 1493 1834 1543 1869; x_wconf 80' lang='lat' dir='ltr'>vt</span> <span class='ocrx_word' id='word_1_269' title='bbox 1567 1843 1632 1870; x_wconf 89' lang='lat' dir='ltr'>res</span> <span class='ocrx_word' id='word_1_270' title='bbox 1658 1843 1831 1882; x_wconf 88' lang='lat' dir='ltr'>quoquo</span> 
     </span>
     <span class='ocr_line' id='line_1_32' title="bbox 227 1884 1832 1936; baseline 0.001 -13"><span class='ocrx_word' id='word_1_271' title='bbox 227 1889 353 1936; x_wconf 88' lang='lat' dir='ltr'>pacto</span> <span class='ocrx_word' id='word_1_272' title='bbox 381 1888 552 1935; x_wconf 82' lang='lat' dir='ltr'>serpat3</span> <span class='ocrx_word' id='word_1_273' title='bbox 596 1888 640 1922; x_wconf 88' lang='lat' dir='ltr'>et</span> <span class='ocrx_word' id='word_1_274' title='bbox 666 1885 877 1935; x_wconf 86' lang='lat' dir='ltr'>egregium</span> <span class='ocrx_word' id='word_1_275' title='bbox 905 1884 1127 1935; x_wconf 86' lang='lat' dir='ltr'>Euangelii</span> <span class='ocrx_word' id='word_1_276' title='bbox 1152 1884 1392 1935; x_wconf 82' lang='lat' dir='ltr'>profectum</span> <span class='ocrx_word' id='word_1_277' title='bbox 1418 1885 1768 1936; x_wconf 87' lang='lat' dir='ltr'>interpretantur,</span> <span class='ocrx_word' id='word_1_278' title='bbox 1798 1886 1832 1924; x_wconf 89' lang='lat' dir='ltr'>si</span> 
     </span>
     <span class='ocr_line' id='line_1_33' title="bbox 226 1938 1832 1990; baseline 0.001 -13"><span class='ocrx_word' id='word_1_279' title='bbox 226 1940 351 1990; x_wconf 89' lang='lat' dir='ltr'>pauci</span> <span class='ocrx_word' id='word_1_280' title='bbox 377 1938 573 1977; x_wconf 89' lang='lat' dir='ltr'>monachi</span> <span class='ocrx_word' id='word_1_281' title='bbox 599 1939 686 1977; x_wconf 88' lang='lat' dir='ltr'>sint</span> <span class='ocrx_word' id='word_1_282' title='bbox 710 1939 929 1977; x_wconf 84' lang='lat' dir='ltr'>exonerati</span> <span class='ocrx_word' id='word_1_283' title='bbox 955 1938 1286 1978; x_wconf 87' lang='lat' dir='ltr'>cuculla—inter</span> <span class='ocrx_word' id='word_1_284' title='bbox 1310 1952 1417 1990; x_wconf 89' lang='lat' dir='ltr'>quos</span> <span class='ocrx_word' id='word_1_285' title='bbox 1442 1940 1609 1978; x_wconf 83' lang='lat' dir='ltr'>vtinam</span> <span class='ocrx_word' id='word_1_286' title='bbox 1634 1952 1721 1978; x_wconf 93' lang='lat' dir='ltr'>non</span> <span class='ocrx_word' id='word_1_287' title='bbox 1745 1940 1832 1978; x_wconf 91' lang='lat' dir='ltr'>sint</span> 
     </span>
     <span class='ocr_line' id='line_1_34' title="bbox 227 1992 1832 2044; baseline 0.001 -13"><span class='ocrx_word' id='word_1_288' title='bbox 227 1992 351 2032; x_wconf 89' lang='lat' dir='ltr'>multi</span> <span class='ocrx_word' id='word_1_289' title='bbox 371 1993 527 2044; x_wconf 88' lang='lat' dir='ltr'>quibus</span> <span class='ocrx_word' id='word_1_290' title='bbox 547 1992 788 2043; x_wconf 84' lang='lat' dir='ltr'>expedisset</span> <span class='ocrx_word' id='word_1_291' title='bbox 812 1994 926 2031; x_wconf 88' lang='lat' dir='ltr'>intra</span> <span class='ocrx_word' id='word_1_292' title='bbox 946 1992 1153 2031; x_wconf 83' lang='lat' dir='ltr'>cancellos</span> <span class='ocrx_word' id='word_1_293' title='bbox 1180 1993 1359 2032; x_wconf 87' lang='lat' dir='ltr'>detineri</span> <span class='ocrx_word' id='word_1_294' title='bbox 1380 1993 1457 2040; x_wconf 89' lang='lat'>!—,</span> <span class='ocrx_word' id='word_1_295' title='bbox 1480 1994 1514 2032; x_wconf 92' lang='lat' dir='ltr'>si</span> <span class='ocrx_word' id='word_1_296' title='bbox 1539 1993 1832 2033; x_wconf 87' lang='lat' dir='ltr'>sacerdotibus</span> 
     </span>
    </p>

    <p class='ocr_par' dir='ltr' id='par_1_10' title="bbox 163 2046 1832 2315">
     <span class='ocr_line' id='line_1_35' title="bbox 163 2046 1832 2101; baseline 0.001 -16"><span class='ocrx_word' id='word_1_297' title='bbox 163 2069 204 2101; x_wconf 84' lang='lat'>45</span> <span class='ocrx_word' id='word_1_298' title='bbox 226 2047 390 2098; x_wconf 90' lang='lat' dir='ltr'>aliquot</span> <span class='ocrx_word' id='word_1_299' title='bbox 416 2050 689 2097; x_wconf 87' lang='lat' dir='ltr'>prospectum</span> <span class='ocrx_word' id='word_1_300' title='bbox 715 2047 771 2085; x_wconf 89' lang='lat' dir='ltr'>sit</span> <span class='ocrx_word' id='word_1_301' title='bbox 797 2046 848 2085; x_wconf 88' lang='lat' dir='ltr'>de</span> <span class='ocrx_word' id='word_1_302' title='bbox 874 2060 1018 2094; x_wconf 84' lang='lat' dir='ltr'>vxore,</span> <span class='ocrx_word' id='word_1_303' title='bbox 1047 2048 1080 2086; x_wconf 88' lang='lat' dir='ltr'>si</span> <span class='ocrx_word' id='word_1_304' title='bbox 1106 2060 1128 2086; x_wconf 90' lang='lat' dir='ltr'>e</span> <span class='ocrx_word' id='word_1_305' title='bbox 1154 2047 1321 2087; x_wconf 87' lang='lat' dir='ltr'>duobus</span> <span class='ocrx_word' id='word_1_306' title='bbox 1346 2047 1518 2099; x_wconf 89' lang='lat' dir='ltr'>templis</span> <span class='ocrx_word' id='word_1_307' title='bbox 1543 2052 1720 2087; x_wconf 84' lang='lat' dir='ltr'>exactae</span> <span class='ocrx_word' id='word_1_308' title='bbox 1746 2049 1832 2087; x_wconf 83' lang='lat' dir='ltr'>sint</span> 
     </span>
     <span class='ocr_line' id='line_1_36' title="bbox 226 2100 1832 2153; baseline 0.001 -14"><span class='ocrx_word' id='word_1_309' title='bbox 226 2101 443 2151; x_wconf 85' lang='lat' dir='ltr'>imagines.</span> <span class='ocrx_word' id='word_1_310' title='bbox 507 2101 598 2152; x_wconf 88' lang='lat' dir='ltr'>Ego</span> <span class='ocrx_word' id='word_1_311' title='bbox 633 2101 691 2139; x_wconf 87' lang='lat' dir='ltr'>sic</span> <span class='ocrx_word' id='word_1_312' title='bbox 726 2100 949 2151; x_wconf 86' lang='lat' dir='ltr'>cupiebam</span> <span class='ocrx_word' id='word_1_313' title='bbox 983 2102 1152 2140; x_wconf 83' lang='lat' dir='ltr'>restitui</span> <span class='ocrx_word' id='word_1_314' title='bbox 1186 2101 1456 2140; x_wconf 89' lang='lat' dir='ltr'>sacerdotum</span> <span class='ocrx_word' id='word_1_315' title='bbox 1489 2102 1746 2153; x_wconf 87' lang='lat' dir='ltr'>religionem,</span> <span class='ocrx_word' id='word_1_316' title='bbox 1783 2107 1832 2140; x_wconf 83' lang='lat' dir='ltr'>vt</span> 
     </span>
     <span class='ocr_line' id='line_1_37' title="bbox 226 2153 1830 2207; baseline 0.001 -15"><span class='ocrx_word' id='word_1_317' title='bbox 226 2155 331 2193; x_wconf 91' lang='lat' dir='ltr'>nihil</span> <span class='ocrx_word' id='word_1_318' title='bbox 361 2153 584 2193; x_wconf 84' lang='lat' dir='ltr'>decederet</span> <span class='ocrx_word' id='word_1_319' title='bbox 615 2155 893 2201; x_wconf 82' lang='lat' dir='ltr'>auctoritati3</span> <span class='ocrx_word' id='word_1_320' title='bbox 942 2155 1000 2193; x_wconf 88' lang='lat' dir='ltr'>sic</span> <span class='ocrx_word' id='word_1_321' title='bbox 1031 2155 1193 2194; x_wconf 88' lang='lat' dir='ltr'>consuli</span> <span class='ocrx_word' id='word_1_322' title='bbox 1223 2155 1346 2195; x_wconf 87' lang='lat' dir='ltr'>bonis</span> <span class='ocrx_word' id='word_1_323' title='bbox 1376 2156 1566 2207; x_wconf 88' lang='lat' dir='ltr'>ingeniis,</span> <span class='ocrx_word' id='word_1_324' title='bbox 1600 2169 1682 2207; x_wconf 90' lang='lat' dir='ltr'>que</span> <span class='ocrx_word' id='word_1_325' title='bbox 1713 2169 1830 2195; x_wconf 90' lang='lat' dir='ltr'>mon-</span> 
     </span>
     <span class='ocr_line' id='line_1_38' title="bbox 227 2208 1832 2260; baseline 0.001 -14"><span class='ocrx_word' id='word_1_326' title='bbox 227 2208 429 2247; x_wconf 83' lang='lat' dir='ltr'>achorum</span> <span class='ocrx_word' id='word_1_327' title='bbox 453 2209 699 2247; x_wconf 81' lang='lat' dir='ltr'>ceremoniis</span> <span class='ocrx_word' id='word_1_328' title='bbox 721 2208 1041 2259; x_wconf 84' lang='lat' dir='ltr'>insepeliuntur,</span> <span class='ocrx_word' id='word_1_329' title='bbox 1067 2214 1116 2248; x_wconf 77' lang='lat' dir='ltr'>vt</span> <span class='ocrx_word' id='word_1_330' title='bbox 1138 2221 1225 2247; x_wconf 91' lang='lat' dir='ltr'>non</span> <span class='ocrx_word' id='word_1_331' title='bbox 1248 2210 1482 2260; x_wconf 88' lang='lat' dir='ltr'>aperiretur</span> <span class='ocrx_word' id='word_1_332' title='bbox 1500 2209 1687 2249; x_wconf 85' lang='lat' dir='ltr'>fenestra</span> <span class='ocrx_word' id='word_1_333' title='bbox 1710 2209 1832 2248; x_wconf 82' lang='lat' dir='ltr'>malis</span> 
     </span>
     <span class='ocr_line' id='line_1_39' title="bbox 227 2262 1830 2315; baseline 0.002 -15"><span class='ocrx_word' id='word_1_334' title='bbox 227 2262 280 2300; x_wconf 89' lang='lat' dir='ltr'>ad</span> <span class='ocrx_word' id='word_1_335' title='bbox 305 2262 504 2301; x_wconf 88' lang='lat' dir='ltr'>licencius</span> <span class='ocrx_word' id='word_1_336' title='bbox 530 2262 793 2313; x_wconf 89' lang='lat' dir='ltr'>peccandum</span> <span class='ocrx_word' id='word_1_337' title='bbox 814 2276 822 2308; x_wconf 90' lang='lat'>;</span> <span class='ocrx_word' id='word_1_338' title='bbox 863 2262 1045 2314; x_wconf 87' lang='lat' dir='ltr'>denique</span> <span class='ocrx_word' id='word_1_339' title='bbox 1070 2276 1180 2314; x_wconf 88' lang='lat' dir='ltr'>quae</span> <span class='ocrx_word' id='word_1_340' title='bbox 1204 2263 1329 2315; x_wconf 89' lang='lat' dir='ltr'>longo</span> <span class='ocrx_word' id='word_1_341' title='bbox 1352 2265 1439 2302; x_wconf 88' lang='lat' dir='ltr'>iam</span> <span class='ocrx_word' id='word_1_342' title='bbox 1464 2277 1542 2303; x_wconf 82' lang='lat' dir='ltr'>vsu</span> <span class='ocrx_word' id='word_1_343' title='bbox 1567 2265 1830 2303; x_wconf 86' lang='lat' dir='ltr'>inueteraue-</span> 
     </span>
    </p>

    <p class='ocr_par' dir='ltr' id='par_1_11' title="bbox 167 2316 1830 2422">
     <span class='ocr_line' id='line_1_40' title="bbox 167 2316 1829 2372; baseline 0.002 -18"><span class='ocrx_word' id='word_1_344' title='bbox 167 2340 207 2372; x_wconf 77' lang='lat'>50</span> <span class='ocrx_word' id='word_1_345' title='bbox 225 2320 341 2363; x_wconf 87' lang='lat' dir='ltr'>runt,</span> <span class='ocrx_word' id='word_1_346' title='bbox 381 2317 439 2355; x_wconf 89' lang='lat' dir='ltr'>sic</span> <span class='ocrx_word' id='word_1_347' title='bbox 475 2316 685 2367; x_wconf 85' lang='lat' dir='ltr'>paulatim</span> <span class='ocrx_word' id='word_1_348' title='bbox 723 2317 885 2367; x_wconf 82' lang='lat' dir='ltr'>corrigi,</span> <span class='ocrx_word' id='word_1_349' title='bbox 924 2321 974 2355; x_wconf 90' lang='lat' dir='ltr'>vt</span> <span class='ocrx_word' id='word_1_350' title='bbox 1009 2329 1096 2355; x_wconf 84' lang='lat' dir='ltr'>non</span> <span class='ocrx_word' id='word_1_351' title='bbox 1133 2318 1276 2356; x_wconf 85' lang='lat' dir='ltr'>omnia</span> <span class='ocrx_word' id='word_1_352' title='bbox 1311 2318 1503 2357; x_wconf 87' lang='lat' dir='ltr'>tumultu</span> <span class='ocrx_word' id='word_1_353' title='bbox 1540 2319 1829 2365; x_wconf 77' lang='lat' dir='ltr'>miscerentur,</span> 
     </span>
     <span class='ocr_line' id='line_1_41' title="bbox 225 2370 1830 2422; baseline 0.001 -13"><span class='ocrx_word' id='word_1_354' title='bbox 225 2375 360 2421; x_wconf 80' lang='lat' dir='ltr'>vtque</span> <span class='ocrx_word' id='word_1_355' title='bbox 386 2370 560 2409; x_wconf 84' lang='lat' dir='ltr'>libertas</span> <span class='ocrx_word' id='word_1_356' title='bbox 587 2371 845 2422; x_wconf 84' lang='lat' dir='ltr'>Euangelica</span> <span class='ocrx_word' id='word_1_357' title='bbox 870 2372 1005 2421; x_wconf 86' lang='lat' dir='ltr'>possit</span> <span class='ocrx_word' id='word_1_358' title='bbox 1032 2384 1120 2410; x_wconf 85' lang='lat' dir='ltr'>esse</span> <span class='ocrx_word' id='word_1_359' title='bbox 1146 2373 1337 2422; x_wconf 84' lang='lat' dir='ltr'>gentium</span> <span class='ocrx_word' id='word_1_360' title='bbox 1364 2373 1553 2411; x_wconf 89' lang='lat' dir='ltr'>omnium</span> <span class='ocrx_word' id='word_1_361' title='bbox 1581 2374 1830 2412; x_wconf 85' lang='lat' dir='ltr'>communis.</span> 
     </span>
    </p>
   </div>
   <div class='ocr_carea' id='block_1_3' title="bbox 225 2472 1830 2733">
    <p class='ocr_par' dir='ltr' id='par_1_12' title="bbox 225 2472 1830 2733">
     <span class='ocr_line' id='line_1_42' title="bbox 274 2472 1827 2516; baseline 0.003 -12"><span class='ocrx_word' id='word_1_362' title='bbox 274 2474 321 2504; x_wconf 83' lang='lat'>18.</span> <span class='ocrx_word' id='word_1_363' title='bbox 349 2472 560 2505; x_wconf 79' lang='lat' dir='ltr'>adhort-atus</span> <span class='ocrx_word' id='word_1_364' title='bbox 582 2473 627 2505; x_wconf 82' lang='lat' dir='ltr'>ad</span> <span class='ocrx_word' id='word_1_365' title='bbox 649 2472 864 2515; x_wconf 82' lang='lat' dir='ltr'>palinodiam</span> <span class='ocrx_word' id='word_1_366' title='bbox 886 2473 930 2506; x_wconf 90' lang='lat' dir='ltr'>H.</span> <span class='ocrx_word' id='word_1_367' title='bbox 1127 2485 1146 2506; x_wconf 89' lang='lat'>2</span> <span class='ocrx_word' id='word_1_368' title='bbox 1152 2483 1181 2516; x_wconf 83' lang='lat'>5.</span> <span class='ocrx_word' id='word_1_369' title='bbox 1207 2475 1360 2516; x_wconf 81' lang='lat' dir='ltr'>suscepit</span> <span class='ocrx_word' id='word_1_370' title='bbox 1381 2475 1425 2508; x_wconf 88' lang='lat' dir='ltr'>H.</span> <span class='ocrx_word' id='word_1_371' title='bbox 1613 2475 1662 2508; x_wconf 93' lang='lat' dir='ltr'>ibi</span> <span class='ocrx_word' id='word_1_372' title='bbox 1682 2476 1758 2508; x_wconf 76' lang='lat' dir='ltr'>add.</span> <span class='ocrx_word' id='word_1_373' title='bbox 1782 2476 1827 2509; x_wconf 90' lang='lat' dir='ltr'>H.</span> 
     </span>
     <span class='ocr_line' id='line_1_43' title="bbox 225 2517 1827 2559; baseline 0.003 -12"><span class='ocrx_word' id='word_1_374' title='bbox 225 2522 279 2554; x_wconf 88' lang='lat'>27.</span> <span class='ocrx_word' id='word_1_375' title='bbox 308 2517 343 2544; x_wconf 56' lang='grc' dir='ltr'>αἳ</span> <span class='ocrx_word' id='word_1_376' title='bbox 369 2528 376 2547; x_wconf 89' lang='lat'>:</span> <span class='ocrx_word' id='word_1_377' title='bbox 406 2517 587 2558; x_wconf 70' lang='lat' dir='ltr'>mitigauit</span> <span class='ocrx_word' id='word_1_378' title='bbox 612 2518 655 2549; x_wconf 58' lang='grc' dir='ltr'>αι.</span> <span class='ocrx_word' id='word_1_379' title='bbox 828 2517 1173 2559; x_wconf 60' lang='grc' dir='ltr'>αἳεὺπερβολικότερα</span> <span class='ocrx_word' id='word_1_380' title='bbox 1191 2520 1235 2550; x_wconf 67' lang='grc'>(11.</span> <span class='ocrx_word' id='word_1_381' title='bbox 1421 2528 1475 2558; x_wconf 88' lang='lat'>29.</span> <span class='ocrx_word' id='word_1_382' title='bbox 1501 2518 1619 2551; x_wconf 84' lang='lat' dir='ltr'>dolose</span> <span class='ocrx_word' id='word_1_383' title='bbox 1644 2519 1758 2551; x_wconf 84' lang='lat' dir='ltr'>dicam</span> <span class='ocrx_word' id='word_1_384' title='bbox 1785 2532 1827 2552; x_wconf 80' lang='lat' dir='ltr'>a:</span> 
     </span>
     <span class='ocr_line' id='line_1_44' title="bbox 225 2558 1829 2605; baseline 0.004 -15"><span class='ocrx_word' id='word_1_385' title='bbox 225 2558 340 2590; x_wconf 86' lang='lat' dir='ltr'>dicam</span> <span class='ocrx_word' id='word_1_386' title='bbox 361 2559 442 2592; x_wconf 92' lang='lat' dir='ltr'>dolo</span> <span class='ocrx_word' id='word_1_387' title='bbox 462 2560 506 2593; x_wconf 87' lang='lat' dir='ltr'>H.</span> <span class='ocrx_word' id='word_1_388' title='bbox 658 2569 709 2600; x_wconf 83' lang='lat'>32.</span> <span class='ocrx_word' id='word_1_389' title='bbox 736 2564 773 2592; x_wconf 88' lang='lat' dir='ltr'>et</span> <span class='ocrx_word' id='word_1_390' title='bbox 794 2573 811 2590; x_wconf 82' lang='grc' dir='ltr'>α</span> <span class='ocrx_word' id='word_1_391' title='bbox 830 2572 837 2592; x_wconf 86' lang='lat'>:</span> <span class='ocrx_word' id='word_1_392' title='bbox 871 2571 912 2592; x_wconf 83' lang='lat' dir='ltr'>ac</span> <span class='ocrx_word' id='word_1_393' title='bbox 933 2560 977 2593; x_wconf 89' lang='lat' dir='ltr'>H.</span> <span class='ocrx_word' id='word_1_394' title='bbox 1129 2564 1181 2601; x_wconf 87' lang='lat'>36.</span> <span class='ocrx_word' id='word_1_395' title='bbox 1207 2560 1421 2594; x_wconf 84' lang='lat' dir='ltr'>Pellicanum</span> <span class='ocrx_word' id='word_1_396' title='bbox 1441 2561 1486 2595; x_wconf 90' lang='lat' dir='ltr'>N.</span> <span class='ocrx_word' id='word_1_397' title='bbox 1637 2565 1687 2603; x_wconf 85' lang='lat'>38.</span> <span class='ocrx_word' id='word_1_398' title='bbox 1715 2566 1829 2605; x_wconf 78' lang='lat' dir='ltr'>optari</span> 
     </span>
     <span class='ocr_line' id='line_1_45' title="bbox 226 2602 1828 2647; baseline 0.004 -14"><span class='ocrx_word' id='word_1_399' title='bbox 226 2606 366 2643; x_wconf 84' lang='lat' dir='ltr'>poterat</span> <span class='ocrx_word' id='word_1_400' title='bbox 383 2602 427 2635; x_wconf 89' lang='lat' dir='ltr'>H.</span> <span class='ocrx_word' id='word_1_401' title='bbox 555 2612 607 2644; x_wconf 85' lang='lat'>39.</span> <span class='ocrx_word' id='word_1_402' title='bbox 634 2603 687 2636; x_wconf 86' lang='lat' dir='ltr'>Ne</span> <span class='ocrx_word' id='word_1_403' title='bbox 706 2617 725 2634; x_wconf 89' lang='grc' dir='ltr'>α</span> <span class='ocrx_word' id='word_1_404' title='bbox 741 2616 749 2636; x_wconf 80' lang='lat' dir='ltr'><em>z</em></span> <span class='ocrx_word' id='word_1_405' title='bbox 780 2603 852 2636; x_wconf 84' lang='lat' dir='ltr'>Nec</span> <span class='ocrx_word' id='word_1_406' title='bbox 871 2604 975 2636; x_wconf 76' lang='lat' dir='ltr'>Lond.</span> <span class='ocrx_word' id='word_1_407' title='bbox 1123 2604 1158 2637; x_wconf 91' lang='lat' dir='ltr'>H</span> <span class='ocrx_word' id='word_1_408' title='bbox 1173 2617 1181 2637; x_wconf 74' lang='grc' dir='ltr'><strong><em>ι</em></strong></span> <span class='ocrx_word' id='word_1_409' title='bbox 1206 2605 1381 2647; x_wconf 80' lang='lat' dir='ltr'>Euangilii</span> <span class='ocrx_word' id='word_1_410' title='bbox 1393 2618 1424 2638; x_wconf 80' lang='grc' dir='ltr'>α.</span> <span class='ocrx_word' id='word_1_411' title='bbox 1578 2615 1633 2646; x_wconf 90' lang='grc'>40.</span> <span class='ocrx_word' id='word_1_412' title='bbox 1659 2607 1765 2639; x_wconf 84' lang='lat' dir='ltr'>simus</span> <span class='ocrx_word' id='word_1_413' title='bbox 1785 2619 1803 2636; x_wconf 77' lang='lat' dir='ltr'>a</span> <span class='ocrx_word' id='word_1_414' title='bbox 1820 2619 1828 2639; x_wconf 90' lang='lat'>:</span> 
     </span>
     <span class='ocr_line' id='line_1_46' title="bbox 225 2646 1830 2689; baseline 0.004 -12"><span class='ocrx_word' id='word_1_415' title='bbox 225 2655 345 2678; x_wconf 82' lang='lat' dir='ltr'>sumus</span> <span class='ocrx_word' id='word_1_416' title='bbox 363 2646 408 2678; x_wconf 89' lang='lat' dir='ltr'>H.</span> <span class='ocrx_word' id='word_1_417' title='bbox 556 2657 609 2686; x_wconf 88' lang='lat'>44.</span> <span class='ocrx_word' id='word_1_418' title='bbox 637 2646 806 2679; x_wconf 85' lang='lat' dir='ltr'>cancellos</span> <span class='ocrx_word' id='word_1_419' title='bbox 820 2647 854 2679; x_wconf 90' lang='lat' dir='ltr'>H</span> <span class='ocrx_word' id='word_1_420' title='bbox 871 2660 877 2680; x_wconf 92' lang='lat'>:</span> <span class='ocrx_word' id='word_1_421' title='bbox 906 2648 1057 2681; x_wconf 72' lang='lat' dir='ltr'>cucullos</span> <span class='ocrx_word' id='word_1_422' title='bbox 1073 2650 1128 2681; x_wconf 56' lang='grc' dir='ltr'>αῖς</span> <span class='ocrx_word' id='word_1_423' title='bbox 1156 2648 1307 2681; x_wconf 81' lang='lat' dir='ltr'>cucullas</span> <span class='ocrx_word' id='word_1_424' title='bbox 1322 2651 1364 2681; x_wconf 52' lang='grc' dir='ltr'>αθ.</span> <span class='ocrx_word' id='word_1_425' title='bbox 1466 2660 1521 2689; x_wconf 81' lang='grc'>40.</span> <span class='ocrx_word' id='word_1_426' title='bbox 1546 2651 1830 2683; x_wconf 78' lang='lat' dir='ltr'>iuuet-erauerant</span> 
     </span>
     <span class='ocr_line' id='line_1_47' title="bbox 225 2688 880 2733; baseline 0.005 -13"><span class='ocrx_word' id='word_1_427' title='bbox 225 2688 268 2720; x_wconf 73' lang='lat' dir='ltr'>H.</span> <span class='ocrx_word' id='word_1_428' title='bbox 411 2699 462 2731; x_wconf 84' lang='lat'>51.</span> <span class='ocrx_word' id='word_1_429' title='bbox 489 2691 645 2723; x_wconf 90' lang='lat' dir='ltr'>omnium</span> <span class='ocrx_word' id='word_1_430' title='bbox 660 2692 818 2733; x_wconf 83' lang='lat' dir='ltr'>gentium</span> <span class='ocrx_word' id='word_1_431' title='bbox 836 2691 880 2723; x_wconf 91' lang='lat' dir='ltr'>H.</span> 
     </span>
    </p>
   </div>
   <div class='ocr_carea' id='block_1_4' title="bbox 226 2783 1830 3092">
    <p class='ocr_par' dir='ltr' id='par_1_13' title="bbox 226 2783 1830 3092">
     <span class='ocr_line' id='line_1_48' title="bbox 273 2783 1830 2832; baseline 0.004 -14"><span class='ocrx_word' id='word_1_432' title='bbox 273 2796 322 2826; x_wconf 83' lang='lat'>17.</span> <span class='ocrx_word' id='word_1_433' title='bbox 347 2787 460 2820; x_wconf 83' lang='lat' dir='ltr'>dictet</span> <span class='ocrx_word' id='word_1_434' title='bbox 491 2787 650 2829; x_wconf 84' lang='lat' dir='ltr'>spiritus]</span> <span class='ocrx_word' id='word_1_435' title='bbox 683 2788 734 2821; x_wconf 79' lang='lat' dir='ltr'>Cf.</span> <span class='ocrx_word' id='word_1_436' title='bbox 769 2783 859 2831; x_wconf 85' lang='lat' dir='ltr'>Epp.</span> <span class='ocrx_word' id='word_1_437' title='bbox 899 2792 992 2830; x_wconf 86' lang='lat'>1384.</span> <span class='ocrx_word' id='word_1_438' title='bbox 1151 2790 1476 2832; x_wconf 79' lang='lat' dir='ltr'>oecolampadium]</span> <span class='ocrx_word' id='word_1_439' title='bbox 1544 2791 1611 2823; x_wconf 92' lang='lat' dir='ltr'>For</span> <span class='ocrx_word' id='word_1_440' title='bbox 1670 2792 1830 2832; x_wconf 82' lang='lat' dir='ltr'>personal</span> 
     </span>
     <span class='ocr_line' id='line_1_49' title="bbox 227 2834 1827 2877; baseline 0.004 -16"><span class='ocrx_word' id='word_1_441' title='bbox 227 2839 323 2870; x_wconf 88' lang='grc'>54-5,</span> <span class='ocrx_word' id='word_1_442' title='bbox 342 2839 436 2872; x_wconf 87' lang='lat'>1397.</span> <span class='ocrx_word' id='word_1_443' title='bbox 454 2841 554 2869; x_wconf 89' lang='lat'>9—10‚</span> <span class='ocrx_word' id='word_1_444' title='bbox 577 2834 671 2872; x_wconf 83' lang='lat'>1496.</span> <span class='ocrx_word' id='word_1_445' title='bbox 688 2842 762 2874; x_wconf 85' lang='lat'>147,</span> <span class='ocrx_word' id='word_1_446' title='bbox 781 2842 875 2874; x_wconf 85' lang='lat'>15¹0·</span> <span class='ocrx_word' id='word_1_447' title='bbox 892 2835 992 2875; x_wconf 86' lang='grc'>66-7.</span> <span class='ocrx_word' id='word_1_448' title='bbox 1059 2835 1273 2867; x_wconf 86' lang='lat' dir='ltr'>intercourse</span> <span class='ocrx_word' id='word_1_449' title='bbox 1291 2834 1447 2867; x_wconf 84' lang='lat' dir='ltr'>between</span> <span class='ocrx_word' id='word_1_450' title='bbox 1463 2835 1561 2867; x_wconf 87' lang='lat' dir='ltr'>them</span> <span class='ocrx_word' id='word_1_451' title='bbox 1577 2845 1633 2866; x_wconf 87' lang='lat' dir='ltr'>see</span> <span class='ocrx_word' id='word_1_452' title='bbox 1649 2835 1732 2867; x_wconf 77' lang='lat' dir='ltr'>LE2.</span> <span class='ocrx_word' id='word_1_453' title='bbox 1753 2844 1827 2877; x_wconf 84' lang='lat'>793,</span> 
     </span>
     <span class='ocr_line' id='line_1_50' title="bbox 274 2873 1828 2921; baseline 0.003 -16"><span class='ocrx_word' id='word_1_454' title='bbox 274 2876 322 2905; x_wconf 91' lang='lat'>18.</span> <span class='ocrx_word' id='word_1_455' title='bbox 348 2873 578 2915; x_wconf 84' lang='lat' dir='ltr'>palinodiam]</span> <span class='ocrx_word' id='word_1_456' title='bbox 595 2875 645 2907; x_wconf 84' lang='lat' dir='ltr'>Cf.</span> <span class='ocrx_word' id='word_1_457' title='bbox 664 2876 728 2917; x_wconf 89' lang='lat' dir='ltr'>Ep.</span> <span class='ocrx_word' id='word_1_458' title='bbox 756 2885 852 2917; x_wconf 84' lang='lat'>1500.</span> <span class='ocrx_word' id='word_1_459' title='bbox 874 2886 992 2918; x_wconf 86' lang='lat'>37-41.</span> <span class='ocrx_word' id='word_1_460' title='bbox 1062 2886 1152 2920; x_wconf 80' lang='lat'>7953</span> <span class='ocrx_word' id='word_1_461' title='bbox 1192 2877 1259 2910; x_wconf 89' lang='lat' dir='ltr'>but</span> <span class='ocrx_word' id='word_1_462' title='bbox 1283 2888 1304 2910; x_wconf 88' lang='lat' dir='ltr'>a</span> <span class='ocrx_word' id='word_1_463' title='bbox 1332 2878 1464 2921; x_wconf 84' lang='lat' dir='ltr'>change</span> <span class='ocrx_word' id='word_1_464' title='bbox 1490 2889 1561 2910; x_wconf 87' lang='lat' dir='ltr'>was</span> <span class='ocrx_word' id='word_1_465' title='bbox 1586 2889 1665 2910; x_wconf 88' lang='lat' dir='ltr'>now</span> <span class='ocrx_word' id='word_1_466' title='bbox 1692 2880 1828 2921; x_wconf 88' lang='lat' dir='ltr'>coming</span> 
     </span>
     <span class='ocr_line' id='line_1_51' title="bbox 270 2917 1826 2964; baseline 0.004 -16"><span class='ocrx_word' id='word_1_467' title='bbox 270 2919 323 2948; x_wconf 83' lang='lat'>26.</span> <span class='ocrx_word' id='word_1_468' title='bbox 349 2917 567 2957; x_wconf 82' lang='lat' dir='ltr'>admonitus]</span> <span class='ocrx_word' id='word_1_469' title='bbox 585 2918 636 2951; x_wconf 83' lang='lat' dir='ltr'>Cf.</span> <span class='ocrx_word' id='word_1_470' title='bbox 656 2918 721 2960; x_wconf 89' lang='lat' dir='ltr'>Ep.</span> <span class='ocrx_word' id='word_1_471' title='bbox 741 2921 819 2958; x_wconf 86' lang='lat'>980.</span> <span class='ocrx_word' id='word_1_472' title='bbox 838 2929 960 2962; x_wconf 85' lang='lat'>47-52.</span> <span class='ocrx_word' id='word_1_473' title='bbox 1062 2931 1145 2953; x_wconf 86' lang='lat' dir='ltr'>over</span> <span class='ocrx_word' id='word_1_474' title='bbox 1160 2920 1252 2953; x_wconf 86' lang='lat' dir='ltr'>their</span> <span class='ocrx_word' id='word_1_475' title='bbox 1266 2920 1432 2954; x_wconf 81' lang='lat' dir='ltr'>relations</span> <span class='ocrx_word' id='word_1_476' title='bbox 1449 2922 1519 2961; x_wconf 84' lang='lat' dir='ltr'>(see</span> <span class='ocrx_word' id='word_1_477' title='bbox 1534 2922 1600 2963; x_wconf 88' lang='lat' dir='ltr'>Ep.</span> <span class='ocrx_word' id='word_1_478' title='bbox 1621 2923 1715 2962; x_wconf 89' lang='lat'>1496.</span> <span class='ocrx_word' id='word_1_479' title='bbox 1734 2924 1826 2964; x_wconf 90' lang='lat' dir='ltr'>74n).</span> 
     </span>
     <span class='ocr_line' id='line_1_52' title="bbox 273 2959 1827 3009; baseline 0.003 -18"><span class='ocrx_word' id='word_1_480' title='bbox 273 2968 325 3009; x_wconf 56' lang='lat'>335.</span> <span class='ocrx_word' id='word_1_481' title='bbox 352 2959 564 3001; x_wconf 90' lang='lat' dir='ltr'>Hedionem]</span> <span class='ocrx_word' id='word_1_482' title='bbox 599 2962 674 2995; x_wconf 90' lang='lat' dir='ltr'>Not</span> <span class='ocrx_word' id='word_1_483' title='bbox 706 2963 743 2994; x_wconf 89' lang='lat' dir='ltr'>in</span> <span class='ocrx_word' id='word_1_484' title='bbox 778 2963 844 3004; x_wconf 89' lang='lat' dir='ltr'>Ep.</span> <span class='ocrx_word' id='word_1_485' title='bbox 886 2973 995 3005; x_wconf 85' lang='lat'>1459;</span> <span class='ocrx_word' id='word_1_486' title='bbox 1108 2967 1161 3004; x_wconf 80' lang='lat'>36.</span> <span class='ocrx_word' id='word_1_487' title='bbox 1186 2964 1404 3005; x_wconf 80' lang='lat' dir='ltr'>Pelicanum]</span> <span class='ocrx_word' id='word_1_488' title='bbox 1430 2965 1494 2998; x_wconf 87' lang='lat' dir='ltr'>See</span> <span class='ocrx_word' id='word_1_489' title='bbox 1519 2965 1585 3007; x_wconf 89' lang='lat' dir='ltr'>Ep.</span> <span class='ocrx_word' id='word_1_490' title='bbox 1617 2974 1711 3006; x_wconf 82' lang='lat'>1452.</span> <span class='ocrx_word' id='word_1_491' title='bbox 1739 2974 1827 3003; x_wconf 90' lang='lat' dir='ltr'>19n;</span> 
     </span>
     <span class='ocr_line' id='line_1_53' title="bbox 226 3001 1825 3046; baseline 0.004 -13"><span class='ocrx_word' id='word_1_492' title='bbox 226 3001 339 3034; x_wconf 79' lang='lat' dir='ltr'>which</span> <span class='ocrx_word' id='word_1_493' title='bbox 374 3004 403 3035; x_wconf 85' lang='lat' dir='ltr'>is</span> <span class='ocrx_word' id='word_1_494' title='bbox 440 3004 501 3036; x_wconf 84' lang='lat' dir='ltr'>the</span> <span class='ocrx_word' id='word_1_495' title='bbox 537 3004 622 3046; x_wconf 87' lang='lat' dir='ltr'>only</span> <span class='ocrx_word' id='word_1_496' title='bbox 656 3010 784 3039; x_wconf 82' lang='lat' dir='ltr'>extant</span> <span class='ocrx_word' id='word_1_497' title='bbox 818 3007 925 3040; x_wconf 87' lang='lat' dir='ltr'>letter</span> <span class='ocrx_word' id='word_1_498' title='bbox 961 3007 997 3039; x_wconf 88' lang='lat' dir='ltr'>of</span> <span class='ocrx_word' id='word_1_499' title='bbox 1066 3007 1148 3045; x_wconf 84' lang='lat' dir='ltr'>and,</span> <span class='ocrx_word' id='word_1_500' title='bbox 1169 3007 1224 3040; x_wconf 86' lang='lat' dir='ltr'>for</span> <span class='ocrx_word' id='word_1_501' title='bbox 1243 3012 1363 3041; x_wconf 86' lang='lat' dir='ltr'>recent</span> <span class='ocrx_word' id='word_1_502' title='bbox 1384 3012 1525 3042; x_wconf 85' lang='lat' dir='ltr'>contaet</span> <span class='ocrx_word' id='word_1_503' title='bbox 1541 3009 1697 3041; x_wconf 86' lang='lat' dir='ltr'>between</span> <span class='ocrx_word' id='word_1_504' title='bbox 1717 3007 1825 3045; x_wconf 83' lang='lat' dir='ltr'>them,</span> 
     </span>
     <span class='ocr_line' id='line_1_54' title="bbox 228 3046 1768 3092; baseline 0.004 -16"><span class='ocrx_word' id='word_1_505' title='bbox 228 3046 394 3078; x_wconf 84' lang='lat' dir='ltr'>Erasmus</span> <span class='ocrx_word' id='word_1_506' title='bbox 410 3050 448 3078; x_wconf 83' lang='lat' dir='ltr'>to</span> <span class='ocrx_word' id='word_1_507' title='bbox 463 3046 535 3079; x_wconf 91' lang='lat' dir='ltr'>him</span> <span class='ocrx_word' id='word_1_508' title='bbox 551 3052 591 3080; x_wconf 83' lang='lat' dir='ltr'>at</span> <span class='ocrx_word' id='word_1_509' title='bbox 605 3048 675 3080; x_wconf 83' lang='lat' dir='ltr'>this</span> <span class='ocrx_word' id='word_1_510' title='bbox 691 3049 787 3081; x_wconf 82' lang='lat' dir='ltr'>time.</span> <span class='ocrx_word' id='word_1_511' title='bbox 1065 3050 1289 3091; x_wconf 81' lang='lat' dir='ltr'>Herminjard</span> <span class='ocrx_word' id='word_1_512' title='bbox 1310 3053 1380 3083; x_wconf 85' lang='lat'>128.</span> <span class='ocrx_word' id='word_1_513' title='bbox 1433 3051 1483 3084; x_wconf 79' lang='lat' dir='ltr'>Cf.</span> <span class='ocrx_word' id='word_1_514' title='bbox 1501 3052 1574 3083; x_wconf 82' lang='lat' dir='ltr'>also</span> <span class='ocrx_word' id='word_1_515' title='bbox 1590 3051 1654 3092; x_wconf 90' lang='lat' dir='ltr'>Ep.</span> <span class='ocrx_word' id='word_1_516' title='bbox 1676 3060 1689 3081; x_wconf 91' lang='lat'>1</span> <span class='ocrx_word' id='word_1_517' title='bbox 1696 3059 1712 3091; x_wconf 87' lang='grc'>5</span> <span class='ocrx_word' id='word_1_518' title='bbox 1718 3051 1768 3090; x_wconf 89' lang='lat'>38.</span> 
     </span>
    </p>
   </div>
  </div>
 </body>
</html>
