2012 3370
231 103 306 144 104
696 97 950 139 LETTERS
982 97 1054 138 oF
1083 97 1348 138 ERASMUS
1700 101 1823 149 [1522

229 213 350 252 aliter
385 212 514 251 fuisse
549 214 810 261 corruptum.
868 208 990 248 Certe
1025 206 1112 247 duo
1146 207 1358 258 quaedam
1394 207 1747 259 deprehendimus
1781 209 1826 247 in

228 267 343 307 hisce
361 265 697 310 Commentariis,
719 276 828 314 quae
844 262 969 302 diuus
983 261 1177 301 Aurelius
1196 262 1459 313 Augustinus
1478 266 1664 301 testatur
1683 266 1827 301 aetate

229 335 306 361 sua
348 321 475 372 vulgo
519 322 715 369 corrupte
757 317 889 356 solere
931 317 1216 367 pronunciari.
1272 317 1384 356 Nam
1427 317 1471 354 in
1513 316 1827 355 Commentario

147 390 205 424 155
229 376 388 415 Psalmi
427 374 643 414 centesimi
683 372 883 411 tricesimi
922 371 1078 417 octaui,
1119 383 1256 410 ossum
1294 384 1370 422 pro
1409 370 1623 409 os—vnde
1658 370 1828 409 ducitur

229 434 434 481 paternus
469 441 590 467 casus
625 426 742 473 ossis,
773 430 817 464 et
851 424 1139 464 multitudinis
1169 438 1289 464 casus
1324 438 1484 470 ossa—,
1515 428 1559 463 et
1586 422 1722 473 floriet
1751 437 1828 476 pro

220 483 381 535 florebit
404 495 491 522 non
514 481 642 520 semel
665 481 720 520 ab
744 480 823 519 hoc
847 480 1035 531 positum
1058 483 1136 526 est,
1162 484 1206 519 et
1228 480 1291 519 ita
1313 484 1364 519 vt
1386 480 1491 519 satis
1514 483 1721 530 appareat
1743 491 1828 518 non

229 551 317 578 esse
343 550 443 577 casu
467 536 660 575 factum:
701 539 747 574 et
771 547 904 585 quum
929 533 1108 572 dixisset
1135 546 1191 581 os,
1218 534 1339 573 velut
1361 535 1647 585 interpretans
1671 532 1830 584 populo

229 593 385 631 adiecit
405 591 449 630 id
469 595 525 629 est
544 603 693 629 ossum.
752 588 982 639 Vtriusque
1001 589 1059 627 rei
1087 589 1280 627 meminit
1300 588 1425 627 diuus
1443 587 1638 627 Aurelius
1666 588 1828 638 Augus-

147 656 214 688 160
229 648 346 686 tinus
361 647 406 685 in
423 658 547 697 opere
564 645 631 684 cui
647 643 823 682 titulum
839 643 996 682 indidit
1012 642 1076 681 De
1093 642 1287 682 doctrina
1303 642 1554 682 Christiana.
1613 641 1830 693 Siquidem

229 701 324 740 libri
344 701 461 739 tertii
480 700 619 750 capite
638 699 767 737 tertio
787 697 933 736 scribit
952 697 1064 736 hunc
1083 698 1127 736 in
1147 697 1333 744 modum,
1355 697 1408 736 de
1427 697 1603 736 vocibus
1622 696 1831 747 ambiguis

231 755 438 794 disserens
455 766 463 793 :
490 754 498 769 ‘
513 753 626 792 Nam
648 752 765 804 quod
786 753 992 803 scriptum
1015 755 1092 798 est,
1120 751 1143 766 ‘⁶
1158 751 1255 790 Non
1277 756 1343 790 est
1364 751 1664 791 absconditum
1679 764 1704 789 a
1720 755 1764 790 te
1786 763 1831 789 os

231 822 387 856 meum,
429 808 546 860 quod
585 807 723 846 fecisti
762 808 807 845 in
847 806 1143 853 abscondito‚''
1185 819 1271 845 non
1312 806 1450 845 elucet
1489 806 1645 857 legenti
1686 809 1831 844 Vtrum

231 868 426 915 correpta
453 863 577 902 litera
605 875 652 901 os
679 862 930 913 pronuntiet
957 873 1012 899 an
1040 860 1262 912 producta.
1320 860 1364 900 Si
1392 861 1505 899 enim
1533 861 1747 911 corn‘piat,
1778 859 1833 898 ab

151 928 211 968 165
231 932 281 958 eo
308 920 408 969 [cst]
432 916 549 969 quod
576 920 679 955 sunt
707 928 814 961 ossa,
843 916 878 954 si
898 919 1043 954 autem
1067 914 1290 966 producat,
1316 915 1370 953 ab
1394 928 1444 953 eo
1474 915 1590 965 quod
1613 918 1715 953 sunt
1743 926 1830 959 ora,

230 973 481 1024 intelligitur
524 983 724 1010 numerus
767 969 1001 1022 singularis.
1060 969 1143 1009 Sed
1185 969 1290 1008 talia
1332 968 1501 1020 linguae
1542 968 1834 1020 praecedentis

229 1027 494 1078 inspectione
527 1025 828 1064 diiudicantur.
887 1024 998 1062 Nam
1032 1024 1076 1062 in
1111 1023 1271 1062 Graeco
1304 1036 1389 1062 non
1437 1025 1562 1073 στόμα
1595 1022 1669 1062 sed
1704 1025 1835 1061 ὀστέων

233 1082 421 1133 positum
473 1084 550 1119 est.
609 1079 730 1118 Vnde
781 1078 1030 1130 plerumque
1083 1077 1345 1116 consuetudo
1397 1076 1598 1128 loquendi
1649 1077 1835 1128 vulgaris

233 1135 378 1174 vtilior
414 1138 481 1173 est
515 1132 801 1184 significandis
837 1132 963 1170 rebus
1000 1144 1130 1182 quam
1166 1132 1389 1183 integritas
1424 1131 1607 1171 literata.
1665 1131 1835 1170 Mallem

153 1206 217 1240 170
236 1190 393 1241 quippe
421 1201 519 1227 cum
548 1187 812 1227 barbarismo
841 1186 923 1225 dici
956 1186 979 1200 ‘⁶
994 1185 1094 1225 Non
1118 1190 1184 1225 est
1212 1185 1512 1225 absconditum
1531 1185 1609 1225 abs
1628 1189 1673 1225 te
1693 1198 1834 1225 ossum

235 1255 378 1283 meum
393 1243 433 1290 '',
449 1255 579 1294 quam
592 1246 642 1281 vt
654 1241 750 1280 ideo
762 1245 873 1280 esset
888 1241 1028 1279 minus
1040 1244 1250 1292 apertum,
1266 1241 1366 1291 quia
1379 1241 1512 1292 magis
1525 1240 1727 1280 Latinum
1740 1238 1832 1279 est.’

235 1298 356 1337 Idem
372 1298 479 1336 libro
495 1296 681 1336 secundo
697 1297 837 1347 capite
853 1295 1017 1334 decimo
1032 1296 1160 1334 tertio
1177 1295 1229 1334 de
1245 1296 1362 1334 vitiis
1377 1295 1581 1334 sermonis
1597 1295 1833 1347 disputans,

237 1353 246 1368 ‘
262 1352 375 1392 Illud
394 1352 403 1368 '
440 1352 594 1403 inquit,
635 1351 643 1366 ‘
663 1351 793 1389 etiam
829 1349 945 1400 quod
979 1350 1065 1388 iam
1101 1349 1265 1388 auferre
1300 1362 1387 1389 non
1421 1362 1645 1401 possumus
1678 1349 1730 1388 de
1766 1362 1837 1388 ore

236 1406 506 1446 cant-antium
542 1404 809 1457 populorum,
851 1404 1023 1455 “Super
1051 1404 1191 1455 ipsum
1220 1403 1358 1444 floriet
1386 1403 1668 1443 sanctificatio
1698 1403 1835 1450 mea‚''

155 1479 217 1513 175
236 1461 341 1500 nihil
368 1460 560 1512 profecto
588 1460 824 1498 sententiae
851 1458 1051 1497 detrahit.
1109 1458 1292 1497 Auditor
1318 1463 1464 1497 tamen
1491 1459 1665 1510 peritior
1692 1457 1839 1497 mallet

235 1516 316 1554 hoc
351 1515 512 1566 corrigi,
548 1518 600 1552 vt
634 1527 720 1552 non
746 1511 882 1562 floriet
917 1513 990 1551 sed
1015 1512 1176 1563 florebit
1211 1513 1421 1552 diceretur
1439 1526 1448 1560 3
1495 1526 1573 1552 nec
1607 1513 1837 1564 quicquam

235 1569 417 1621 impedit
471 1569 787 1614 correctionem,
843 1568 923 1606 nisi
979 1566 1241 1606 consuetudo
1296 1567 1593 1607 cantantium.'
1651 1567 1719 1606 Ex
1772 1567 1838 1606 his

237 1624 429 1675 colligere
454 1623 553 1662 licet
578 1623 654 1662 hos
681 1622 1016 1662 Commentarios
1042 1626 1085 1660 et
1110 1621 1224 1660 Afris
1248 1621 1377 1661 fuisse
1402 1622 1595 1673 scriptos,
1622 1625 1667 1661 et
1691 1621 1838 1673 priscis

237 1679 319 1718 illis
341 1677 618 1729 temporibus.

158 1744 220 1775 180
292 1733 489 1771 Fortasse
518 1731 781 1783 praestiterit
809 1734 854 1769 et
881 1730 986 1769 alios
1016 1730 1180 1781 aliquot
1210 1729 1494 1771 barbarismos
1522 1729 1721 1777 indicare,
1753 1742 1839 1781 quo

239 1787 379 1826 minus
402 1786 645 1826 offendatur
664 1785 954 1837 praemonitus
978 1785 1121 1832 lector,
1148 1798 1280 1836 quum
1303 1785 1542 1833 inciderint,
1562 1798 1670 1824 neue
1689 1786 1837 1824 statim

239 1845 390 1887 mutet,
422 1841 675 1892 scripturam
704 1853 731 1879 a
757 1839 936 1879 librariis
966 1839 1246 1890 deprauatam
1275 1840 1505 1891 suspicans.
1563 1837 1839 1879 Poenitemini

239 1895 418 1934 verbum
454 1908 541 1934 non
578 1908 673 1934 raro
709 1898 890 1946 vsurpat
926 1893 1278 1945 deponentaliter.
1336 1893 1448 1934 Item
1486 1894 1722 1933 tribulantes
1758 1893 1837 1932 fre-

239 1954 420 2001 quenter
445 1950 568 2001 ponit
593 1962 671 2001 pro
696 1949 747 1988 iis
774 1949 848 1999 qui
875 1948 1134 2000 affliguntur,
1161 1960 1248 1988 non
1274 1949 1348 2000 qui
1374 1948 1581 2000 affligunt.
1639 1948 1839 1988 Similiter

161 2016 200 2047 18
205 2023 220 2056 5
239 2004 528 2055 confundentes
548 2017 626 2055 pro
646 2002 926 2050 erubescentes,
949 2004 1071 2054 quasi
1092 2002 1280 2042 tribulari
1299 2007 1346 2042 et
1365 2002 1562 2054 confundi
1583 2003 1841 2055 deponentia

240 2059 372 2098 verba
395 2059 492 2105 sint,
517 2071 604 2097 non
625 2058 809 2110 passiua.
866 2057 956 2096 Hoc
971 2055 1052 2106 flos
1074 2061 1119 2097 et
1139 2057 1212 2097 hoc
1234 2069 1299 2097 ros
1322 2062 1567 2097 constanter
1588 2058 1841 2109 pronuntiat

241 2125 391 2164 genere
423 2116 589 2159 neutro,
623 2112 824 2151 nimirum
857 2112 914 2150 ad
945 2111 1127 2150 formam
1160 2124 1216 2159 os,
1252 2112 1347 2151 oris.
1408 2112 1588 2151 Carendi
1621 2116 1666 2151 et
1704 2110 1840 2150 vtendi

239 2166 373 2206 verbo
391 2166 587 2218 adiungit
605 2167 909 2205 accusatiuum.
967 2165 1012 2204 H
1012 2178 1081 2205 aec
1099 2178 1267 2213 manna,
1288 2179 1465 2206 mannae
1482 2165 1675 2213 inflectit,
1696 2170 1747 2205 vt
1765 2179 1842 2205 nos

242 2221 383 2268 Anna,
427 2220 589 2260 Annae.
648 2219 903 2260 Graecorum
946 2220 1140 2272 exemplo
1182 2233 1484 2272 saepenumero
1525 2221 1839 2260 nominatiuum

163 2294 227 2328 190
242 2276 366 2327 ponit
383 2274 577 2314 absolute
594 2274 686 2314 loco
704 2274 897 2322 ablatiui,
917 2274 1036 2313 velut
1052 2274 1098 2313 in
1116 2274 1429 2314 Commentario
1447 2274 1605 2314 Psalmi
1623 2275 1841 2314 centesimi

243 2330 395 2369 decimi
412 2330 567 2380 quarti,
585 2332 630 2368 et
647 2328 805 2368 Psalmi
821 2329 1252 2380 octuagesimiquarti.
1310 2329 1630 2380 Nonnunquam
1647 2328 1842 2380 adiungit

244 2397 403 2431 casum,
441 2396 527 2423 non
563 2396 690 2434 quem
726 2383 936 2435 recipiunt
972 2396 1021 2422 ea
1057 2383 1188 2422 verba
1224 2383 1378 2434 quibus
1415 2384 1565 2431 vtitur,
1603 2383 1677 2423 sed
1713 2396 1841 2435 quem

244 2438 439 2478 admittit
462 2438 640 2477 verbum
664 2437 780 2489 quod
803 2437 1162 2489 circumloquitur,
1193 2438 1327 2477 veluti
1356 2437 1525 2477 Psalmo
1554 2439 1841 2489 octuagesimo

246 2497 427 2532 octauo:
472 2504 622 2531 memor
650 2497 729 2531 esto
758 2492 974 2543 Apostolos
1000 2505 1076 2544 pro
1105 2497 1300 2531 ‘memento
1327 2492 1556 2543 Apostolos.
1613 2492 1842 2543 Adtropare

165 2559 177 2582 1
185 2560 206 2592 9
209 2559 223 2591 5
245 2547 356 2586 dixit
366 2546 533 2593 alicubi,
546 2559 650 2586 voce
660 2547 859 2586 nimirum
869 2546 914 2586 id
923 2547 1127 2598 temporis
1137 2546 1312 2598 vulgata
1323 2547 1456 2598 magis
1466 2559 1595 2598 quam
1606 2547 1753 2598 proba,
1764 2559 1842 2598 pro

245 2614 296 2640 eo
317 2601 433 2652 quod
447 2605 540 2640 erat
556 2614 632 2651 per
646 2601 910 2652 tropotoqiam
923 2601 1145 2652 applicare.
1203 2601 1327 2640 Hanc
1342 2614 1490 2640 vocem
1501 2606 1715 2652 paratura,
1733 2614 1843 2653 quae

246 2655 506 2695 Tertulliano
526 2655 748 2707 peculiaris
767 2659 845 2703 est,
866 2667 1174 2707 nonnunquam
1193 2659 1237 2695 et
1256 2655 1372 2707 apud
1391 2655 1504 2694 hunc
1523 2656 1711 2695 inuenies
1730 2667 1739 2703 ;
1770 2656 1844 2707 qui

296 2725 366 2764 163.
392 2724 504 2756 elucet
521 2735 600 2756 corr.
622 2727 643 2759 β
661 2726 843 2757 secundum
856 2725 1107 2766 Auyustinum:
1139 2725 1242 2767 eliget
1257 2738 1289 2759 α,
1393 2727 1462 2766 165.
1488 2729 1541 2758 est
1557 2726 1644 2758 deest
1659 2725 1697 2757 in
1709 2727 1843 2767 Aqus-

248 2767 329 2799 tino.
460 2777 529 2807 170.
556 2769 803 2801 absconditum
820 2769 896 2801 add.
913 2770 960 2801 N.
1087 2769 1159 2801 180.
1183 2769 1339 2801 fortassis
1357 2782 1390 2810 γ.
1537 2770 1606 2810 183.
1632 2769 1779 2802 verbum
1796 2781 1818 2809 γ
1833 2781 1841 2801 :

248 2811 356 2843 verbo
373 2824 404 2843 a.
511 2824 577 2852 α-γι
608 2816 753 2854 vsurpet
771 2815 803 2845 Β.
936 2822 1005 2853 ¹91·
1033 2813 1352 2855 octogesimiquarti
1369 2816 1403 2849 β.
1522 2822 1594 2853 193.
1619 2813 1842 2855 octogesimo-

250 2858 379 2887 octauo
396 2857 429 2889 β.
569 2864 639 2896 197.
665 2856 820 2888 inuenies
839 2858 861 2891 β
877 2868 884 2888 :
917 2856 1095 2889 inuenitur
1113 2869 1143 2888 a.

279 2919 383 2981 {J
395 2919 692 2980 boel—Arnobius.
1135 2952 1206 2982 174.
1232 2943 1342 2984 Super
1355 2942 1485 2984 ipsum]
1501 2943 1556 2975 Ps.
1578 2952 1649 2983 131.
1672 2945 1722 2976 18.

298 2988 368 3018 162.
396 2986 475 3017 Non
489 2984 556 3023 est]
572 2985 625 3016 Ps.
647 2987 717 3026 138.
737 2996 785 3028 15.
1136 2995 1195 3026 197
1232 2986 1308 3028 qui]
1326 2985 1527 3018 Tei-tullian.
