2012 3370
79 122 201 170 1335]
1595 119 1671 158 193

446 228 646 270 13311335.
710 228 849 270 FROM
880 227 1013 270 JOHN
1045 229 1310 271 ΒΟΤΖΗΕΙΜ.

126 301 276 337 Breslau
290 302 365 339 MS.
382 302 499 338 Rehd.
515 313 535 338 2
541 311 595 348 54.
615 311 691 348 105.
1355 301 1573 337 Constance.

125 359 216 397 EE2.
232 371 289 396 20.
1296 371 1317 405 7
1335 360 1504 405 January
1521 368 1621 404 1523.

122 439 192 479 [An
204 439 347 481 original
359 439 472 478 letter,
484 439 680 481 autograph
693 439 927 481 throughout:
952 439 1011 471 the
1023 439 1279 472 address-sheet
1292 439 1445 479 missing.
1489 437 1561 469 The
1574 447 1671 479 year-

79 482 160 515 date
179 483 208 515 is
229 483 417 515 confirmed
437 483 484 525 by
505 483 564 515 the
581 482 769 522 contenta]

854 539 894 578 -Ι-

132 603 173 644 S.
220 603 329 643 Dedi
345 604 410 643 his
427 604 576 643 diebus
592 604 648 643 ad
665 608 708 644 te
726 603 949 655 epistolam
967 617 1041 655 per
1058 604 1227 642 affinem
1245 603 1456 649 Frobenii‚
1476 614 1603 653 quem
1621 604 1671 640 tu

78 659 405 709 nugacissimum
431 659 630 710 appellas,
659 671 735 709 ego
761 658 1104 697 verbosissimum
1130 657 1370 704 leuiculum,
1399 670 1485 696 non
1510 657 1588 696 abs
1612 668 1670 695 re.

79 712 143 752 De
159 712 420 752 diuinatione
435 717 512 752 tua
527 713 631 752 nihil
647 716 711 752 est
727 712 843 764 quod
858 712 1032 764 periculi
1048 716 1214 751 metuas
1234 725 1242 758 3
1276 712 1440 750 cautior
1455 724 1526 750 cro
1543 723 1673 761 quam

79 770 129 805 vt
148 766 193 805 id
213 780 265 806 ex
286 779 352 806 me
373 771 596 819 expectare
617 767 787 806 habeas.
837 766 995 807 Contra
1015 779 1092 818 ego
1113 765 1241 805 fidem
1261 769 1383 805 tuam
1404 765 1596 816 imploro,
1619 777 1673 803 ne

80 820 179 859 mali
200 821 428 872 quicquam
449 834 501 860 ex
521 821 652 860 literis
673 822 776 860 meis
797 821 853 860 ad
873 825 917 860 te
938 821 1051 860 datis
1072 821 1313 872 contingere
1334 820 1460 866 sinas,
1484 820 1557 870 qui
1578 818 1673 870 plus
1695 833 1709 865 5

79 876 182 914 satis
198 879 242 914 et
257 875 547 926 imprudenter
564 880 607 914 et
623 876 751 914 libere
768 876 934 927 saepius
951 875 1007 914 ad
1022 878 1067 914 te
1084 874 1233 914 scribo.
1279 874 1510 913 Testantur
1525 873 1673 912 literae

79 933 179 968 tuae
208 933 251 968 te
279 929 514 969 affuturum
543 943 708 969 summo
732 929 974 979 Pont<ifici>
995 942 1072 981 pro
1095 933 1172 968 tua
1195 928 1318 968 Virili.
1380 927 1465 967 Res
1491 931 1556 967 est
1587 938 1674 965 non

79 983 277 1031 absurda,
313 984 439 1023 modo
474 985 630 1023 veritas
664 986 756 1036 ipsa
790 997 876 1023 non
910 984 1189 1036 opprimatur.
1254 982 1400 1023 Odisse
1435 981 1671 1027 dissidium,

79 1050 221 1076 amare
241 1038 508 1077 concordiam
527 1052 716 1078 summae
735 1039 908 1089 pietatis
926 1041 1224 1089 argumentum
1243 1041 1321 1076 est.
1370 1036 1428 1075 At
1447 1037 1481 1075 si
1501 1035 1674 1087 quando

79 1091 273 1131 inciderit
309 1092 512 1132 articulus
548 1093 621 1132 vbi
658 1093 779 1132 malis
815 1093 1008 1132 veritatis
1044 1093 1283 1143 portionem
1320 1091 1507 1130 deserere
1544 1102 1675 1141 quam
1697 1103 1736 1127 10

79 1146 252 1185 turbare
277 1147 558 1194 concordiam,
586 1148 824 1186 memineris
848 1160 934 1186 non
960 1147 1092 1186 cuiuis
1118 1146 1302 1186 offensae
1328 1144 1560 1184 cedendam
1585 1157 1674 1183 esse

80 1201 318 1240 veritatem.
364 1200 520 1240 Verum
535 1201 707 1252 quidem
724 1202 882 1240 veritas
896 1214 1205 1252 nonnunquam
1221 1213 1298 1239 suo
1313 1200 1405 1239 loco
1419 1197 1675 1238 reseruanda

78 1258 156 1300 est,
180 1267 266 1293 non
287 1254 517 1294 deserenda
538 1260 615 1294 aut
637 1269 686 1294 eo
708 1255 835 1294 modo
858 1255 1097 1302 obticenda,
1120 1268 1173 1294 ne
1196 1255 1456 1294 contrarium
1477 1253 1676 1292 videatur

78 1313 287 1347 assertum
306 1322 316 1356 ;
348 1322 450 1348 nam
466 1309 511 1348 id
528 1311 681 1360 quauis
697 1310 915 1349 occasione
931 1313 1103 1360 recepta
1119 1321 1341 1359 nunquam
1358 1307 1676 1347 admittendum

79 1362 339 1402 crediderim.
385 1363 473 1402 Nec
491 1368 556 1402 est
573 1364 658 1402 vlla
676 1364 833 1402 veritas
849 1367 941 1402 tam
959 1363 1156 1402 seditioni
1172 1363 1367 1414 proxima
1384 1374 1528 1413 quam,
1548 1362 1582 1400 si
1599 1364 1677 1400 tuo
1699 1376 1734 1408 15

80 1416 220 1464 modo,
252 1421 304 1456 vt
334 1417 440 1456 soles
473 1419 627 1465 omnia,
662 1418 970 1457 modestissime
1001 1417 1239 1469 protuleris,
1273 1415 1568 1456 turbulentam
1599 1419 1677 1454 aut

79 1471 323 1511 seditiosam
340 1472 604 1511 iudicaturus
623 1473 679 1511 sit
697 1473 923 1523 quisquam
942 1472 1058 1523 apud
1076 1473 1168 1524 pios
1186 1475 1230 1510 et
1249 1470 1475 1511 Christiani
1494 1470 1677 1521 pectoris

79 1524 282 1565 homines.
326 1525 435 1565 Fieri
450 1526 742 1565 difficillimum
757 1531 822 1565 est
837 1530 887 1565 vt
902 1526 1060 1566 scribas
1074 1526 1190 1577 quod
1205 1539 1230 1564 a
1245 1526 1411 1564 nemine
1426 1525 1618 1576 rapiatur
1632 1524 1677 1562 in

77 1579 348 1627 calumniam,
374 1581 557 1620 maxime
580 1582 624 1620 in
647 1582 817 1632 negotio
840 1585 932 1620 tam
956 1581 1089 1619 arduo
1112 1584 1157 1619 et
1179 1580 1274 1632 plus
1296 1580 1429 1618 nimio
1451 1580 1538 1618 iam
1561 1577 1676 1617 exul-

78 1638 234 1673 cerato.
293 1634 402 1673 Fieri
431 1648 518 1674 non
547 1639 690 1687 potest
720 1639 770 1674 vt
799 1635 987 1674 eiusdem
1016 1636 1175 1686 negotii
1204 1634 1358 1673 iuditia
1387 1633 1556 1672 diuersa
1584 1636 1676 1671 tam
1695 1646 1738 1670 20

77 1688 291 1736 seditiosa,
331 1693 423 1728 tam
462 1690 740 1737 contentiosa,
782 1689 926 1740 qualia
964 1693 1065 1728 sunt
1103 1689 1241 1735 huius,
1282 1689 1327 1727 in
1364 1686 1678 1738 tranquillitate

79 1743 441 1783 consentientibus
461 1744 655 1795 partibus
678 1744 817 1795 sopias
837 1758 846 1790 ;
883 1745 1015 1783 immo
1036 1743 1132 1794 plus
1153 1755 1312 1789 Vereor,
1336 1743 1371 1780 si
1391 1742 1517 1780 rebus
1538 1741 1678 1791 ponti-

78 1796 182 1836 ficiis
204 1810 381 1845 annuas,
406 1798 626 1837 concordie
648 1798 838 1845 studens,
863 1799 1011 1836 maiori
1034 1797 1219 1849 periculo
1242 1801 1286 1835 et
1307 1795 1514 1835 tumultui
1536 1798 1678 1846 patro·

79 1852 241 1891 cineris.
291 1851 488 1903 Aequum
509 1856 575 1891 est
596 1853 762 1891 vincere
784 1853 1024 1898 veritatem,
1049 1855 1093 1890 et
1112 1851 1172 1890 illi
1194 1850 1353 1897 adesse,
1376 1854 1471 1889 tum
1493 1849 1679 1888 maxime

80 1905 153 1945 vbi
175 1907 432 1945 conscientia
453 1906 622 1946 leditur.
672 1906 785 1946 Noui
806 1907 1021 1957 ingenium
1042 1910 1167 1944 tuum
1188 1905 1269 1944 hac
1290 1905 1334 1943 in
1356 1908 1491 1956 parte.
1542 1902 1679 1942 Velles
1697 1919 1737 1951 25

80 1959 253 2011 quidem
276 1961 503 2000 veritatem
527 1974 601 2012 per
625 1962 767 2000 omnia
791 1960 968 2007 saluam,
994 1961 1028 1999 si
1052 1973 1126 2011 per
1149 1959 1265 1999 illam
1289 1972 1415 1998 nemo
1438 1957 1649 1997 lederetur
1669 1970 1678 1996 τ

698 2040 750 2072 23.
776 2032 948 2064 corcordie
966 2030 1046 2063 MS.

129 2105 155 2128 1.
181 2095 382 2138 epistolam]
410 2096 482 2129 Not
509 2099 657 2128 extant:
701 2096 765 2128 but
793 2106 848 2128 see
913 2095 1003 2127 have
1038 2095 1126 2127 been
1160 2094 1214 2126 his
1249 2093 1440 2126 Consilium
1474 2094 1587 2125 about
1621 2094 1681 2126 the

83 2139 148 2181 Ep.
171 2149 265 2180 1342.
284 2143 326 2174 62
348 2143 402 2174 —8.
915 2139 1095 2172 Lutheran
1118 2137 1254 2170 trouble
1279 2137 1336 2178 (cf.
1367 2138 1431 2178 Ep.
1463 2146 1556 2177 1329.
1588 2138 1678 2175 1211),

170 2184 310 2215 affinem
329 2152 511 2222 Frobenii]
535 2182 689 2225 Perhaps
709 2182 847 2215 Conrad
915 2193 954 2215 or
981 2181 1137 2224 possibly
1164 2182 1194 2213 it
1223 2192 1292 2213 was
1322 2192 1367 2213 an
1395 2180 1491 2222 early
1520 2180 1617 2211 draft
1646 2180 1681 2211 of

81 2226 195 2258 Resch
224 2227 305 2269 (Ep.
336 2229 430 2267 1083.
467 2228 527 2267 2);
578 2237 616 2258 or
647 2226 717 2258 else
752 2226 848 2259 John
914 2226 987 2258 Cat.
1001 2226 1081 2258 Luc.
1096 2227 1162 2266 (1);
1189 2224 1300 2257 which
1313 2224 1461 2256 fromits
1473 2223 1680 2264 concluding

82 2269 249 2303 Schabler
276 2281 314 2302 or
340 2270 611 2303 Wattenschnee
634 2270 715 2312 (Ep.
751 2272 846 2311 1508.
913 2273 1092 2302 sentences
1116 2268 1229 2310 might
1252 2267 1407 2309 fittingly
1432 2268 1472 2300 be
1498 2267 1681 2307 presented

85 2314 187 2353 12n.)‚
204 2314 280 2346 who
296 2313 467 2346 travelled
484 2313 587 2345 much
604 2313 675 2345 and
691 2313 794 2345 acted
810 2324 848 2345 as
913 2316 952 2345 to
972 2313 1031 2344 the
1053 2313 1118 2353 Bp.
1141 2313 1176 2344 of
1197 2312 1390 2344 Constance
1410 2311 1469 2351 (cf.
1492 2312 1557 2352 Ep.
1583 2319 1676 2350 1331.

84 2367 279 2399 messenger
301 2357 356 2389 for
379 2357 516 2389 Froben
539 2357 597 2398 (cf.
624 2357 735 2389 EHR.
763 2357 845 2389 xxii.
922 2358 1009 2397 1-3).
1059 2356 1131 2387 The
1154 2355 1297 2397 inquiry
1313 2355 1349 2386 in
1377 2355 1441 2396 Ep.
1473 2364 1565 2394 1331.
1593 2357 1680 2395 63-4

83 2401 174 2442 742),
206 2400 277 2432 and
305 2400 343 2432 in
376 2411 459 2441 1523
487 2400 615 2432 turned
645 2400 846 2441 publisher:
916 2401 1029 2432 shows
1045 2399 1125 2431 that
1142 2399 1215 2430 Cat.
1234 2399 1314 2430 Luc.
1335 2408 1404 2429 was
1426 2408 1502 2429 now
1519 2398 1556 2428 in
1574 2396 1680 2428 hand.

83 2454 138 2476 see
163 2444 197 2476 O.
224 2444 259 2476 O.
288 2444 463 2476 Bemoulli
487 2446 523 2476 in
551 2445 668 2476 Basler
703 2444 846 2476 B‘c‘zcker-
960 2444 1013 2476 On
1029 2443 1088 2474 the
1103 2441 1335 2484 composition
1350 2441 1384 2473 of
1400 2440 1470 2472 this
1483 2439 1682 2481 somelight

82 2488 230 2525 marken,
253 2490 349 2529 1895,
368 2499 402 2530 p.
423 2487 530 2519 xxvii.
574 2488 628 2519 He
646 2498 716 2519 was
734 2487 850 2519 father
913 2486 943 2518 is
978 2487 1115 2518 thrown
1151 2486 1198 2527 by
1232 2497 1253 2517 a
1285 2485 1391 2516 letter
1424 2484 1459 2516 of
1495 2484 1609 2515 Nesen
1644 2486 1683 2514 to

81 2531 117 2562 of
163 2531 282 2563 Bruno
324 2531 550 2563 Amerbach’s
594 2530 703 2569 bride,
748 2531 852 2562 Anna
914 2529 1128 2572 Spalatinus,
1155 2529 1246 2561 from
1272 2527 1502 2568 Wittenberg,
1529 2537 1572 2564 29
1599 2526 1682 2567 May

83 2574 259 2613 Schabler,
283 2574 361 2606 who
381 2574 411 2606 is
434 2574 607 2616 probably
630 2574 688 2605 the
712 2572 720 2585 ⁶
738 2574 851 2605 affinis
918 2582 1001 2614 1523
1042 2572 1200 2613 (Munich
1240 2571 1310 2604 MS.
1354 2571 1431 2602 Lat.
1473 2571 1571 2601 2106.
1612 2571 1679 2607 69:

84 2627 161 2649 mea
198 2617 423 2649 charissima’
465 2617 500 2649 of
540 2617 598 2649 the
638 2617 775 2659 preface
812 2617 850 2649 in
915 2627 936 2648 a
961 2616 1051 2648 xvii⁰
1074 2617 1201 2657 copy):
1255 2613 1381 2653 ‘Quod
1416 2613 1584 2645 hactenus
1612 2623 1682 2644 non

84 2660 251 2692 Froben’s
277 2671 391 2698 name,
419 2670 462 2701 30
488 2661 576 2702 Aug.
605 2663 643 2691 to
671 2660 846 2691 Erasmus'
913 2659 1111 2701 scripserim
1132 2683 1139 2690 .
1164 2683 1171 2690 .
1197 2683 1204 2690 .
1230 2658 1396 2689 Erasmus
1416 2657 1453 2688 in
1474 2667 1580 2688 causa
1600 2656 1681 2688 fuit.

83 2703 286 2736 Emomium
322 2703 550 2742 Matrimonii,
588 2703 700 2742 Basle,
740 2705 848 2744 1518:
914 2703 951 2735 Is
978 2703 1024 2734 ad
1051 2713 1105 2734 me
1131 2701 1272 2743 scripsit
1296 2700 1483 2742 epistolam
1510 2700 1552 2731 de
1579 2699 1682 2731 rebus

83 2757 139 2780 see
154 2747 220 2789 Ep.
234 2748 312 2788 604.
332 2757 407 2779 1011.
912 2746 1145 2778 familiaribus
1161 2745 1248 2777 bene
1264 2744 1415 2785 longam.
1456 2743 1556 2776 Hanc
1572 2743 1680 2775 etiam

128 2800 159 2831 3.
184 2789 417 2829 diuinatione]
441 2790 477 2822 It
499 2789 529 2821 is
553 2792 616 2822 not
639 2789 731 2822 clear
755 2789 850 2821 what
914 2789 960 2821 ad
999 2792 1045 2827 te,
1086 2792 1127 2820 vt
1166 2787 1365 2829 pollicebar,
1406 2785 1544 2819 mittere
1584 2797 1681 2828 paro.

83 2833 179 2866 work
215 2833 250 2866 of
287 2834 453 2866 Erasmus
488 2833 517 2864 is
552 2833 722 2864 intended
757 2833 846 2865 here.
914 2832 1124 2873 Superuenit
1150 2841 1295 2873 operum
1320 2830 1458 2862 Erasmi
1481 2829 1681 2872 Catabgus,

83 2877 120 2909 It
141 2887 211 2909 was
233 2877 268 2909 of
289 2887 336 2909 no
355 2880 454 2919 great
473 2876 542 2908 sizc
564 2877 644 2918 (Ep.
672 2885 764 2917 1331.
789 2877 823 2915 2)
840 2888 848 2914 3
910 2876 948 2908 in
966 2886 1036 2917 quo
1054 2875 1127 2907 orbi
1146 2885 1285 2916 quoque
1303 2873 1483 2916 publicata
1500 2873 1574 2905 vidi
1590 2884 1681 2915 quae

85 2920 156 2952 and
186 2920 367 2962 evidently
399 2920 442 2952 he
474 2920 545 2951 had
577 2919 709 2961 spoken
741 2919 850 2961 freely
913 2919 960 2951 ad
994 2929 1047 2950 me
1081 2917 1302 2961 peculiariter
1333 2917 1465 2960 scripta
1496 2917 1679 2959 putabam.

84 2963 120 2995 in
135 2964 175 3001 it,
193 2974 231 2995 or
246 2964 342 2996 there
360 2963 474 2996 would
490 2963 578 2995 have
597 2963 682 2994 beon
700 2973 745 2994 no
761 2963 849 2994 need
914 2962 1064 2994 Proinde
1102 2973 1145 2993 ex
1181 2961 1242 2993 illo
1281 2961 1418 2993 Erasmi
1456 2961 1614 2992 animum
1645 2965 1680 2992 te

83 3007 137 3038 for
148 3007 338 3040 cautionin
352 3007 547 3049 showingit
560 3007 679 3039 about.
719 3007 753 3038 It
768 3016 849 3048 may
914 3007 1044 3038 discere
1063 3005 1235 3038 malebam
1253 3016 1359 3047 quam
1376 3016 1418 3037 cx
1436 3004 1608 3046 epistola)

141 3077 233 3110 452·5
872 3074 900 3104 Ο
