2012 3370
299 132 374 169 146
767 126 1023 167 LETTERS
1055 126 1127 167 or
1157 124 1420 166 ERASMUS
1772 126 1894 174 [1522

236 258 277 289 30
295 244 338 279 et
369 241 536 291 gracia:
585 238 739 289 quibus
770 250 869 275 sane
901 236 1074 275 dotibus
1104 237 1160 276 ad
1191 237 1345 277 Christi
1376 237 1577 275 honorem
1609 240 1653 275 et
1684 236 1896 275 Ecclesiae

294 299 467 333 sanctae
490 294 671 343 fideique
694 291 979 330 defensionem
1002 292 1066 330 vti
1089 291 1229 338 debes,
1254 293 1326 343 qui
1349 304 1418 330 eas
1441 291 1520 330 tibi
1543 303 1620 330 sua
1640 290 1896 330 liberalitate

295 348 688 388 munificentissima
714 346 890 396 largitus
916 350 993 384 est.
1051 346 1174 393 Quod
1199 360 1249 385 ea
1275 346 1327 385 de
1353 358 1480 385 eausa
1506 346 1775 396 potissimum
1801 359 1826 384 a
1852 349 1895 384 te

295 403 383 441 fieri
402 403 608 453 cupimus,
629 405 678 439 vt
696 404 739 439 et
757 400 822 439 his
840 401 913 451 qui
931 404 974 439 te
992 413 1118 451 super
1134 414 1178 439 re
1196 400 1441 440 Lutherana
1459 403 1704 450 suspectum
1722 399 1895 439 reddere

294 461 515 502 conantur,
546 456 625 494 hoc
653 455 825 493 demum
852 458 980 505 pacto
1007 456 1203 505 imponas
1229 455 1476 501 silencium;
1520 458 1564 492 et
1590 453 1755 493 labores
1782 458 1893 500 tuos,

235 528 272 561 35
294 524 400 562 quos
428 509 626 549 iuuandis
655 508 925 560 policioribus
953 508 1106 548 litteris
1135 522 1183 548 ac
1213 508 1473 561 expoliendis
1502 507 1895 559 locupletandisque

293 565 521 616 Scripturis
551 565 679 603 sacris
710 563 783 602 diu
814 563 1073 614 impendisti,
1106 563 1186 603 hac
1216 568 1308 603 tam
1339 564 1606 602 sanctissima
1637 574 1777 614 opera,
1810 575 1896 613 qua

292 619 409 658 nulla
427 619 517 658 Deo
534 619 709 670 graeior,
729 617 846 656 nulla
863 618 973 656 veris
990 617 1218 657 Catholicis
1236 619 1437 669 optatior,
1457 617 1573 656 nulla
1590 620 1634 656 te
1652 620 1695 656 et
1712 617 1894 668 ingenio,

291 673 530 712 eruditione
551 672 880 724 eloquentiaque
902 673 988 711 tuis
1011 671 1175 723 dignior
1196 685 1286 711 esse
1307 676 1463 723 potest,
1488 684 1676 711 exornes.

346 727 459 768 Caue
489 727 666 779 proinde
696 730 894 777 expectes
924 727 1133 777 aptiorem
1163 727 1243 766 tibi
1273 739 1464 777 vnquam
1495 725 1586 765 dari
1617 725 1894 772 occasionem,

230 800 274 830 40
292 794 378 833 qua
414 782 482 820 vel
518 783 654 820 maius
690 781 781 820 Deo
817 781 1068 831 obsequium
1104 780 1170 820 vel
1207 781 1378 820 vberius
1412 785 1513 820 tuae
1549 780 1726 827 nationi,
1764 780 1895 818 immo

292 838 513 876 vniuersae
550 835 806 887 reipublicae
845 834 1120 881 Christianae,
1162 834 1412 874 beneficium
1450 836 1584 886 possis
1622 833 1895 886 impendere;

291 904 422 942 quam
442 893 476 930 si
495 904 581 930 non
602 891 741 929 minus
761 889 936 928 stolidas
963 891 1227 940 rusticasque
1253 902 1383 940 quam
1408 890 1561 940 impias
1586 890 1691 928 istas
1715 888 1895 937 hereses,

291 958 317 984 a
341 945 527 984 Martino
551 945 738 984 Luthero
762 957 848 982 non
872 943 1044 994 quidem
1068 945 1266 983 inuentas
1290 943 1363 982 sed
1388 956 1413 982 a
1436 944 1583 994 priscis
1606 942 1894 990 heresiarchis,

291 1013 398 1051 quos
424 999 634 1039 catholica
660 998 848 1037 Ecclesia
873 1011 922 1036 ac
947 999 1085 1037 saneti
1111 997 1260 1037 Patres
1286 997 1431 1036 diuino
1457 997 1736 1048 proculdubio
1762 996 1895 1036 afflati

292 1054 452 1105 Spiritu
473 1055 612 1105 sepius
633 1052 985 1098 condemnarunt,
1007 1056 1204 1103 acceptas
1225 1055 1268 1091 et
1287 1056 1497 1102 tanquam
1517 1051 1573 1090 ab
1592 1050 1736 1090 inferis
1756 1051 1896 1090 denuo

291 1113 614 1158 erutas—quae,
643 1107 749 1158 proh
778 1106 910 1152 dolor,
939 1110 1008 1145 tot
1035 1107 1200 1145 animas
1226 1106 1410 1145 fratrum
1436 1110 1610 1145 tuorum
1638 1105 1897 1145 subuertunt

291 1161 495 1214 quotidie,
518 1166 562 1201 et
582 1165 737 1201 cuncta
763 1160 1158 1212 perturbationibus
1176 1160 1389 1212 nephariis
1406 1160 1638 1212 replent—‚
1659 1159 1895 1200 Hieronimi

290 1217 369 1264 tui,
396 1216 624 1268 Augustini
649 1220 970 1266 ceterorumque
995 1214 1174 1254 Patrum
1200 1219 1445 1254 sanctorum
1470 1214 1665 1266 exempla
1689 1218 1734 1254 et
1759 1214 1895 1254 zelum

290 1271 546 1310 laudabilem
595 1271 804 1316 imitatus
852 1269 1094 1309 racionibus
1130 1269 1371 1309 fortissimis
1417 1282 1466 1309 ac
1504 1273 1750 1308 sanctarum
1788 1268 1894 1309 Scri-

291 1329 512 1377 pturarum
533 1324 871 1364 authoritatibus
892 1323 1144 1371 confuderis,
1166 1324 1403 1370 abstuleris,
1426 1323 1667 1376 exploseris.
1726 1323 1785 1363 Et
1803 1324 1894 1375 qui-

291 1380 401 1427 dem,
446 1380 635 1425 Erasme,
680 1379 787 1417 miro
829 1378 972 1417 studio
1014 1391 1253 1430 magnoque
1296 1391 1491 1417 successu
1533 1377 1715 1417 antehac
1757 1377 1895 1417 multa

290 1435 507 1485 scripsisti,
548 1446 657 1484 quae
696 1445 943 1484 quanquam
981 1433 1158 1472 eruditis
1196 1432 1394 1472 omnibus
1431 1445 1631 1484 magnam
1669 1431 1897 1472 attulerint

291 1488 538 1535 Vtilitatem,
559 1488 714 1527 collata
732 1492 879 1527 tamen
897 1500 995 1526 cum
1013 1500 1138 1539 opere
1157 1487 1212 1526 ad
1231 1487 1347 1538 quod
1364 1491 1408 1526 te
1426 1488 1674 1535 inuitamus,
1695 1486 1896 1538 quodque

229 1089 269 1121 45

232 1360 272 1392 50

336 1592 389 1622 30.
416 1582 544 1615 Christi
558 1582 725 1614 honorem
739 1594 777 1614 a:
802 1583 875 1614 eius
890 1582 1030 1613 honoris
1040 1584 1073 1616 β.
1164 1591 1216 1621 31.
1243 1586 1385 1615 sanctae
1399 1594 1460 1615 ονε.
1477 1585 1511 1617 β.
1595 1593 1659 1615 sua
1673 1608 1680 1615 .
1696 1606 1706 1618 .
1722 1607 1731 1616 .
1752 1591 1806 1623 32.
1831 1582 1897 1615 lar-

288 1627 382 1668 gitus
414 1639 457 1658 a:
493 1626 566 1657 sola
601 1636 664 1657 sua
698 1626 915 1667 benignitate
948 1625 1112 1667 elargitus
1133 1628 1166 1659 Β.
1317 1634 1369 1665 32.
1396 1627 1619 1668 potissimum
1653 1627 1696 1659 de
1725 1636 1831 1659 causa
1860 1629 1893 1661 β.

290 1681 341 1711 33.
368 1670 421 1701 his
445 1671 491 1703 βε
530 1669 584 1701 hic
608 1681 637 1699 a.
766 1678 818 1709 34.
845 1669 1024 1701 silentium
1046 1669 1207 1710 imponas
1230 1671 1264 1704 Β.
1401 1678 1453 1710 35.
1480 1670 1644 1702 iuuandis
1667 1683 1710 1703 a:
1746 1670 1895 1712 locuple-

291 1714 407 1745 tandis
432 1716 466 1747 β.
565 1723 605 1744 ac
625 1725 667 1744 a:
700 1716 737 1744 et
761 1716 794 1747 β.
895 1712 1219 1755 locupletandisque
1247 1713 1434 1755 Scripturis
1462 1724 1524 1746 om.
1556 1716 1589 1748 β.
1679 1714 1730 1754 38Δ
1760 1715 1830 1746 tuis
1851 1726 1893 1746 a:

290 1761 352 1788 tua
373 1759 395 1790 β
556 1765 609 1796 39.
637 1756 782 1798 proinde
802 1768 845 1788 a:
880 1757 972 1788 enim
993 1758 1028 1789 Β.
1188 1757 1361 1798 aptiorem
1382 1781 1389 1788 .
1413 1781 1421 1788 .
1444 1782 1452 1788 .
1477 1757 1552 1789 dari
1572 1770 1615 1789 a:
1640 1757 1705 1790 tibi
1727 1761 1804 1789 tota
1820 1758 1896 1789 vita

290 1804 352 1832 tua
374 1800 498 1832 datum
518 1800 559 1831 iri
581 1802 613 1834 β.
719 1809 771 1841 40.
797 1800 933 1832 nationi
955 1803 1036 1831 tuae
1057 1802 1090 1834 β.
1196 1811 1251 1841 41.
1275 1800 1475 1842 impendere
1489 1801 1599 1842 possis
1617 1802 1650 1834 β.
1755 1811 1806 1841 42.
1832 1802 1893 1833 im-

289 1845 365 1885 pias
384 1856 403 1873 α
420 1855 427 1876 :
462 1843 631 1885 malignas
650 1845 683 1877 β.
835 1854 889 1884 44.
915 1842 1126 1875 sanctissimi
1139 1845 1172 1878 β.
1331 1844 1463 1886 Spiritu
1482 1844 1712 1886 proculdubio
1730 1845 1840 1878 afflati
1860 1848 1894 1879 β.

290 1896 343 1928 45.
371 1890 407 1918 et
428 1890 598 1928 tanquam
614 1899 656 1920 a:
681 1887 782 1928 quasi
804 1888 838 1920 β.
1074 1888 1128 1927 46.
1155 1887 1242 1928 proh
1265 1887 1364 1919 dolor
1385 1898 1450 1921 o‘m„
1474 1890 1507 1922 β.
1737 1888 1895 1930 quotidie

288 1931 500 1962 subuertunt
525 1933 559 1965 β.
697 1940 750 1971 47.
777 1934 903 1962 cuncta
931 1955 938 1962 .
968 1955 975 1962 .
1005 1955 1013 1963 .
1042 1930 1218 1972 nephariis
1244 1943 1286 1963 a:
1327 1932 1489 1963 vniuersa
1516 1931 1749 1970 confundunt,
1776 1932 1894 1964 turba-

289 1974 513 2015 tionibusque
535 1975 567 2007 Β.
704 1975 757 2015 48.
786 1975 838 2005 tui
858 1974 933 2006 add.
952 1976 985 2008 Β.
1114 1977 1378 2016 ceterorumque
1398 1999 1406 2006 .
1430 1999 1437 2006 .
1460 1999 1468 2007 .
1493 1984 1547 2015 49.
1573 1974 1830 2016 Scripturarum
1851 1988 1893 2007 a:

289 2022 325 2050 et
343 2017 490 2049 aliorum
509 2020 710 2049 sanctorum
730 2018 876 2050 Patrum
894 2017 1007 2049 zelum
1025 2017 1254 2059 exemplaque
1272 2018 1445 2057 imitatus,
1463 2018 1682 2050 lucidissimis
1701 2019 1895 2051 rationibus

289 2065 325 2093 et
349 2064 491 2092 sanctae
515 2061 714 2102 Scripturae
739 2064 772 2093 Β.
895 2070 947 2101 50.
974 2061 1158 2093 abstuleris
1176 2073 1218 2094 a:
1252 2061 1432 2094 sustuleris
1450 2064 1483 2095 Β.
1595 2063 1644 2094 Et
1667 2075 1709 2095 a:
1734 2062 1847 2094 Multa
1859 2066 1892 2098 β.

291 2114 344 2144 51.
372 2104 460 2135 miro
474 2116 493 2134 α
509 2116 516 2136 :
556 2114 683 2145 magno
699 2107 732 2138 β.
872 2104 984 2136 multa
1000 2115 1063 2136 om.
1082 2107 1114 2138 Β.
1246 2114 1300 2145 52.
1318 2115 1522 2147 quanquam
1540 2129 1547 2136 .
1567 2129 1574 2136 .
1595 2129 1601 2136 .
1622 2115 1675 2146 54.
1700 2106 1837 2148 piorum
1854 2118 1871 2135 a
1886 2118 1892 2136 ε

289 2148 370 2179 lieet
386 2158 447 2189 per
462 2157 497 2179 se
514 2158 677 2189 magnam
695 2147 807 2179 doctis
825 2148 985 2180 omnibus
1001 2148 1193 2180 vtilitatem
1209 2148 1406 2188 attulerint,
1421 2152 1541 2181 tamen
1554 2159 1637 2190 prae
1652 2149 1717 2181 hoc
1733 2160 1835 2191 opere
1851 2150 1894 2181 ad

289 2191 386 2233 quod
401 2194 436 2223 te
452 2191 645 2229 hortamur,
662 2194 699 2223 et
713 2191 809 2233 quod
824 2193 846 2225 Β
864 2193 940 2233 (per
957 2201 992 2223 se
1012 2201 1175 2233 magnam
1195 2194 1217 2227 β
1233 2204 1241 2225 :
1274 2202 1502 2234 permagnam
1521 2193 1581 2234 H).

335 2286 388 2317 30.
415 2286 515 2308 sane.
532 2301 539 2307 .
555 2300 562 2308 .
578 2286 632 2317 31.
651 2277 798 2309 debesa:
820 2277 973 2315 dotibus,
982 2277 1087 2310 sinon
1095 2278 1436 2312 adeiushonoremet
1444 2279 1678 2312 defensionem
1687 2281 1796 2312 vtaris
1805 2280 1884 2313 MS.

335 2329 388 2360 32.
417 2320 518 2359 Quod
533 2331 574 2352 ea
591 2344 597 2351 .
618 2344 624 2351 .
643 2345 651 2352 .
672 2330 725 2361 34.
750 2320 930 2352 silencium
944 2333 982 2353 a:
1007 2345 1016 2359 ,
1030 2321 1110 2353 vide
1124 2332 1166 2353 ne
1181 2326 1318 2364 praeter
1330 2323 1619 2364 ingratitudinem
1636 2324 1671 2356 in
1687 2328 1893 2356 assertorem

290 2367 392 2395 tuum
410 2367 446 2395 et
462 2364 568 2395 istam
586 2365 817 2405 suspicionem
836 2364 1017 2396 confirmes
1034 2375 1142 2406 quam
1161 2369 1344 2408 tantopere
1362 2367 1556 2408 deprecaris
1574 2366 1653 2399 MS.

336 2408 388 2447 36.
415 2407 480 2439 hae
497 2410 571 2439 tam
587 2431 595 2438 .
614 2430 622 2439 .
641 2431 649 2439 .
668 2417 721 2447 50.
747 2407 943 2449 exploseris.
984 2408 1060 2440 Eta
1077 2421 1084 2440 :
1115 2409 1270 2441 amittas.
1309 2410 1460 2442 Amittes
1476 2410 1569 2442 enim
1585 2410 1693 2442 dubio
1708 2411 1827 2452 procul
1843 2411 1892 2442 in-

290 2451 381 2492 genii
391 2451 442 2482 tui
453 2451 600 2488 fructus,
609 2451 639 2483 si
648 2451 798 2483 rusticae
808 2451 873 2483 hae
884 2451 1039 2483 haereses
1049 2451 1164 2483 locum
1176 2452 1339 2485 habeant.
1364 2453 1456 2485 Nam
1467 2463 1537 2495 quo
1547 2453 1616 2486 alio
1625 2455 1765 2486 nomine
1775 2455 1891 2496 appel-

290 2494 400 2526 lemus
425 2493 557 2526 isthaec
579 2498 736 2526 monstra
757 2505 847 2536 quae
869 2495 1061 2527 Lutherani
1081 2499 1162 2537 post
1184 2500 1239 2528 tot
1259 2496 1397 2528 saecula
1418 2496 1462 2528 ab
1484 2496 1603 2529 inferis
1624 2501 1764 2536 eruunt,
1785 2508 1892 2539 quam

290 2538 498 2569 rusticorum
509 2537 734 2571 Valdensium
745 2538 913 2570 damnata
924 2538 1169 2571 deliramenta?
1185 2542 1286 2572 tanto
1295 2539 1361 2572 illis
1371 2541 1614 2582 perniciosiora
1624 2544 1798 2582 quantum
1809 2541 1893 2573 haec

290 2581 525 2613 calamistrate
547 2582 728 2614 cuiusdam
753 2582 920 2614 orationis
936 2582 1023 2614 fucis
1040 2581 1149 2614 oblita
1165 2586 1202 2614 et
1218 2583 1332 2615 virosa
1348 2583 1577 2616 maledicendi
1593 2585 1750 2626 rubigine
1766 2585 1894 2617 referta

289 2625 462 2666 simplices
487 2628 523 2656 et
548 2628 694 2657 naturae
720 2626 809 2657 vitio
834 2625 880 2657 ad
905 2625 1092 2660 maledicta
1115 2626 1264 2658 libenter
1288 2627 1462 2659 audienda
1487 2627 1604 2659 faciles
1630 2630 1764 2660 animos
1790 2629 1892 2660 citius

288 2667 429 2706 fallunt,
450 2671 488 2699 et
508 2668 555 2700 ad
576 2668 834 2701 disseminanda
857 2668 937 2700 od'ia
958 2673 994 2700 et
1014 2669 1052 2701 in
1074 2669 1139 2701 Dei
1161 2669 1291 2712 populo
1311 2670 1498 2702 seditiones
1520 2681 1608 2712 quas
1630 2671 1789 2703 videmus
1812 2682 1890 2703 con-

290 2711 449 2743 citandas
466 2716 686 2753 exasperant.
728 2713 824 2751 Quae
842 2713 870 2744 si
887 2713 1063 2753 impunita
1079 2717 1296 2752 remaneant,
1313 2724 1383 2746 non
1401 2714 1513 2746 bonae
1531 2714 1637 2746 modo
1653 2715 1785 2752 literae,
1803 2724 1891 2756 quas

291 2757 432 2786 tantum
445 2755 590 2793 ornasti,
601 2755 661 2787 sed
673 2758 709 2787 et
726 2759 882 2787 caeterae
900 2756 1064 2788 scientiae
1082 2766 1213 2797 omnes,
1230 2757 1285 2789 vel
1304 2757 1445 2790 omnino
1461 2758 1636 2790 intereant
1651 2758 1707 2790 vel
1724 2767 1889 2800 magnum

291 2797 541 2830 detrimentum
564 2799 739 2840 accipiant
761 2809 898 2831 neeesse
922 2802 997 2831 est:
1035 2799 1207 2841 siquidem
1231 2804 1268 2832 et
1291 2801 1449 2833 doctores
1473 2811 1587 2833 saeros
1611 2804 1647 2833 et
1670 2805 1891 2833 sacrosancta

292 2840 436 2872 concilia
454 2844 490 2873 et
508 2842 562 2873 ius
581 2845 757 2884 vtrunque
777 2846 813 2874 et
830 2842 1087 2884 philosophiam
1107 2853 1245 2876 omnem
1264 2844 1535 2886 profligatissimi
1552 2845 1589 2876 id
1608 2854 1715 2886 genus
1734 2844 1890 2877 homines

293 2883 488 2924 despiciunt
504 2889 540 2916 et
556 2886 795 2927 pessumdant.
836 2885 948 2918 Multa
965 2890 1005 2917 tu
1022 2886 1103 2919 MS.

340 2935 391 2966 52.
417 2936 506 2967 quae
520 2938 723 2970 quanquam
739 2953 745 2959 .
764 2953 771 2959 .
789 2953 796 2960 .
815 2938 867 2968 59.
894 2930 1049 2968 Erasme,
1064 2933 1103 2961 tu
1118 2931 1178 2971 qui
1191 2943 1210 2961 α
1223 2943 1230 2963 :
1255 2930 1315 2962 sed
1329 2941 1411 2972 prae
1423 2931 1466 2962 iis
1479 2941 1569 2972 quae
1583 2933 1718 2962 restant
1730 2941 1889 2973 quaeque

293 2968 354 3000 abs
372 2973 406 3000 te
422 2970 602 3002 hominum
618 2982 803 3004 consensus
816 2976 993 3014 expectat,
1005 2972 1059 3004 vel
1074 2974 1215 3006 omnino
1226 2973 1316 3006 leuia
1332 2974 1386 3005 vel
1404 2977 1496 3005 certe
1511 2984 1552 3005 eo
1569 2975 1683 3006 minus
1698 2976 1889 3006 necessaria

291 3013 387 3054 quod
404 3012 459 3044 illa
480 3014 522 3044 ad
543 3024 744 3055 paucorum,
766 3016 799 3046 id
813 3019 865 3046 est
886 3015 1079 3054 doctorum,
1094 3027 1194 3047 Vsum
1213 3017 1364 3049 edidisti.
1408 3017 1503 3049 Haec
1522 3017 1589 3048 alia
1608 3018 1651 3048 ad
1670 3027 1888 3050 communem
