<?xml version="1.0" encoding="UTF-8"?>
<!DOCTYPE html PUBLIC "-//W3C//DTD XHTML 1.0 Transitional//EN"
    "http://www.w3.org/TR/xhtml1/DTD/xhtml1-transitional.dtd">
<html xmlns="http://www.w3.org/1999/xhtml" xml:lang="en" lang="en">
 <head>
  <title>
</title>
<meta http-equiv="Content-Type" content="text/html;charset=utf-8" />
  <meta name='ocr-system' content='tesseract 3.04.00' />
  <meta name='ocr-capabilities' content='ocr_page ocr_carea ocr_par ocr_line ocrx_word'/>
</head>
<body>
  <div class='ocr_page' id='page_1' title='image "./opusepistolarum05eras_0065.png"; bbox 0 0 2033 3395; ppageno 0'>
   <div class='ocr_carea' id='block_1_1' title="bbox 115 177 1705 232">
    <p class='ocr_par' dir='ltr' id='par_1_1' title="bbox 115 177 1705 232">
     <span class='ocr_line' id='line_1_1' title="bbox 115 177 1705 232; baseline -0.005 -8"><span class='ocrx_word' id='word_1_1' title='bbox 115 183 237 232; x_wconf 83' lang='lat'>1268]</span> <span class='ocrx_word' id='word_1_2' title='bbox 473 182 545 221; x_wconf 86' lang='grc' dir='ltr'>ΤΟ</span> <span class='ocrx_word' id='word_1_3' title='bbox 574 179 903 220; x_wconf 85' lang='lat' dir='ltr'>WILLIBALD</span> <span class='ocrx_word' id='word_1_4' title='bbox 933 177 1343 218; x_wconf 80' lang='lat' dir='ltr'>PIROKHEIMER</span> <span class='ocrx_word' id='word_1_5' title='bbox 1655 179 1705 217; x_wconf 84' lang='lat'>35</span> 
     </span>
    </p>
   </div>
   <div class='ocr_carea' id='block_1_2' title="bbox 110 287 1773 1209">
    <p class='ocr_par' dir='ltr' id='par_1_2' title="bbox 111 287 1766 441">
     <span class='ocr_line' id='line_1_2' title="bbox 114 287 1709 342; baseline -0.003 -12"><span class='ocrx_word' id='word_1_6' title='bbox 114 290 322 342; x_wconf 82' lang='lat' dir='ltr'>myriades</span> <span class='ocrx_word' id='word_1_7' title='bbox 339 291 564 330; x_wconf 87' lang='lat' dir='ltr'>haereseon</span> <span class='ocrx_word' id='word_1_8' title='bbox 579 289 799 339; x_wconf 88' lang='lat' dir='ltr'>decerptas</span> <span class='ocrx_word' id='word_1_9' title='bbox 818 302 840 328; x_wconf 93' lang='grc'>6</span> <span class='ocrx_word' id='word_1_10' title='bbox 859 288 962 327; x_wconf 88' lang='lat' dir='ltr'>meis</span> <span class='ocrx_word' id='word_1_11' title='bbox 980 287 1346 327; x_wconf 71' lang='lat' dir='ltr'>lucubrationibus</span> <span class='ocrx_word' id='word_1_12' title='bbox 1362 301 1370 332; x_wconf 92' lang='lat'>;</span> <span class='ocrx_word' id='word_1_13' title='bbox 1401 292 1444 326; x_wconf 93' lang='lat' dir='ltr'>et</span> <span class='ocrx_word' id='word_1_14' title='bbox 1458 288 1543 325; x_wconf 88' lang='lat' dir='ltr'>iam</span> <span class='ocrx_word' id='word_1_15' title='bbox 1560 300 1709 325; x_wconf 74' lang='lat' dir='ltr'>caussa</span> 
     </span>
     <span class='ocr_line' id='line_1_3' title="bbox 111 340 1709 396; baseline -0.003 -12"><span class='ocrx_word' id='word_1_16' title='bbox 111 344 393 396; x_wconf 89' lang='lat' dir='ltr'>periclitabar,</span> <span class='ocrx_word' id='word_1_17' title='bbox 419 344 499 383; x_wconf 83' lang='lat' dir='ltr'>nisi</span> <span class='ocrx_word' id='word_1_18' title='bbox 525 356 636 382; x_wconf 91' lang='lat' dir='ltr'>mors</span> <span class='ocrx_word' id='word_1_19' title='bbox 661 343 952 394; x_wconf 68' lang='lat' dir='ltr'>intercepisset</span> <span class='ocrx_word' id='word_1_20' title='bbox 978 342 1175 389; x_wconf 86' lang='lat' dir='ltr'>Leonem,</span> <span class='ocrx_word' id='word_1_21' title='bbox 1203 342 1360 392; x_wconf 86' lang='lat' dir='ltr'>alioqui</span> <span class='ocrx_word' id='word_1_22' title='bbox 1386 354 1470 380; x_wconf 92' lang='lat' dir='ltr'>non</span> <span class='ocrx_word' id='word_1_23' title='bbox 1496 340 1709 380; x_wconf 83' lang='lat' dir='ltr'>infensum</span> 
     </span>
     <span class='ocr_line' id='line_1_4' title="bbox 112 399 1766 441; baseline -0.002 -3"><span class='ocrx_word' id='word_1_24' title='bbox 112 399 302 438; x_wconf 85' lang='lat' dir='ltr'>Erasmo.</span> <span class='ocrx_word' id='word_1_25' title='bbox 1728 410 1766 441; x_wconf 78' lang='lat'>75</span> 
     </span>
    </p>

    <p class='ocr_par' dir='ltr' id='par_1_3' title="bbox 110 448 1773 1046">
     <span class='ocr_line' id='line_1_5' title="bbox 165 448 1711 503; baseline -0.003 -11"><span class='ocrx_word' id='word_1_26' title='bbox 165 453 398 492; x_wconf 87' lang='lat' dir='ltr'>Lutherani</span> <span class='ocrx_word' id='word_1_27' title='bbox 430 452 534 491; x_wconf 86' lang='lat' dir='ltr'>mihi</span> <span class='ocrx_word' id='word_1_28' title='bbox 568 452 708 503; x_wconf 85' lang='lat' dir='ltr'>palam</span> <span class='ocrx_word' id='word_1_29' title='bbox 744 452 961 491; x_wconf 90' lang='lat' dir='ltr'>minantur</span> <span class='ocrx_word' id='word_1_30' title='bbox 994 450 1156 490; x_wconf 89' lang='lat' dir='ltr'>libellos</span> <span class='ocrx_word' id='word_1_31' title='bbox 1190 449 1429 496; x_wconf 85' lang='lat' dir='ltr'>maledicos,</span> <span class='ocrx_word' id='word_1_32' title='bbox 1466 453 1510 488; x_wconf 90' lang='lat' dir='ltr'>et</span> <span class='ocrx_word' id='word_1_33' title='bbox 1544 448 1711 488; x_wconf 82' lang='lat' dir='ltr'>Caesari</span> 
     </span>
     <span class='ocr_line' id='line_1_6' title="bbox 111 503 1710 558; baseline -0.003 -12"><span class='ocrx_word' id='word_1_34' title='bbox 111 506 418 558; x_wconf 87' lang='lat' dir='ltr'>propemodum</span> <span class='ocrx_word' id='word_1_35' title='bbox 444 519 690 558; x_wconf 87' lang='lat' dir='ltr'>persuasum</span> <span class='ocrx_word' id='word_1_36' title='bbox 718 510 783 545; x_wconf 90' lang='lat' dir='ltr'>est</span> <span class='ocrx_word' id='word_1_37' title='bbox 812 519 878 545; x_wconf 89' lang='lat' dir='ltr'>me</span> <span class='ocrx_word' id='word_1_38' title='bbox 896 506 1060 545; x_wconf 83' lang='lat' dir='ltr'>fontem</span> <span class='ocrx_word' id='word_1_39' title='bbox 1080 509 1124 544; x_wconf 92' lang='lat' dir='ltr'>et</span> <span class='ocrx_word' id='word_1_40' title='bbox 1143 508 1274 556; x_wconf 87' lang='lat' dir='ltr'>caput</span> <span class='ocrx_word' id='word_1_41' title='bbox 1291 517 1380 544; x_wconf 91' lang='lat' dir='ltr'>esse</span> <span class='ocrx_word' id='word_1_42' title='bbox 1399 504 1534 543; x_wconf 88' lang='lat' dir='ltr'>totius</span> <span class='ocrx_word' id='word_1_43' title='bbox 1553 503 1710 542; x_wconf 90' lang='lat' dir='ltr'>Luthe-</span> 
     </span>
     <span class='ocr_line' id='line_1_7' title="bbox 111 557 1710 611; baseline -0.003 -11"><span class='ocrx_word' id='word_1_44' title='bbox 111 562 204 600; x_wconf 87' lang='lat' dir='ltr'>rani</span> <span class='ocrx_word' id='word_1_45' title='bbox 218 560 442 600; x_wconf 88' lang='lat' dir='ltr'>tumultus.</span> <span class='ocrx_word' id='word_1_46' title='bbox 500 561 643 611; x_wconf 90' lang='lat' dir='ltr'>Atque</span> <span class='ocrx_word' id='word_1_47' title='bbox 657 561 720 599; x_wconf 86' lang='lat' dir='ltr'>ita</span> <span class='ocrx_word' id='word_1_48' title='bbox 735 559 956 611; x_wconf 90' lang='lat' dir='ltr'>magnifice</span> <span class='ocrx_word' id='word_1_49' title='bbox 977 559 1191 611; x_wconf 82' lang='lat' dir='ltr'>periclitor</span> <span class='ocrx_word' id='word_1_50' title='bbox 1202 559 1416 609; x_wconf 86' lang='lat' dir='ltr'>vtrinque,</span> <span class='ocrx_word' id='word_1_51' title='bbox 1439 558 1491 597; x_wconf 93' lang='lat' dir='ltr'>de</span> <span class='ocrx_word' id='word_1_52' title='bbox 1512 557 1710 597; x_wconf 84' lang='lat' dir='ltr'>omnibus</span> 
     </span>
     <span class='ocr_line' id='line_1_8' title="bbox 112 612 1710 665; baseline -0.003 -11"><span class='ocrx_word' id='word_1_53' title='bbox 112 616 218 654; x_wconf 89' lang='lat' dir='ltr'>bene</span> <span class='ocrx_word' id='word_1_54' title='bbox 240 616 427 654; x_wconf 71' lang='lat' dir='ltr'>meritus</span> <span class='ocrx_word' id='word_1_55' title='bbox 486 615 765 654; x_wconf 86' lang='lat' dir='ltr'>Decreueram</span> <span class='ocrx_word' id='word_1_56' title='bbox 795 614 957 665; x_wconf 90' lang='lat' dir='ltr'>aliquid</span> <span class='ocrx_word' id='word_1_57' title='bbox 985 614 1176 660; x_wconf 89' lang='lat' dir='ltr'>scribere,</span> <span class='ocrx_word' id='word_1_58' title='bbox 1206 626 1292 652; x_wconf 92' lang='lat' dir='ltr'>non</span> <span class='ocrx_word' id='word_1_59' title='bbox 1322 612 1524 652; x_wconf 87' lang='lat' dir='ltr'>aduersus</span> <span class='ocrx_word' id='word_1_60' title='bbox 1553 612 1710 651; x_wconf 88' lang='lat' dir='ltr'>Luthe-</span> 
     </span>
     <span class='ocr_line' id='line_1_9' title="bbox 110 666 1773 718; baseline -0.003 -10"><span class='ocrx_word' id='word_1_61' title='bbox 110 682 217 715; x_wconf 88' lang='lat' dir='ltr'>rum,</span> <span class='ocrx_word' id='word_1_62' title='bbox 244 669 318 709; x_wconf 89' lang='lat' dir='ltr'>sed</span> <span class='ocrx_word' id='word_1_63' title='bbox 343 669 395 708; x_wconf 93' lang='lat' dir='ltr'>de</span> <span class='ocrx_word' id='word_1_64' title='bbox 420 669 671 715; x_wconf 84' lang='lat' dir='ltr'>concordia;</span> <span class='ocrx_word' id='word_1_65' title='bbox 702 682 849 708; x_wconf 84' lang='lat' dir='ltr'>verum</span> <span class='ocrx_word' id='word_1_66' title='bbox 870 668 994 707; x_wconf 85' lang='lat' dir='ltr'>video</span> <span class='ocrx_word' id='word_1_67' title='bbox 1020 672 1162 718; x_wconf 89' lang='lat' dir='ltr'>partes</span> <span class='ocrx_word' id='word_1_68' title='bbox 1183 667 1331 706; x_wconf 85' lang='lat' dir='ltr'>ambas</span> <span class='ocrx_word' id='word_1_69' title='bbox 1356 667 1414 706; x_wconf 87' lang='lat' dir='ltr'>sic</span> <span class='ocrx_word' id='word_1_70' title='bbox 1441 666 1637 706; x_wconf 81' lang='lat' dir='ltr'>ardentes</span> <span class='ocrx_word' id='word_1_71' title='bbox 1662 669 1712 704; x_wconf 87' lang='lat' dir='ltr'>vt</span> <span class='ocrx_word' id='word_1_72' title='bbox 1730 672 1773 704; x_wconf 88' lang='lat'>80</span> 
     </span>
     <span class='ocr_line' id='line_1_10' title="bbox 111 721 1712 775; baseline -0.003 -12"><span class='ocrx_word' id='word_1_73' title='bbox 111 727 273 775; x_wconf 85' lang='lat' dir='ltr'>prestet</span> <span class='ocrx_word' id='word_1_74' title='bbox 295 724 520 774; x_wconf 89' lang='lat' dir='ltr'>quiescere.</span> <span class='ocrx_word' id='word_1_75' title='bbox 580 723 835 773; x_wconf 78' lang='lat' dir='ltr'>Quanquam</span> <span class='ocrx_word' id='word_1_76' title='bbox 864 722 1015 761; x_wconf 86' lang='lat' dir='ltr'>vellem</span> <span class='ocrx_word' id='word_1_77' title='bbox 1044 723 1130 760; x_wconf 90' lang='lat' dir='ltr'>iam</span> <span class='ocrx_word' id='word_1_78' title='bbox 1161 726 1260 760; x_wconf 87' lang='lat' dir='ltr'>ante</span> <span class='ocrx_word' id='word_1_79' title='bbox 1290 721 1397 760; x_wconf 90' lang='lat' dir='ltr'>duos</span> <span class='ocrx_word' id='word_1_80' title='bbox 1421 734 1555 759; x_wconf 89' lang='lat' dir='ltr'>annos</span> <span class='ocrx_word' id='word_1_81' title='bbox 1576 721 1621 759; x_wconf 85' lang='lat' dir='ltr'>in</span> <span class='ocrx_word' id='word_1_82' title='bbox 1643 733 1712 759; x_wconf 90' lang='lat' dir='ltr'>me</span> 
     </span>
     <span class='ocr_line' id='line_1_11' title="bbox 111 774 1713 829; baseline -0.002 -13"><span class='ocrx_word' id='word_1_83' title='bbox 111 778 375 829; x_wconf 86' lang='lat' dir='ltr'>scripsissent</span> <span class='ocrx_word' id='word_1_84' title='bbox 418 777 665 817; x_wconf 87' lang='lat' dir='ltr'>Lutherani.</span> <span class='ocrx_word' id='word_1_85' title='bbox 723 777 957 816; x_wconf 87' lang='lat' dir='ltr'>Leuassent</span> <span class='ocrx_word' id='word_1_86' title='bbox 1001 789 1068 815; x_wconf 90' lang='lat' dir='ltr'>me</span> <span class='ocrx_word' id='word_1_87' title='bbox 1114 776 1234 827; x_wconf 86' lang='lat' dir='ltr'>graui</span> <span class='ocrx_word' id='word_1_88' title='bbox 1277 775 1452 814; x_wconf 86' lang='lat' dir='ltr'>inuidia.</span> <span class='ocrx_word' id='word_1_89' title='bbox 1511 774 1713 814; x_wconf 85' lang='lat' dir='ltr'>Consului</span> 
     </span>
     <span class='ocr_line' id='line_1_12' title="bbox 113 828 1710 883; baseline -0.003 -12"><span class='ocrx_word' id='word_1_90' title='bbox 113 832 378 871; x_wconf 89' lang='lat' dir='ltr'>doctissimos</span> <span class='ocrx_word' id='word_1_91' title='bbox 411 831 642 883; x_wconf 89' lang='lat' dir='ltr'>theologos,</span> <span class='ocrx_word' id='word_1_92' title='bbox 678 832 712 870; x_wconf 92' lang='lat' dir='ltr'>si</span> <span class='ocrx_word' id='word_1_93' title='bbox 745 831 849 882; x_wconf 91' lang='lat' dir='ltr'>quid</span> <span class='ocrx_word' id='word_1_94' title='bbox 881 834 992 870; x_wconf 84' lang='lat' dir='ltr'>esset</span> <span class='ocrx_word' id='word_1_95' title='bbox 1024 831 1068 869; x_wconf 91' lang='lat' dir='ltr'>in</span> <span class='ocrx_word' id='word_1_96' title='bbox 1103 843 1216 869; x_wconf 91' lang='lat' dir='ltr'>nono</span> <span class='ocrx_word' id='word_1_97' title='bbox 1250 842 1342 881; x_wconf 89' lang='lat' dir='ltr'>cap.</span> <span class='ocrx_word' id='word_1_98' title='bbox 1379 829 1459 880; x_wconf 88' lang='lat' dir='ltr'>Ep.</span> <span class='ocrx_word' id='word_1_99' title='bbox 1496 829 1552 867; x_wconf 88' lang='lat' dir='ltr'>ad</span> <span class='ocrx_word' id='word_1_100' title='bbox 1583 828 1710 867; x_wconf 81' lang='lat' dir='ltr'>Rom.</span> 
     </span>
     <span class='ocr_line' id='line_1_13' title="bbox 112 882 1712 937; baseline -0.003 -12"><span class='ocrx_word' id='word_1_101' title='bbox 112 886 282 937; x_wconf 84' lang='lat' dir='ltr'>Negant</span> <span class='ocrx_word' id='word_1_102' title='bbox 313 886 542 937; x_wconf 91' lang='lat' dir='ltr'>quicquam</span> <span class='ocrx_word' id='word_1_103' title='bbox 574 899 661 925; x_wconf 90' lang='lat' dir='ltr'>esse</span> <span class='ocrx_word' id='word_1_104' title='bbox 694 886 807 932; x_wconf 85' lang='lat' dir='ltr'>mali,</span> <span class='ocrx_word' id='word_1_105' title='bbox 840 886 921 924; x_wconf 86' lang='lat' dir='ltr'>nisi</span> <span class='ocrx_word' id='word_1_106' title='bbox 952 885 1031 924; x_wconf 93' lang='lat' dir='ltr'>hoc</span> <span class='ocrx_word' id='word_1_107' title='bbox 1062 885 1155 923; x_wconf 89' lang='lat' dir='ltr'>istis</span> <span class='ocrx_word' id='word_1_108' title='bbox 1186 884 1346 923; x_wconf 87' lang='lat' dir='ltr'>malum</span> <span class='ocrx_word' id='word_1_109' title='bbox 1379 883 1562 930; x_wconf 83' lang='lat' dir='ltr'>videtur,</span> <span class='ocrx_word' id='word_1_110' title='bbox 1596 882 1712 934; x_wconf 91' lang='lat' dir='ltr'>quod</span> 
     </span>
     <span class='ocr_line' id='line_1_14' title="bbox 111 937 1772 992; baseline -0.003 -12"><span class='ocrx_word' id='word_1_111' title='bbox 111 940 272 992; x_wconf 88' lang='lat' dir='ltr'>aliquid</span> <span class='ocrx_word' id='word_1_112' title='bbox 288 940 476 979; x_wconf 86' lang='lat' dir='ltr'>tribuam</span> <span class='ocrx_word' id='word_1_113' title='bbox 492 940 623 980; x_wconf 91' lang='lat' dir='ltr'>libero</span> <span class='ocrx_word' id='word_1_114' title='bbox 642 940 830 987; x_wconf 86' lang='lat' dir='ltr'>arbitrio,</span> <span class='ocrx_word' id='word_1_115' title='bbox 849 940 1021 978; x_wconf 77' lang='lat' dir='ltr'>tametsi</span> <span class='ocrx_word' id='word_1_116' title='bbox 1039 939 1327 990; x_wconf 85' lang='lat' dir='ltr'>perpusillum.</span> <span class='ocrx_word' id='word_1_117' title='bbox 1387 938 1501 977; x_wconf 89' lang='lat' dir='ltr'>Bene</span> <span class='ocrx_word' id='word_1_118' title='bbox 1519 937 1626 984; x_wconf 85' lang='lat' dir='ltr'>vale,</span> <span class='ocrx_word' id='word_1_119' title='bbox 1648 937 1712 976; x_wconf 82' lang='lat' dir='ltr'>vir</span> <span class='ocrx_word' id='word_1_120' title='bbox 1731 943 1749 974; x_wconf 87' lang='lat'>8</span> <span class='ocrx_word' id='word_1_121' title='bbox 1755 949 1772 979; x_wconf 78' lang='grc'><strong><em>5</em></strong></span> 
     </span>
     <span class='ocr_line' id='line_1_15' title="bbox 114 994 1145 1046; baseline -0.001 -13"><span class='ocrx_word' id='word_1_122' title='bbox 114 995 353 1042; x_wconf 87' lang='lat' dir='ltr'>clarissime,</span> <span class='ocrx_word' id='word_1_123' title='bbox 374 1008 548 1046; x_wconf 91' lang='lat' dir='ltr'>nosque,</span> <span class='ocrx_word' id='word_1_124' title='bbox 570 994 687 1046; x_wconf 92' lang='lat' dir='ltr'>quod</span> <span class='ocrx_word' id='word_1_125' title='bbox 705 995 812 1034; x_wconf 87' lang='lat' dir='ltr'>soles</span> <span class='ocrx_word' id='word_1_126' title='bbox 832 998 876 1033; x_wconf 87' lang='lat' dir='ltr'>et</span> <span class='ocrx_word' id='word_1_127' title='bbox 895 994 1012 1041; x_wconf 79' lang='lat' dir='ltr'>facis,</span> <span class='ocrx_word' id='word_1_128' title='bbox 1035 1007 1145 1033; x_wconf 86' lang='lat' dir='ltr'>ama.</span> 
     </span>
    </p>

    <p class='ocr_par' dir='ltr' id='par_1_4' title="bbox 167 1048 1000 1100">
     <span class='ocr_line' id='line_1_16' title="bbox 167 1048 1000 1100; baseline 0 -12"><span class='ocrx_word' id='word_1_129' title='bbox 167 1049 358 1089; x_wconf 86' lang='lat' dir='ltr'>Basileae</span> <span class='ocrx_word' id='word_1_130' title='bbox 414 1060 452 1099; x_wconf 87' lang='lat'>3.</span> <span class='ocrx_word' id='word_1_131' title='bbox 474 1048 560 1089; x_wconf 81' lang='lat' dir='ltr'>Gal.</span> <span class='ocrx_word' id='word_1_132' title='bbox 582 1049 713 1100; x_wconf 90' lang='lat' dir='ltr'>April.</span> <span class='ocrx_word' id='word_1_133' title='bbox 736 1049 860 1088; x_wconf 79' lang='lat' dir='ltr'>Anno</span> <span class='ocrx_word' id='word_1_134' title='bbox 883 1058 1000 1098; x_wconf 84' lang='lat'>1522.</span> 
     </span>
    </p>

    <p class='ocr_par' dir='ltr' id='par_1_5' title="bbox 168 1101 1709 1209">
     <span class='ocr_line' id='line_1_17' title="bbox 812 1101 1709 1153; baseline -0.002 -11"><span class='ocrx_word' id='word_1_135' title='bbox 812 1103 1015 1142; x_wconf 90' lang='lat' dir='ltr'>Erasmus</span> <span class='ocrx_word' id='word_1_136' title='bbox 1034 1106 1136 1142; x_wconf 90' lang='lat' dir='ltr'>tuus</span> <span class='ocrx_word' id='word_1_137' title='bbox 1152 1115 1159 1141; x_wconf 93' lang='lat'>:</span> <span class='ocrx_word' id='word_1_138' title='bbox 1189 1102 1348 1153; x_wconf 88' lang='lat' dir='ltr'>raptim</span> <span class='ocrx_word' id='word_1_139' title='bbox 1368 1101 1550 1153; x_wconf 88' lang='lat' dir='ltr'>scriptae</span> <span class='ocrx_word' id='word_1_140' title='bbox 1571 1113 1709 1141; x_wconf 85' lang='lat' dir='ltr'>mane.</span> 
     </span>
     <span class='ocr_line' id='line_1_18' title="bbox 168 1157 1305 1209; baseline -0.002 -12"><span class='ocrx_word' id='word_1_141' title='bbox 168 1157 266 1197; x_wconf 91' lang='lat' dir='ltr'>Non</span> <span class='ocrx_word' id='word_1_142' title='bbox 288 1158 461 1197; x_wconf 85' lang='lat' dir='ltr'>vacauit</span> <span class='ocrx_word' id='word_1_143' title='bbox 481 1158 660 1209; x_wconf 88' lang='lat' dir='ltr'>relegere</span> <span class='ocrx_word' id='word_1_144' title='bbox 682 1157 905 1209; x_wconf 87' lang='lat' dir='ltr'>epistolam</span> <span class='ocrx_word' id='word_1_145' title='bbox 926 1171 934 1196; x_wconf 78' lang='lat' dir='ltr'>z</span> <span class='ocrx_word' id='word_1_146' title='bbox 972 1169 1103 1208; x_wconf 86' lang='lat' dir='ltr'>quare</span> <span class='ocrx_word' id='word_1_147' title='bbox 1124 1157 1305 1208; x_wconf 84' lang='lat' dir='ltr'>ignosce.</span> 
     </span>
    </p>
   </div>
   <div class='ocr_carea' id='block_1_3' title="bbox 170 1220 1777 1273">
    <p class='ocr_par' dir='ltr' id='par_1_6' title="bbox 170 1220 1777 1273">
     <span class='ocr_line' id='line_1_19' title="bbox 170 1220 1777 1273; baseline 0 -11"><span class='ocrx_word' id='word_1_148' title='bbox 170 1222 407 1263; x_wconf 84' lang='lat' dir='ltr'>Clarissimo</span> <span class='ocrx_word' id='word_1_149' title='bbox 430 1223 520 1262; x_wconf 87' lang='lat' dir='ltr'>viro</span> <span class='ocrx_word' id='word_1_150' title='bbox 540 1222 752 1262; x_wconf 91' lang='lat' dir='ltr'>Bilibaldo</span> <span class='ocrx_word' id='word_1_151' title='bbox 776 1222 1102 1269; x_wconf 86' lang='lat' dir='ltr'>Pirckheimero,</span> <span class='ocrx_word' id='word_1_152' title='bbox 1128 1221 1314 1261; x_wconf 85' lang='lat' dir='ltr'>senatori</span> <span class='ocrx_word' id='word_1_153' title='bbox 1337 1220 1680 1272; x_wconf 88' lang='lat' dir='ltr'>Norinbergensi.</span> <span class='ocrx_word' id='word_1_154' title='bbox 1731 1239 1777 1273; x_wconf 91' lang='lat'>90</span> 
     </span>
    </p>
   </div>
   <div class='ocr_carea' id='block_1_4' title="bbox 493 1375 1342 1419">
    <p class='ocr_par' dir='ltr' id='par_1_7' title="bbox 493 1375 1342 1419">
     <span class='ocr_line' id='line_1_20' title="bbox 493 1375 1342 1419; baseline -0.001 -2"><span class='ocrx_word' id='word_1_155' title='bbox 493 1379 616 1419; x_wconf 84' lang='lat'>1269.</span> <span class='ocrx_word' id='word_1_156' title='bbox 679 1376 820 1419; x_wconf 80' lang='lat' dir='ltr'><strong>FROM</strong></span> <span class='ocrx_word' id='word_1_157' title='bbox 853 1375 1054 1418; x_wconf 71' lang='lat' dir='ltr'>GEORGE</span> <span class='ocrx_word' id='word_1_158' title='bbox 1087 1375 1342 1417; x_wconf 78' lang='lat' dir='ltr'>HALEWIN.</span> 
     </span>
    </p>
   </div>
   <div class='ocr_carea' id='block_1_5' title="bbox 165 1446 1668 1550">
    <p class='ocr_par' dir='ltr' id='par_1_8' title="bbox 165 1446 1668 1550">
     <span class='ocr_line' id='line_1_21' title="bbox 165 1446 1599 1494; baseline -0.001 -10"><span class='ocrx_word' id='word_1_159' title='bbox 165 1449 313 1494; x_wconf 84' lang='lat' dir='ltr'>Leipzig</span> <span class='ocrx_word' id='word_1_160' title='bbox 329 1448 405 1484; x_wconf 82' lang='lat' dir='ltr'>MS.</span> <span class='ocrx_word' id='word_1_161' title='bbox 1422 1446 1599 1482; x_wconf 85' lang='lat' dir='ltr'>Brussels.</span> 
     </span>
     <span class='ocr_line' id='line_1_22' title="bbox 167 1504 1668 1550; baseline -0.002 -8"><span class='ocrx_word' id='word_1_162' title='bbox 167 1507 244 1543; x_wconf 88' lang='lat' dir='ltr'>EE.</span> <span class='ocrx_word' id='word_1_163' title='bbox 261 1508 296 1543; x_wconf 84' lang='lat'>6.</span> <span class='ocrx_word' id='word_1_164' title='bbox 1355 1515 1394 1550; x_wconf 88' lang='lat'>31</span> <span class='ocrx_word' id='word_1_165' title='bbox 1418 1504 1546 1539; x_wconf 86' lang='lat' dir='ltr'>March</span> <span class='ocrx_word' id='word_1_166' title='bbox 1567 1505 1668 1550; x_wconf 58' lang='lat'>152}-</span> 
     </span>
    </p>
   </div>
   <div class='ocr_carea' id='block_1_6' title="bbox 116 1568 1717 1701">
    <p class='ocr_par' dir='ltr' id='par_1_9' title="bbox 116 1568 1717 1701">
     <span class='ocr_line' id='line_1_23' title="bbox 160 1568 1716 1614; baseline -0.003 -9"><span class='ocrx_word' id='word_1_167' title='bbox 160 1573 230 1614; x_wconf 87' lang='lat' dir='ltr'>[An</span> <span class='ocrx_word' id='word_1_168' title='bbox 245 1572 389 1614; x_wconf 87' lang='lat' dir='ltr'>original</span> <span class='ocrx_word' id='word_1_169' title='bbox 401 1572 505 1604; x_wconf 85' lang='lat' dir='ltr'>letter</span> <span class='ocrx_word' id='word_1_170' title='bbox 518 1572 554 1604; x_wconf 89' lang='lat' dir='ltr'>in</span> <span class='ocrx_word' id='word_1_171' title='bbox 568 1571 628 1604; x_wconf 87' lang='lat' dir='ltr'>the</span> <span class='ocrx_word' id='word_1_172' title='bbox 643 1571 814 1604; x_wconf 85' lang='lat' dir='ltr'>Burscher</span> <span class='ocrx_word' id='word_1_173' title='bbox 827 1571 1010 1604; x_wconf 84' lang='lat' dir='ltr'>collection</span> <span class='ocrx_word' id='word_1_174' title='bbox 1025 1572 1065 1602; x_wconf 86' lang='lat' dir='ltr'>at</span> <span class='ocrx_word' id='word_1_175' title='bbox 1078 1570 1218 1612; x_wconf 85' lang='lat' dir='ltr'>Leipzig</span> <span class='ocrx_word' id='word_1_176' title='bbox 1233 1581 1241 1602; x_wconf 73' lang='grc' dir='ltr'><strong>ε</strong></span> <span class='ocrx_word' id='word_1_177' title='bbox 1270 1568 1466 1611; x_wconf 83' lang='lat' dir='ltr'>autograph</span> <span class='ocrx_word' id='word_1_178' title='bbox 1486 1568 1716 1609; x_wconf 84' lang='lat' dir='ltr'>throughout.</span> 
     </span>
     <span class='ocr_line' id='line_1_24' title="bbox 116 1612 1717 1656; baseline -0.002 -8"><span class='ocrx_word' id='word_1_179' title='bbox 116 1616 189 1649; x_wconf 84' lang='lat' dir='ltr'>The</span> <span class='ocrx_word' id='word_1_180' title='bbox 201 1618 362 1648; x_wconf 74' lang='lat' dir='ltr'>contente</span> <span class='ocrx_word' id='word_1_181' title='bbox 372 1615 472 1648; x_wconf 86' lang='lat' dir='ltr'>leave</span> <span class='ocrx_word' id='word_1_182' title='bbox 483 1626 529 1648; x_wconf 93' lang='lat' dir='ltr'>no</span> <span class='ocrx_word' id='word_1_183' title='bbox 541 1615 654 1648; x_wconf 88' lang='lat' dir='ltr'>doubt</span> <span class='ocrx_word' id='word_1_184' title='bbox 666 1626 705 1648; x_wconf 89' lang='lat' dir='ltr'>as</span> <span class='ocrx_word' id='word_1_185' title='bbox 716 1617 754 1648; x_wconf 84' lang='lat' dir='ltr'>to</span> <span class='ocrx_word' id='word_1_186' title='bbox 766 1615 826 1647; x_wconf 90' lang='lat' dir='ltr'>the</span> <span class='ocrx_word' id='word_1_187' title='bbox 838 1614 1106 1656; x_wconf 82' lang='lat' dir='ltr'>interpretation</span> <span class='ocrx_word' id='word_1_188' title='bbox 1119 1614 1156 1646; x_wconf 78' lang='lat' dir='ltr'>oi</span> <span class='ocrx_word' id='word_1_189' title='bbox 1166 1613 1228 1646; x_wconf 81' lang='lat' dir='ltr'>the</span> <span class='ocrx_word' id='word_1_190' title='bbox 1240 1613 1432 1656; x_wconf 81' lang='lat' dir='ltr'>year-date.</span> <span class='ocrx_word' id='word_1_191' title='bbox 1464 1613 1533 1646; x_wconf 89' lang='lat' dir='ltr'>For</span> <span class='ocrx_word' id='word_1_192' title='bbox 1546 1612 1717 1650; x_wconf 85' lang='lat' dir='ltr'>Halewin,</span> 
     </span>
     <span class='ocr_line' id='line_1_25' title="bbox 118 1657 1161 1701; baseline -0.003 -8"><span class='ocrx_word' id='word_1_193' title='bbox 118 1660 194 1693; x_wconf 92' lang='lat' dir='ltr'>who</span> <span class='ocrx_word' id='word_1_194' title='bbox 210 1669 280 1692; x_wconf 82' lang='lat' dir='ltr'>was</span> <span class='ocrx_word' id='word_1_195' title='bbox 296 1659 476 1701; x_wconf 82' lang='lat' dir='ltr'>evidently</span> <span class='ocrx_word' id='word_1_196' title='bbox 490 1670 568 1692; x_wconf 90' lang='lat' dir='ltr'>now</span> <span class='ocrx_word' id='word_1_197' title='bbox 584 1662 623 1691; x_wconf 85' lang='lat' dir='ltr'>at</span> <span class='ocrx_word' id='word_1_198' title='bbox 640 1659 759 1699; x_wconf 89' lang='lat' dir='ltr'>Court,</span> <span class='ocrx_word' id='word_1_199' title='bbox 775 1669 832 1691; x_wconf 89' lang='lat' dir='ltr'>see</span> <span class='ocrx_word' id='word_1_200' title='bbox 847 1658 913 1700; x_wconf 89' lang='lat' dir='ltr'>Ep.</span> <span class='ocrx_word' id='word_1_201' title='bbox 931 1661 993 1699; x_wconf 88' lang='lat'>641</span> <span class='ocrx_word' id='word_1_202' title='bbox 1014 1657 1161 1698; x_wconf 87' lang='lat' dir='ltr'>introd.]</span> 
     </span>
    </p>
   </div>
   <div class='ocr_carea' id='block_1_7' title="bbox 413 1734 1419 1768">
    <p class='ocr_par' dir='ltr' id='par_1_10' title="bbox 413 1734 1419 1768">
     <span class='ocr_line' id='line_1_26' title="bbox 413 1734 1419 1768; baseline -0.003 0"><span class='ocrx_word' id='word_1_203' title='bbox 413 1738 456 1768; x_wconf 83' lang='lat' dir='ltr'>G.</span> <span class='ocrx_word' id='word_1_204' title='bbox 491 1738 695 1768; x_wconf 86' lang='lat' dir='ltr'>HALOINI</span> <span class='ocrx_word' id='word_1_205' title='bbox 728 1736 946 1768; x_wconf 82' lang='lat' dir='ltr'><strong>DOMINVS</strong></span> <span class='ocrx_word' id='word_1_206' title='bbox 980 1735 1172 1766; x_wconf 81' lang='lat' dir='ltr'>ERASMO</span> <span class='ocrx_word' id='word_1_207' title='bbox 1204 1735 1347 1766; x_wconf 81' lang='lat' dir='ltr'>RHOT.</span> <span class='ocrx_word' id='word_1_208' title='bbox 1382 1734 1419 1765; x_wconf 87' lang='lat' dir='ltr'>S.</span> 
     </span>
    </p>
   </div>
   <div class='ocr_carea' id='block_1_8' title="bbox 115 1793 1783 2489">
    <p class='ocr_par' dir='ltr' id='par_1_11' title="bbox 115 1793 1783 2489">
     <span class='ocr_line' id='line_1_27' title="bbox 170 1793 1718 1844; baseline -0.003 -7"><span class='ocrx_word' id='word_1_209' title='bbox 170 1798 343 1837; x_wconf 79' lang='lat' dir='ltr'>RECEPI</span> <span class='ocrx_word' id='word_1_210' title='bbox 370 1797 536 1837; x_wconf 88' lang='lat' dir='ltr'>litteras</span> <span class='ocrx_word' id='word_1_211' title='bbox 565 1801 676 1844; x_wconf 89' lang='lat' dir='ltr'>tuas,</span> <span class='ocrx_word' id='word_1_212' title='bbox 709 1797 885 1836; x_wconf 88' lang='lat' dir='ltr'>Erasme</span> <span class='ocrx_word' id='word_1_213' title='bbox 915 1796 974 1835; x_wconf 89' lang='lat' dir='ltr'>mi</span> <span class='ocrx_word' id='word_1_214' title='bbox 1003 1795 1265 1842; x_wconf 88' lang='lat' dir='ltr'>suauissime,</span> <span class='ocrx_word' id='word_1_215' title='bbox 1296 1794 1489 1834; x_wconf 84' lang='lat' dir='ltr'>similiter</span> <span class='ocrx_word' id='word_1_216' title='bbox 1517 1797 1562 1833; x_wconf 89' lang='lat' dir='ltr'>et</span> <span class='ocrx_word' id='word_1_217' title='bbox 1591 1793 1718 1833; x_wconf 86' lang='lat' dir='ltr'>Para-</span> 
     </span>
     <span class='ocr_line' id='line_1_28' title="bbox 116 1848 1720 1904; baseline -0.002 -13"><span class='ocrx_word' id='word_1_218' title='bbox 116 1853 289 1904; x_wconf 89' lang='lat' dir='ltr'>phrases</span> <span class='ocrx_word' id='word_1_219' title='bbox 305 1855 404 1891; x_wconf 85' lang='lat' dir='ltr'>tuas</span> <span class='ocrx_word' id='word_1_220' title='bbox 420 1852 464 1890; x_wconf 92' lang='lat' dir='ltr'>in</span> <span class='ocrx_word' id='word_1_221' title='bbox 481 1851 603 1890; x_wconf 91' lang='lat' dir='ltr'>Pauli</span> <span class='ocrx_word' id='word_1_222' title='bbox 620 1851 835 1903; x_wconf 90' lang='lat' dir='ltr'>Epistolas</span> <span class='ocrx_word' id='word_1_223' title='bbox 852 1854 896 1890; x_wconf 88' lang='lat' dir='ltr'>et</span> <span class='ocrx_word' id='word_1_224' title='bbox 912 1851 956 1889; x_wconf 88' lang='lat' dir='ltr'>in</span> <span class='ocrx_word' id='word_1_225' title='bbox 972 1850 1207 1896; x_wconf 87' lang='lat' dir='ltr'>Matheum,</span> <span class='ocrx_word' id='word_1_226' title='bbox 1226 1862 1381 1900; x_wconf 85' lang='lat' dir='ltr'>easque</span> <span class='ocrx_word' id='word_1_227' title='bbox 1398 1861 1495 1888; x_wconf 90' lang='lat' dir='ltr'>cum</span> <span class='ocrx_word' id='word_1_228' title='bbox 1513 1848 1720 1899; x_wconf 85' lang='lat' dir='ltr'>Glapione</span> 
     </span>
     <span class='ocr_line' id='line_1_29' title="bbox 115 1903 1720 1957; baseline -0.003 -11"><span class='ocrx_word' id='word_1_229' title='bbox 115 1910 261 1946; x_wconf 84' lang='lat' dir='ltr'>nostro</span> <span class='ocrx_word' id='word_1_230' title='bbox 280 1906 558 1957; x_wconf 88' lang='lat' dir='ltr'>Imperatorie</span> <span class='ocrx_word' id='word_1_231' title='bbox 576 1906 791 1945; x_wconf 87' lang='lat' dir='ltr'>maiestati</span> <span class='ocrx_word' id='word_1_232' title='bbox 809 1904 1072 1944; x_wconf 88' lang='lat' dir='ltr'>ostendimus</span> <span class='ocrx_word' id='word_1_233' title='bbox 1092 1917 1100 1951; x_wconf 91' lang='lat'>;</span> <span class='ocrx_word' id='word_1_234' title='bbox 1135 1903 1407 1954; x_wconf 80' lang='lat' dir='ltr'>ostenditque</span> <span class='ocrx_word' id='word_1_235' title='bbox 1425 1916 1501 1941; x_wconf 89' lang='lat' dir='ltr'>sua</span> <span class='ocrx_word' id='word_1_236' title='bbox 1519 1904 1720 1942; x_wconf 89' lang='lat' dir='ltr'>maiestas</span> 
     </span>
     <span class='ocr_line' id='line_1_30' title="bbox 118 1956 1721 2012; baseline -0.003 -12"><span class='ocrx_word' id='word_1_237' title='bbox 118 1960 416 2001; x_wconf 89' lang='lat' dir='ltr'>munusculum</span> <span class='ocrx_word' id='word_1_238' title='bbox 439 1960 484 1999; x_wconf 93' lang='lat' dir='ltr'>id</span> <span class='ocrx_word' id='word_1_239' title='bbox 507 1965 677 2012; x_wconf 88' lang='lat' dir='ltr'>gratum</span> <span class='ocrx_word' id='word_1_240' title='bbox 701 1960 781 1999; x_wconf 87' lang='lat' dir='ltr'>sibi</span> <span class='ocrx_word' id='word_1_241' title='bbox 804 1959 945 2006; x_wconf 80' lang='lat' dir='ltr'>fuisse,</span> <span class='ocrx_word' id='word_1_242' title='bbox 971 1963 1021 1998; x_wconf 85' lang='lat' dir='ltr'>vt</span> <span class='ocrx_word' id='word_1_243' title='bbox 1044 1971 1118 2009; x_wconf 91' lang='lat' dir='ltr'>per</span> <span class='ocrx_word' id='word_1_244' title='bbox 1140 1958 1306 1997; x_wconf 89' lang='lat' dir='ltr'>litteras</span> <span class='ocrx_word' id='word_1_245' title='bbox 1329 1970 1440 2004; x_wconf 90' lang='lat' dir='ltr'>suas,</span> <span class='ocrx_word' id='word_1_246' title='bbox 1466 1970 1572 2008; x_wconf 73' lang='lat' dir='ltr'>quas</span> <span class='ocrx_word' id='word_1_247' title='bbox 1598 1956 1653 1995; x_wconf 92' lang='lat' dir='ltr'>ad</span> <span class='ocrx_word' id='word_1_248' title='bbox 1676 1960 1721 1996; x_wconf 86' lang='lat' dir='ltr'>te</span> 
     </span>
     <span class='ocr_line' id='line_1_31' title="bbox 119 2012 1757 2066; baseline -0.003 -12"><span class='ocrx_word' id='word_1_249' title='bbox 119 2015 277 2062; x_wconf 91' lang='lat' dir='ltr'>scribit,</span> <span class='ocrx_word' id='word_1_250' title='bbox 305 2015 518 2066; x_wconf 88' lang='lat' dir='ltr'>percipere</span> <span class='ocrx_word' id='word_1_251' title='bbox 545 2018 680 2066; x_wconf 89' lang='lat' dir='ltr'>potes.</span> <span class='ocrx_word' id='word_1_252' title='bbox 738 2014 820 2053; x_wconf 91' lang='lat' dir='ltr'>Hic</span> <span class='ocrx_word' id='word_1_253' title='bbox 847 2017 992 2053; x_wconf 88' lang='lat' dir='ltr'>autem</span> <span class='ocrx_word' id='word_1_254' title='bbox 1020 2012 1202 2064; x_wconf 86' lang='lat' dir='ltr'>Glapion</span> <span class='ocrx_word' id='word_1_255' title='bbox 1228 2016 1372 2051; x_wconf 91' lang='lat' dir='ltr'>noster</span> <span class='ocrx_word' id='word_1_256' title='bbox 1399 2024 1571 2051; x_wconf 87' lang='lat' dir='ltr'>causam</span> <span class='ocrx_word' id='word_1_257' title='bbox 1598 2015 1719 2050; x_wconf 84' lang='lat' dir='ltr'>tuam</span> <span class='ocrx_word' id='word_1_258' title='bbox 1742 2026 1757 2059; x_wconf 81' lang='lat'><strong>5</strong></span> 
     </span>
     <span class='ocr_line' id='line_1_32' title="bbox 119 2066 1720 2120; baseline -0.003 -11"><span class='ocrx_word' id='word_1_259' title='bbox 119 2069 343 2110; x_wconf 83' lang='lat' dir='ltr'>defendere</span> <span class='ocrx_word' id='word_1_260' title='bbox 359 2082 407 2108; x_wconf 87' lang='lat' dir='ltr'>ac</span> <span class='ocrx_word' id='word_1_261' title='bbox 424 2069 504 2108; x_wconf 93' lang='lat' dir='ltr'>tibi</span> <span class='ocrx_word' id='word_1_262' title='bbox 519 2069 777 2120; x_wconf 88' lang='lat' dir='ltr'>patrocinari</span> <span class='ocrx_word' id='word_1_263' title='bbox 792 2069 972 2119; x_wconf 89' lang='lat' dir='ltr'>ingenue</span> <span class='ocrx_word' id='word_1_264' title='bbox 988 2067 1300 2107; x_wconf 89' lang='lat' dir='ltr'>demonstrauit</span> <span class='ocrx_word' id='word_1_265' title='bbox 1320 2079 1328 2112; x_wconf 92' lang='lat'><em>;</em></span> <span class='ocrx_word' id='word_1_266' title='bbox 1358 2066 1559 2117; x_wconf 89' lang='lat' dir='ltr'>cupiebat</span> <span class='ocrx_word' id='word_1_267' title='bbox 1575 2069 1720 2104; x_wconf 83' lang='lat' dir='ltr'>autem</span> 
     </span>
     <span class='ocr_line' id='line_1_33' title="bbox 120 2120 1722 2172; baseline -0.003 -9"><span class='ocrx_word' id='word_1_268' title='bbox 120 2128 164 2163; x_wconf 90' lang='lat' dir='ltr'>te</span> <span class='ocrx_word' id='word_1_269' title='bbox 191 2124 258 2163; x_wconf 91' lang='lat' dir='ltr'>hic</span> <span class='ocrx_word' id='word_1_270' title='bbox 288 2123 446 2170; x_wconf 88' lang='lat' dir='ltr'>adesse,</span> <span class='ocrx_word' id='word_1_271' title='bbox 476 2127 526 2162; x_wconf 89' lang='lat' dir='ltr'>vt</span> <span class='ocrx_word' id='word_1_272' title='bbox 554 2124 738 2163; x_wconf 89' lang='lat' dir='ltr'>securius</span> <span class='ocrx_word' id='word_1_273' title='bbox 766 2136 854 2162; x_wconf 91' lang='lat' dir='ltr'>rem</span> <span class='ocrx_word' id='word_1_274' title='bbox 883 2126 1004 2161; x_wconf 91' lang='lat' dir='ltr'>tuam</span> <span class='ocrx_word' id='word_1_275' title='bbox 1033 2121 1255 2160; x_wconf 85' lang='lat' dir='ltr'>stabiliret.</span> <span class='ocrx_word' id='word_1_276' title='bbox 1314 2120 1523 2172; x_wconf 85' lang='lat' dir='ltr'>Cupiebat</span> <span class='ocrx_word' id='word_1_277' title='bbox 1550 2121 1722 2171; x_wconf 92' lang='lat' dir='ltr'>insuper</span> 
     </span>
     <span class='ocr_line' id='line_1_34' title="bbox 121 2174 1723 2229; baseline -0.003 -12"><span class='ocrx_word' id='word_1_278' title='bbox 121 2182 172 2217; x_wconf 86' lang='lat' dir='ltr'>vt</span> <span class='ocrx_word' id='word_1_279' title='bbox 204 2178 249 2217; x_wconf 91' lang='lat' dir='ltr'>in</span> <span class='ocrx_word' id='word_1_280' title='bbox 284 2177 519 2216; x_wconf 89' lang='lat' dir='ltr'>Lutherum</span> <span class='ocrx_word' id='word_1_281' title='bbox 554 2178 677 2229; x_wconf 89' lang='lat' dir='ltr'>quasi</span> <span class='ocrx_word' id='word_1_282' title='bbox 711 2177 884 2229; x_wconf 90' lang='lat' dir='ltr'>pietatis</span> <span class='ocrx_word' id='word_1_283' title='bbox 920 2176 1155 2216; x_wconf 86' lang='lat' dir='ltr'>Christiane</span> <span class='ocrx_word' id='word_1_284' title='bbox 1192 2175 1482 2215; x_wconf 88' lang='lat' dir='ltr'>aduersarium</span> <span class='ocrx_word' id='word_1_285' title='bbox 1518 2174 1723 2226; x_wconf 89' lang='lat' dir='ltr'>opuscula</span> 
     </span>
     <span class='ocr_line' id='line_1_35' title="bbox 121 2229 1722 2284; baseline -0.002 -13"><span class='ocrx_word' id='word_1_286' title='bbox 121 2232 305 2284; x_wconf 86' lang='lat' dir='ltr'>quedam</span> <span class='ocrx_word' id='word_1_287' title='bbox 328 2244 598 2283; x_wconf 90' lang='lat' dir='ltr'>componeres</span> <span class='ocrx_word' id='word_1_288' title='bbox 619 2245 627 2271; x_wconf 76' lang='grc' dir='ltr'>ε</span> <span class='ocrx_word' id='word_1_289' title='bbox 666 2231 777 2271; x_wconf 79' lang='lat' dir='ltr'>dixit</span> <span class='ocrx_word' id='word_1_290' title='bbox 797 2232 910 2271; x_wconf 91' lang='lat' dir='ltr'>enim</span> <span class='ocrx_word' id='word_1_291' title='bbox 931 2231 996 2270; x_wconf 87' lang='lat' dir='ltr'>his</span> <span class='ocrx_word' id='word_1_292' title='bbox 1018 2230 1230 2282; x_wconf 89' lang='lat' dir='ltr'>opusculis</span> <span class='ocrx_word' id='word_1_293' title='bbox 1252 2242 1421 2269; x_wconf 90' lang='lat' dir='ltr'>omnem</span> <span class='ocrx_word' id='word_1_294' title='bbox 1443 2229 1722 2280; x_wconf 89' lang='lat' dir='ltr'>suspitionem</span> 
     </span>
     <span class='ocr_line' id='line_1_36' title="bbox 123 2283 1783 2336; baseline -0.004 -10"><span class='ocrx_word' id='word_1_295' title='bbox 123 2300 171 2327; x_wconf 89' lang='lat' dir='ltr'>ac</span> <span class='ocrx_word' id='word_1_296' title='bbox 204 2286 508 2326; x_wconf 90' lang='lat' dir='ltr'>malcuolorum</span> <span class='ocrx_word' id='word_1_297' title='bbox 541 2286 849 2326; x_wconf 85' lang='lat' dir='ltr'>detractionem</span> <span class='ocrx_word' id='word_1_298' title='bbox 882 2285 1073 2336; x_wconf 82' lang='lat' dir='ltr'>extingui</span> <span class='ocrx_word' id='word_1_299' title='bbox 1105 2298 1240 2336; x_wconf 88' lang='lat' dir='ltr'>posse.</span> <span class='ocrx_word' id='word_1_300' title='bbox 1299 2284 1474 2324; x_wconf 91' lang='lat' dir='ltr'>Vtinam</span> <span class='ocrx_word' id='word_1_301' title='bbox 1506 2283 1590 2322; x_wconf 91' lang='lat' dir='ltr'>huc</span> <span class='ocrx_word' id='word_1_302' title='bbox 1623 2287 1723 2322; x_wconf 83' lang='lat' dir='ltr'>ante</span> <span class='ocrx_word' id='word_1_303' title='bbox 1745 2296 1783 2321; x_wconf 89' lang='lat'>10</span> 
     </span>
     <span class='ocr_line' id='line_1_37' title="bbox 122 2338 1723 2392; baseline -0.002 -12"><span class='ocrx_word' id='word_1_304' title='bbox 122 2341 397 2392; x_wconf 87' lang='lat' dir='ltr'>Imperatoris</span> <span class='ocrx_word' id='word_1_305' title='bbox 439 2340 668 2380; x_wconf 89' lang='lat' dir='ltr'>discessum</span> <span class='ocrx_word' id='word_1_306' title='bbox 711 2340 911 2380; x_wconf 89' lang='lat' dir='ltr'>aduolare</span> <span class='ocrx_word' id='word_1_307' title='bbox 952 2352 1108 2391; x_wconf 90' lang='lat' dir='ltr'>posses,</span> <span class='ocrx_word' id='word_1_308' title='bbox 1152 2343 1203 2378; x_wconf 84' lang='lat' dir='ltr'>vt</span> <span class='ocrx_word' id='word_1_309' title='bbox 1243 2338 1368 2377; x_wconf 90' lang='lat' dir='ltr'>rebus</span> <span class='ocrx_word' id='word_1_310' title='bbox 1410 2338 1495 2377; x_wconf 86' lang='lat' dir='ltr'>tuis</span> <span class='ocrx_word' id='word_1_311' title='bbox 1536 2338 1723 2377; x_wconf 87' lang='lat' dir='ltr'>securius</span> 
     </span>
     <span class='ocr_line' id='line_1_38' title="bbox 122 2392 1723 2447; baseline -0.003 -12"><span class='ocrx_word' id='word_1_312' title='bbox 122 2395 386 2435; x_wconf 88' lang='lat' dir='ltr'>consuleres!</span> <span class='ocrx_word' id='word_1_313' title='bbox 446 2395 795 2447; x_wconf 78' lang='lat' dir='ltr'>omnipotentem</span> <span class='ocrx_word' id='word_1_314' title='bbox 824 2407 971 2446; x_wconf 90' lang='lat' dir='ltr'>precor</span> <span class='ocrx_word' id='word_1_315' title='bbox 998 2398 1049 2433; x_wconf 85' lang='lat' dir='ltr'>vt</span> <span class='ocrx_word' id='word_1_316' title='bbox 1076 2394 1306 2433; x_wconf 87' lang='lat' dir='ltr'>sanitatem</span> <span class='ocrx_word' id='word_1_317' title='bbox 1335 2392 1416 2432; x_wconf 89' lang='lat' dir='ltr'>tibi</span> <span class='ocrx_word' id='word_1_318' title='bbox 1444 2392 1646 2432; x_wconf 86' lang='lat' dir='ltr'>restituat</span> <span class='ocrx_word' id='word_1_319' title='bbox 1675 2403 1723 2430; x_wconf 87' lang='lat' dir='ltr'>ac</span> 
     </span>
     <span class='ocr_line' id='line_1_39' title="bbox 122 2448 702 2489; baseline 0.002 -1"><span class='ocrx_word' id='word_1_320' title='bbox 122 2450 304 2489; x_wconf 89' lang='lat' dir='ltr'>salutem</span> <span class='ocrx_word' id='word_1_321' title='bbox 326 2448 529 2488; x_wconf 83' lang='lat' dir='ltr'>conferat.</span> <span class='ocrx_word' id='word_1_322' title='bbox 588 2449 702 2489; x_wconf 87' lang='lat' dir='ltr'>Vale.</span> 
     </span>
    </p>
   </div>
   <div class='ocr_carea' id='block_1_9' title="bbox 125 2516 1726 3109">
    <p class='ocr_par' dir='ltr' id='par_1_12' title="bbox 125 2516 1719 2736">
     <span class='ocr_line' id='line_1_40' title="bbox 171 2516 1719 2560; baseline -0.003 -9"><span class='ocrx_word' id='word_1_323' title='bbox 171 2519 269 2551; x_wconf 78' lang='lat'>1268.</span> <span class='ocrx_word' id='word_1_324' title='bbox 297 2527 351 2560; x_wconf 90' lang='lat'>73.</span> <span class='ocrx_word' id='word_1_325' title='bbox 378 2520 420 2553; x_wconf 78' lang='lat' dir='ltr'>B:</span> <span class='ocrx_word' id='word_1_326' title='bbox 445 2519 615 2552; x_wconf 85' lang='lat' dir='ltr'>meriades</span> <span class='ocrx_word' id='word_1_327' title='bbox 632 2533 661 2552; x_wconf 80' lang='lat' dir='ltr'>a.</span> <span class='ocrx_word' id='word_1_328' title='bbox 755 2520 818 2552; x_wconf 82' lang='lat'>0²:</span> <span class='ocrx_word' id='word_1_329' title='bbox 848 2519 1004 2552; x_wconf 82' lang='lat' dir='ltr'>hereseos</span> <span class='ocrx_word' id='word_1_330' title='bbox 1020 2530 1038 2548; x_wconf 89' lang='grc' dir='ltr'>α</span> <span class='ocrx_word' id='word_1_331' title='bbox 1055 2530 1063 2550; x_wconf 89' lang='lat'>:</span> <span class='ocrx_word' id='word_1_332' title='bbox 1088 2518 1289 2550; x_wconf 84' lang='lat' dir='ltr'>haereseum</span> <span class='ocrx_word' id='word_1_333' title='bbox 1304 2529 1337 2556; x_wconf 77' lang='grc' dir='ltr'>γ.</span> <span class='ocrx_word' id='word_1_334' title='bbox 1408 2518 1477 2549; x_wconf 86' lang='lat' dir='ltr'>iam</span> <span class='ocrx_word' id='word_1_335' title='bbox 1496 2530 1514 2546; x_wconf 81' lang='lat' dir='ltr'>a</span> <span class='ocrx_word' id='word_1_336' title='bbox 1527 2516 1606 2548; x_wconf 86' lang='lat' dir='ltr'>LB:</span> <span class='ocrx_word' id='word_1_337' title='bbox 1630 2525 1672 2547; x_wconf 74' lang='lat' dir='ltr'>ea</span> <span class='ocrx_word' id='word_1_338' title='bbox 1688 2528 1719 2555; x_wconf 77' lang='grc' dir='ltr'>γ.</span> 
     </span>
     <span class='ocr_line' id='line_1_41' title="bbox 126 2560 1719 2604; baseline -0.002 -10"><span class='ocrx_word' id='word_1_339' title='bbox 126 2562 180 2604; x_wconf 87' lang='lat'>76.</span> <span class='ocrx_word' id='word_1_340' title='bbox 207 2562 292 2595; x_wconf 90' lang='lat' dir='ltr'>mihi</span> <span class='ocrx_word' id='word_1_341' title='bbox 308 2562 421 2594; x_wconf 84' lang='lat' dir='ltr'>aLB:</span> <span class='ocrx_word' id='word_1_342' title='bbox 452 2563 556 2595; x_wconf 87' lang='lat' dir='ltr'>multi</span> <span class='ocrx_word' id='word_1_343' title='bbox 570 2576 603 2604; x_wconf 73' lang='grc' dir='ltr'>γ.</span> <span class='ocrx_word' id='word_1_344' title='bbox 740 2563 793 2603; x_wconf 88' lang='lat'>83.</span> <span class='ocrx_word' id='word_1_345' title='bbox 821 2565 867 2597; x_wconf 75' lang='grc' dir='ltr'>βε</span> <span class='ocrx_word' id='word_1_346' title='bbox 897 2573 939 2603; x_wconf 88' lang='lat' dir='ltr'>sy</span> <span class='ocrx_word' id='word_1_347' title='bbox 956 2574 986 2594; x_wconf 85' lang='grc' dir='ltr'>α.</span> <span class='ocrx_word' id='word_1_348' title='bbox 1117 2562 1171 2601; x_wconf 85' lang='lat'>85.</span> <span class='ocrx_word' id='word_1_349' title='bbox 1197 2561 1341 2593; x_wconf 83' lang='lat' dir='ltr'>tametsi</span> <span class='ocrx_word' id='word_1_350' title='bbox 1365 2560 1479 2591; x_wconf 77' lang='lat' dir='ltr'>aLB:</span> <span class='ocrx_word' id='word_1_351' title='bbox 1517 2562 1592 2591; x_wconf 79' lang='lat' dir='ltr'>tam</span> <span class='ocrx_word' id='word_1_352' title='bbox 1609 2562 1663 2591; x_wconf 83' lang='lat' dir='ltr'>est</span> <span class='ocrx_word' id='word_1_353' title='bbox 1687 2571 1719 2599; x_wconf 83' lang='grc' dir='ltr'>γ.</span> 
     </span>
     <span class='ocr_line' id='line_1_42' title="bbox 126 2603 1719 2649; baseline -0.001 -12"><span class='ocrx_word' id='word_1_354' title='bbox 126 2607 178 2649; x_wconf 89' lang='lat'>87.</span> <span class='ocrx_word' id='word_1_355' title='bbox 205 2605 362 2638; x_wconf 82' lang='lat' dir='ltr'>Basileae</span> <span class='ocrx_word' id='word_1_356' title='bbox 386 2631 394 2638; x_wconf 90' lang='lat'>.</span> <span class='ocrx_word' id='word_1_357' title='bbox 421 2631 429 2638; x_wconf 95' lang='lat'>.</span> <span class='ocrx_word' id='word_1_358' title='bbox 456 2631 464 2638; x_wconf 93' lang='lat'>.</span> <span class='ocrx_word' id='word_1_359' title='bbox 495 2616 577 2648; x_wconf 85' lang='lat'>1522</span> <span class='ocrx_word' id='word_1_360' title='bbox 602 2607 677 2639; x_wconf 82' lang='lat' dir='ltr'>add.</span> <span class='ocrx_word' id='word_1_361' title='bbox 703 2619 736 2646; x_wconf 85' lang='grc' dir='ltr'>γ.</span> <span class='ocrx_word' id='word_1_362' title='bbox 919 2606 970 2638; x_wconf 90' lang='grc'>88.</span> <span class='ocrx_word' id='word_1_363' title='bbox 998 2605 1165 2637; x_wconf 82' lang='lat' dir='ltr'>Erasmus</span> <span class='ocrx_word' id='word_1_364' title='bbox 1187 2608 1269 2636; x_wconf 88' lang='lat' dir='ltr'>tuus</span> <span class='ocrx_word' id='word_1_365' title='bbox 1292 2615 1360 2643; x_wconf 76' lang='lat'>&lt;17²</span> <span class='ocrx_word' id='word_1_366' title='bbox 1397 2603 1565 2634; x_wconf 78' lang='lat' dir='ltr'>Erasmus</span> <span class='ocrx_word' id='word_1_367' title='bbox 1587 2604 1633 2636; x_wconf 81' lang='lat' dir='ltr'>B:</span> <span class='ocrx_word' id='word_1_368' title='bbox 1657 2612 1719 2635; x_wconf 82' lang='lat' dir='ltr'>om.</span> 
     </span>
     <span class='ocr_line' id='line_1_43' title="bbox 126 2646 1719 2691; baseline -0.003 -9"><span class='ocrx_word' id='word_1_369' title='bbox 126 2650 176 2683; x_wconf 80' lang='lat'>0².</span> <span class='ocrx_word' id='word_1_370' title='bbox 281 2650 410 2690; x_wconf 81' lang='lat' dir='ltr'>raptim</span> <span class='ocrx_word' id='word_1_371' title='bbox 426 2650 575 2691; x_wconf 79' lang='lat' dir='ltr'>scriptae</span> <span class='ocrx_word' id='word_1_372' title='bbox 592 2661 693 2682; x_wconf 83' lang='lat' dir='ltr'>mane</span> <span class='ocrx_word' id='word_1_373' title='bbox 709 2662 754 2690; x_wconf 67' lang='grc' dir='ltr'>’γε</span> <span class='ocrx_word' id='word_1_374' title='bbox 780 2661 842 2681; x_wconf 87' lang='lat' dir='ltr'>om.</span> <span class='ocrx_word' id='word_1_375' title='bbox 862 2662 880 2678; x_wconf 77' lang='grc' dir='ltr'>(ι</span> <span class='ocrx_word' id='word_1_376' title='bbox 894 2649 944 2682; x_wconf 78' lang='lat'>0².</span> <span class='ocrx_word' id='word_1_377' title='bbox 1153 2648 1205 2689; x_wconf 86' lang='lat'>89.</span> <span class='ocrx_word' id='word_1_378' title='bbox 1232 2648 1311 2680; x_wconf 90' lang='lat' dir='ltr'>Non</span> <span class='ocrx_word' id='word_1_379' title='bbox 1336 2672 1343 2679; x_wconf 96' lang='lat'>.</span> <span class='ocrx_word' id='word_1_380' title='bbox 1371 2671 1378 2679; x_wconf 91' lang='lat'>.</span> <span class='ocrx_word' id='word_1_381' title='bbox 1405 2671 1412 2679; x_wconf 98' lang='lat'>.</span> <span class='ocrx_word' id='word_1_382' title='bbox 1440 2647 1576 2688; x_wconf 81' lang='lat' dir='ltr'>ignosce</span> <span class='ocrx_word' id='word_1_383' title='bbox 1591 2646 1665 2678; x_wconf 85' lang='lat' dir='ltr'>add.</span> <span class='ocrx_word' id='word_1_384' title='bbox 1686 2657 1719 2685; x_wconf 79' lang='grc' dir='ltr'>γ.</span> 
     </span>
     <span class='ocr_line' id='line_1_44' title="bbox 125 2692 1017 2736; baseline -0.002 -10"><span class='ocrx_word' id='word_1_385' title='bbox 125 2705 178 2734; x_wconf 87' lang='lat'>90.</span> <span class='ocrx_word' id='word_1_386' title='bbox 204 2693 399 2726; x_wconf 81' lang='lat' dir='ltr'>Clarissimo</span> <span class='ocrx_word' id='word_1_387' title='bbox 415 2718 422 2725; x_wconf 93' lang='lat'>.</span> <span class='ocrx_word' id='word_1_388' title='bbox 441 2718 448 2726; x_wconf 95' lang='lat'>.</span> <span class='ocrx_word' id='word_1_389' title='bbox 468 2718 475 2726; x_wconf 89' lang='lat'>.</span> <span class='ocrx_word' id='word_1_390' title='bbox 493 2693 762 2736; x_wconf 83' lang='lat' dir='ltr'>Norinbergensi</span> <span class='ocrx_word' id='word_1_391' title='bbox 778 2706 799 2733; x_wconf 76' lang='grc' dir='ltr'>γ</span> <span class='ocrx_word' id='word_1_392' title='bbox 816 2705 823 2726; x_wconf 90' lang='lat'>:</span> <span class='ocrx_word' id='word_1_393' title='bbox 845 2704 908 2725; x_wconf 82' lang='lat' dir='ltr'>om.</span> <span class='ocrx_word' id='word_1_394' title='bbox 933 2705 951 2721; x_wconf 81' lang='grc' dir='ltr'>α</span> <span class='ocrx_word' id='word_1_395' title='bbox 967 2692 1017 2725; x_wconf 74' lang='lat'>0³.</span> 
     </span>
    </p>

    <p class='ocr_par' dir='ltr' id='par_1_13' title="bbox 174 2805 1431 2850">
     <span class='ocr_line' id='line_1_45' title="bbox 174 2805 1431 2850; baseline -0.002 -12"><span class='ocrx_word' id='word_1_396' title='bbox 174 2808 272 2839; x_wconf 70' lang='lat'>1208.</span> <span class='ocrx_word' id='word_1_397' title='bbox 301 2819 352 2850; x_wconf 82' lang='lat'>79.</span> <span class='ocrx_word' id='word_1_398' title='bbox 379 2806 541 2845; x_wconf 86' lang='lat' dir='ltr'>scribere]</span> <span class='ocrx_word' id='word_1_399' title='bbox 554 2807 614 2839; x_wconf 79' lang='lat' dir='ltr'>Soc</span> <span class='ocrx_word' id='word_1_400' title='bbox 625 2806 690 2848; x_wconf 82' lang='lat' dir='ltr'>Ep.</span> <span class='ocrx_word' id='word_1_401' title='bbox 708 2817 800 2849; x_wconf 82' lang='lat'>1-&#39;75-</span> <span class='ocrx_word' id='word_1_402' title='bbox 815 2817 891 2839; x_wconf 79' lang='lat'>2011.</span> <span class='ocrx_word' id='word_1_403' title='bbox 1051 2805 1236 2846; x_wconf 85' lang='lat' dir='ltr'>Glapione]</span> <span class='ocrx_word' id='word_1_404' title='bbox 1251 2805 1312 2837; x_wconf 86' lang='lat' dir='ltr'>See</span> <span class='ocrx_word' id='word_1_405' title='bbox 1329 2815 1361 2846; x_wconf 89' lang='lat' dir='ltr'>p.</span> <span class='ocrx_word' id='word_1_406' title='bbox 1379 2817 1431 2847; x_wconf 85' lang='lat'>47.</span> 
     </span>
    </p>

    <p class='ocr_par' dir='ltr' id='par_1_14' title="bbox 129 2848 1702 2937">
     <span class='ocr_line' id='line_1_46' title="bbox 173 2848 1408 2893; baseline -0.002 -12"><span class='ocrx_word' id='word_1_407' title='bbox 173 2851 190 2881; x_wconf 85' lang='lat'>8</span> <span class='ocrx_word' id='word_1_408' title='bbox 197 2860 226 2890; x_wconf 86' lang='lat'>3.</span> <span class='ocrx_word' id='word_1_409' title='bbox 252 2851 317 2893; x_wconf 87' lang='lat' dir='ltr'>Ep.</span> <span class='ocrx_word' id='word_1_410' title='bbox 337 2851 381 2883; x_wconf 82' lang='lat' dir='ltr'>ad</span> <span class='ocrx_word' id='word_1_411' title='bbox 398 2850 518 2890; x_wconf 71' lang='lat' dir='ltr'>Rom]</span> <span class='ocrx_word' id='word_1_412' title='bbox 534 2850 577 2883; x_wconf 87' lang='lat' dir='ltr'>In</span> <span class='ocrx_word' id='word_1_413' title='bbox 598 2850 774 2882; x_wconf 77' lang='lat' dir='ltr'>Erasmus’</span> <span class='ocrx_word' id='word_1_414' title='bbox 792 2850 896 2881; x_wconf 74' lang='lat' dir='ltr'>Para·</span> <span class='ocrx_word' id='word_1_415' title='bbox 1005 2858 1037 2887; x_wconf 83' lang='lat'>4.</span> <span class='ocrx_word' id='word_1_416' title='bbox 1063 2849 1215 2888; x_wconf 78' lang='lat' dir='ltr'>litteras]</span> <span class='ocrx_word' id='word_1_417' title='bbox 1230 2848 1294 2889; x_wconf 91' lang='lat' dir='ltr'>Ep.</span> <span class='ocrx_word' id='word_1_418' title='bbox 1316 2858 1408 2889; x_wconf 82' lang='lat'>1270.</span> 
     </span>
     <span class='ocr_line' id='line_1_47' title="bbox 129 2891 1702 2937; baseline -0.001 -12"><span class='ocrx_word' id='word_1_419' title='bbox 129 2894 275 2937; x_wconf 81' lang='lat' dir='ltr'>phrase:</span> <span class='ocrx_word' id='word_1_420' title='bbox 304 2894 347 2927; x_wconf 86' lang='lat' dir='ltr'>cf.</span> <span class='ocrx_word' id='word_1_421' title='bbox 366 2894 431 2936; x_wconf 90' lang='lat' dir='ltr'>Ep.</span> <span class='ocrx_word' id='word_1_422' title='bbox 453 2903 545 2934; x_wconf 82' lang='lat'>1342.</span> <span class='ocrx_word' id='word_1_423' title='bbox 563 2895 628 2932; x_wconf 79' lang='lat'>926</span> <span class='ocrx_word' id='word_1_424' title='bbox 644 2903 714 2933; x_wconf 84' lang='lat' dir='ltr'>seq.</span> <span class='ocrx_word' id='word_1_425' title='bbox 1007 2893 1037 2923; x_wconf 82' lang='lat'>8.</span> <span class='ocrx_word' id='word_1_426' title='bbox 1064 2893 1100 2924; x_wconf 90' lang='lat' dir='ltr'>in</span> <span class='ocrx_word' id='word_1_427' title='bbox 1115 2891 1389 2932; x_wconf 72' lang='lat' dir='ltr'>Lutherum10f.</span> <span class='ocrx_word' id='word_1_428' title='bbox 1406 2891 1470 2933; x_wconf 87' lang='lat' dir='ltr'>Ep.</span> <span class='ocrx_word' id='word_1_429' title='bbox 1492 2900 1547 2923; x_wconf 87' lang='lat'>121</span> <span class='ocrx_word' id='word_1_430' title='bbox 1577 2916 1584 2923; x_wconf 90' lang='lat'>.</span> <span class='ocrx_word' id='word_1_431' title='bbox 1608 2891 1702 2923; x_wconf 88' lang='lat' dir='ltr'>106n.</span> 
     </span>
    </p>

    <p class='ocr_par' dir='ltr' id='par_1_15' title="bbox 127 2901 1726 3066">
     <span class='ocr_line' id='line_1_48' title="bbox 175 2901 1725 2979; baseline -0.003 -11"><span class='ocrx_word' id='word_1_432' title='bbox 175 2937 274 2969; x_wconf 82' lang='lat'>1269.</span> <span class='ocrx_word' id='word_1_433' title='bbox 301 2947 331 2969; x_wconf 86' lang='lat'>2.</span> <span class='ocrx_word' id='word_1_434' title='bbox 358 2938 394 2970; x_wconf 92' lang='lat' dir='ltr'>in</span> <span class='ocrx_word' id='word_1_435' title='bbox 415 2937 516 2969; x_wconf 75' lang='lat' dir='ltr'>Pauli</span> <span class='ocrx_word' id='word_1_436' title='bbox 546 2936 738 2979; x_wconf 85' lang='lat' dir='ltr'>Epistolas]</span> <span class='ocrx_word' id='word_1_437' title='bbox 758 2935 892 2969; x_wconf 79' lang='lat' dir='ltr'>Doubt-</span> <span class='ocrx_word' id='word_1_438' title='bbox 1010 2943 1060 2967; x_wconf 88' lang='lat'>11.</span> <span class='ocrx_word' id='word_1_439' title='bbox 1086 2935 1292 2975; x_wconf 84' lang='lat' dir='ltr'>discessum]</span> <span class='ocrx_word' id='word_1_440' title='bbox 1307 2934 1448 2968; x_wconf 74' lang='lat' dir='ltr'>Charles</span> <span class='ocrx_word' id='word_1_441' title='bbox 1469 2934 1534 2967; x_wconf 79' lang='lat' dir='ltr'>left</span> <span class='ocrx_word' id='word_1_442' title='bbox 1555 2901 1725 2971; x_wconf 49' lang='lat' dir='ltr'>Ermsels,</span> 
     </span>
     <span class='ocr_line' id='line_1_49' title="bbox 127 2977 1726 3021; baseline -0.003 -9"><span class='ocrx_word' id='word_1_443' title='bbox 127 2981 195 3013; x_wconf 80' lang='lat' dir='ltr'>less</span> <span class='ocrx_word' id='word_1_444' title='bbox 209 2980 269 3012; x_wconf 89' lang='lat' dir='ltr'>the</span> <span class='ocrx_word' id='word_1_445' title='bbox 281 2981 449 3013; x_wconf 78' lang='lat' dir='ltr'>collected</span> <span class='ocrx_word' id='word_1_446' title='bbox 462 2980 598 3013; x_wconf 83' lang='lat' dir='ltr'>Froben</span> <span class='ocrx_word' id='word_1_447' title='bbox 614 2980 746 3012; x_wconf 80' lang='lat' dir='ltr'>edition</span> <span class='ocrx_word' id='word_1_448' title='bbox 758 2980 794 3012; x_wconf 85' lang='lat' dir='ltr'>of</span> <span class='ocrx_word' id='word_1_449' title='bbox 810 2979 891 3012; x_wconf 77' lang='lat' dir='ltr'>Feb.</span> <span class='ocrx_word' id='word_1_450' title='bbox 962 2990 1007 3012; x_wconf 89' lang='lat' dir='ltr'>on</span> <span class='ocrx_word' id='word_1_451' title='bbox 1041 2979 1094 3011; x_wconf 87' lang='lat' dir='ltr'>his</span> <span class='ocrx_word' id='word_1_452' title='bbox 1127 2988 1205 3020; x_wconf 81' lang='lat' dir='ltr'>way</span> <span class='ocrx_word' id='word_1_453' title='bbox 1237 2982 1275 3010; x_wconf 90' lang='lat' dir='ltr'>to</span> <span class='ocrx_word' id='word_1_454' title='bbox 1309 2977 1469 3021; x_wconf 77' lang='lat' dir='ltr'>England</span> <span class='ocrx_word' id='word_1_455' title='bbox 1504 2977 1573 3011; x_wconf 81' lang='lat' dir='ltr'>and</span> <span class='ocrx_word' id='word_1_456' title='bbox 1607 2977 1726 3019; x_wconf 72' lang='lat' dir='ltr'>Spain.</span> 
     </span>
     <span class='ocr_line' id='line_1_50' title="bbox 136 3021 1415 3066; baseline -0.002 -9"><span class='ocrx_word' id='word_1_457' title='bbox 136 3032 230 3065; x_wconf 82' lang='lat'>1522,</span> <span class='ocrx_word' id='word_1_458' title='bbox 247 3023 355 3061; x_wconf 78' lang='lat' dir='ltr'>folio;</span> <span class='ocrx_word' id='word_1_459' title='bbox 382 3034 439 3056; x_wconf 84' lang='lat' dir='ltr'>see</span> <span class='ocrx_word' id='word_1_460' title='bbox 455 3024 520 3065; x_wconf 89' lang='lat' dir='ltr'>Ep.</span> <span class='ocrx_word' id='word_1_461' title='bbox 539 3033 603 3066; x_wconf 90' lang='lat'>710</span> <span class='ocrx_word' id='word_1_462' title='bbox 619 3022 746 3056; x_wconf 77' lang='lat' dir='ltr'>introd.</span> <span class='ocrx_word' id='word_1_463' title='bbox 962 3034 980 3056; x_wconf 91' lang='lat'><strong>2</strong></span> <span class='ocrx_word' id='word_1_464' title='bbox 1000 3023 1105 3063; x_wconf 78' lang='lat' dir='ltr'>May:</span> <span class='ocrx_word' id='word_1_465' title='bbox 1135 3021 1296 3054; x_wconf 75' lang='lat' dir='ltr'>Gaehard</span> <span class='ocrx_word' id='word_1_466' title='bbox 1312 3022 1346 3055; x_wconf 89' lang='lat' dir='ltr'>ii.</span> <span class='ocrx_word' id='word_1_467' title='bbox 1364 3031 1415 3062; x_wconf 87' lang='lat'>32.</span> 
     </span>
    </p>

    <p class='ocr_par' dir='ltr' id='par_1_16' title="bbox 220 3063 1668 3109">
     <span class='ocr_line' id='line_1_51' title="bbox 220 3063 1668 3109; baseline -0.003 -11"><span class='ocrx_word' id='word_1_468' title='bbox 220 3067 254 3098; x_wconf 85' lang='lat' dir='ltr'>in</span> <span class='ocrx_word' id='word_1_469' title='bbox 271 3067 467 3108; x_wconf 81' lang='lat' dir='ltr'>Matheum]</span> <span class='ocrx_word' id='word_1_470' title='bbox 483 3068 545 3100; x_wconf 82' lang='lat' dir='ltr'>See</span> <span class='ocrx_word' id='word_1_471' title='bbox 562 3067 626 3109; x_wconf 89' lang='lat' dir='ltr'>Ep.</span> <span class='ocrx_word' id='word_1_472' title='bbox 650 3075 741 3109; x_wconf 80' lang='lat'>¹255·</span> <span class='ocrx_word' id='word_1_473' title='bbox 1014 3075 1061 3098; x_wconf 82' lang='lat'>12.</span> <span class='ocrx_word' id='word_1_474' title='bbox 1087 3065 1294 3106; x_wconf 77' lang='lat' dir='ltr'>sanitatem]</span> <span class='ocrx_word' id='word_1_475' title='bbox 1310 3066 1372 3098; x_wconf 77' lang='lat' dir='ltr'>See</span> <span class='ocrx_word' id='word_1_476' title='bbox 1390 3065 1454 3107; x_wconf 85' lang='lat' dir='ltr'>Ep.</span> <span class='ocrx_word' id='word_1_477' title='bbox 1479 3063 1573 3103; x_wconf 89' lang='lat'>1248.</span> <span class='ocrx_word' id='word_1_478' title='bbox 1595 3072 1668 3095; x_wconf 83' lang='lat'>1011.</span> 
     </span>
    </p>
   </div>
   <div class='ocr_carea' id='block_1_10' title="bbox 890 3133 972 3164">
    <p class='ocr_par' dir='ltr' id='par_1_17' title="bbox 890 3133 972 3164">
     <span class='ocr_line' id='line_1_52' title="bbox 890 3133 972 3164; baseline 0.024 -2"><span class='ocrx_word' id='word_1_479' title='bbox 890 3133 972 3164; x_wconf 73' lang='lat'>132</span> 
     </span>
    </p>
   </div>
  </div>
 </body>
</html>
