<?xml version="1.0" encoding="UTF-8"?>
<!DOCTYPE html PUBLIC "-//W3C//DTD XHTML 1.0 Transitional//EN"
    "http://www.w3.org/TR/xhtml1/DTD/xhtml1-transitional.dtd">
<html xmlns="http://www.w3.org/1999/xhtml" xml:lang="en" lang="en">
 <head>
  <title>
</title>
<meta http-equiv="Content-Type" content="text/html;charset=utf-8" />
  <meta name='ocr-system' content='tesseract 3.04.00' />
  <meta name='ocr-capabilities' content='ocr_page ocr_carea ocr_par ocr_line ocrx_word'/>
</head>
<body>
  <div class='ocr_page' id='page_1' title='image "./opusepistolarum05eras_0142.png"; bbox 0 0 2012 3370; ppageno 0'>
   <div class='ocr_carea' id='block_1_1' title="bbox 716 144 1842 193">
    <p class='ocr_par' dir='ltr' id='par_1_1' title="bbox 716 144 1842 193">
     <span class='ocr_line' id='line_1_1' title="bbox 716 144 1842 193; baseline -0.003 -11"><span class='ocrx_word' id='word_1_1' title='bbox 716 144 972 183; x_wconf 72' lang='lat' dir='ltr'>LETTERS</span> <span class='ocrx_word' id='word_1_2' title='bbox 1003 144 1075 184; x_wconf 79' lang='lat' dir='ltr'>OF</span> <span class='ocrx_word' id='word_1_3' title='bbox 1105 144 1370 185; x_wconf 77' lang='lat' dir='ltr'>ERASMUs</span> <span class='ocrx_word' id='word_1_4' title='bbox 1720 145 1842 193; x_wconf 80' lang='lat'>[1522</span> 
     </span>
    </p>
   </div>
   <div class='ocr_carea' id='block_1_2' title="bbox 178 142 1846 1176">
    <p class='ocr_par' dir='ltr' id='par_1_2' title="bbox 178 142 1846 1176">
     <span class='ocr_line' id='line_1_2' title="bbox 253 142 325 180; baseline 0.014 -1"><span class='ocrx_word' id='word_1_5' title='bbox 253 142 325 180; x_wconf 78' lang='grc'>112</span> 
     </span>
     <span class='ocr_line' id='line_1_3' title="bbox 243 253 1841 305; baseline 0 -14"><span class='ocrx_word' id='word_1_6' title='bbox 243 253 317 303; x_wconf 93' lang='lat' dir='ltr'>qui</span> <span class='ocrx_word' id='word_1_7' title='bbox 334 254 391 292; x_wconf 85' lang='lat' dir='ltr'>sic</span> <span class='ocrx_word' id='word_1_8' title='bbox 409 254 607 300; x_wconf 85' lang='lat' dir='ltr'>insaniat,</span> <span class='ocrx_word' id='word_1_9' title='bbox 626 253 698 292; x_wconf 89' lang='lat' dir='ltr'>sed</span> <span class='ocrx_word' id='word_1_10' title='bbox 716 254 844 291; x_wconf 85' lang='lat' dir='ltr'>miror</span> <span class='ocrx_word' id='word_1_11' title='bbox 859 267 948 292; x_wconf 87' lang='lat' dir='ltr'>esse</span> <span class='ocrx_word' id='word_1_12' title='bbox 962 254 1034 304; x_wconf 91' lang='lat' dir='ltr'>qui</span> <span class='ocrx_word' id='word_1_13' title='bbox 1053 254 1165 292; x_wconf 87' lang='lat' dir='ltr'>hunc</span> <span class='ocrx_word' id='word_1_14' title='bbox 1177 254 1369 293; x_wconf 86' lang='lat' dir='ltr'>rabulam</span> <span class='ocrx_word' id='word_1_15' title='bbox 1385 257 1539 305; x_wconf 86' lang='lat' dir='ltr'>putent</span> <span class='ocrx_word' id='word_1_16' title='bbox 1551 265 1641 292; x_wconf 88' lang='lat' dir='ltr'>esse</span> <span class='ocrx_word' id='word_1_17' title='bbox 1654 256 1841 292; x_wconf 86' lang='lat' dir='ltr'>metuen-</span> 
     </span>
     <span class='ocr_line' id='line_1_4' title="bbox 242 306 1846 348; baseline 0 -2"><span class='ocrx_word' id='word_1_18' title='bbox 242 307 359 346; x_wconf 90' lang='lat' dir='ltr'>dum.</span> <span class='ocrx_word' id='word_1_19' title='bbox 422 308 504 346; x_wconf 88' lang='lat' dir='ltr'>Hic</span> <span class='ocrx_word' id='word_1_20' title='bbox 537 312 639 346; x_wconf 93' lang='lat' dir='ltr'>sunt</span> <span class='ocrx_word' id='word_1_21' title='bbox 671 308 871 346; x_wconf 77' lang='lat' dir='ltr'>Germani</span> <span class='ocrx_word' id='word_1_22' title='bbox 903 309 1038 347; x_wconf 89' lang='lat' dir='ltr'>nostri</span> <span class='ocrx_word' id='word_1_23' title='bbox 1071 309 1175 347; x_wconf 88' lang='lat' dir='ltr'>mire</span> <span class='ocrx_word' id='word_1_24' title='bbox 1206 308 1339 348; x_wconf 83' lang='lat' dir='ltr'>fortes</span> <span class='ocrx_word' id='word_1_25' title='bbox 1371 309 1445 347; x_wconf 88' lang='lat' dir='ltr'>vbi</span> <span class='ocrx_word' id='word_1_26' title='bbox 1477 321 1543 347; x_wconf 92' lang='lat' dir='ltr'>res</span> <span class='ocrx_word' id='word_1_27' title='bbox 1575 306 1846 346; x_wconf 74' lang='lat' dir='ltr'>desiderabat</span> 
     </span>
     <span class='ocr_line' id='line_1_5' title="bbox 187 361 1679 413; baseline 0 -13"><span class='ocrx_word' id='word_1_28' title='bbox 187 372 222 405; x_wconf 82' lang='lat'>15</span> <span class='ocrx_word' id='word_1_29' title='bbox 242 361 590 409; x_wconf 69' lang='lat' dir='ltr'>moderationem,</span> <span class='ocrx_word' id='word_1_30' title='bbox 614 363 718 401; x_wconf 87' lang='lat' dir='ltr'>mire</span> <span class='ocrx_word' id='word_1_31' title='bbox 737 362 878 401; x_wconf 90' lang='lat' dir='ltr'>timidi</span> <span class='ocrx_word' id='word_1_32' title='bbox 898 363 971 401; x_wconf 89' lang='lat' dir='ltr'>vbi</span> <span class='ocrx_word' id='word_1_33' title='bbox 991 376 1057 401; x_wconf 90' lang='lat' dir='ltr'>res</span> <span class='ocrx_word' id='word_1_34' title='bbox 1076 363 1280 413; x_wconf 89' lang='lat' dir='ltr'>poscebat</span> <span class='ocrx_word' id='word_1_35' title='bbox 1299 363 1453 402; x_wconf 85' lang='lat' dir='ltr'>fortem</span> <span class='ocrx_word' id='word_1_36' title='bbox 1476 363 1679 401; x_wconf 89' lang='lat' dir='ltr'>animum.</span> 
     </span>
     <span class='ocr_line' id='line_1_6' title="bbox 296 415 1844 467; baseline 0 -13"><span class='ocrx_word' id='word_1_37' title='bbox 296 415 580 455; x_wconf 89' lang='lat' dir='ltr'>Louanienses</span> <span class='ocrx_word' id='word_1_38' title='bbox 600 420 644 455; x_wconf 93' lang='lat' dir='ltr'>et</span> <span class='ocrx_word' id='word_1_39' title='bbox 663 417 859 455; x_wconf 89' lang='lat' dir='ltr'>monachi</span> <span class='ocrx_word' id='word_1_40' title='bbox 879 416 1069 467; x_wconf 82' lang='lat' dir='ltr'>quidam,</span> <span class='ocrx_word' id='word_1_41' title='bbox 1091 416 1366 467; x_wconf 88' lang='lat' dir='ltr'>Ale[x]ander</span> <span class='ocrx_word' id='word_1_42' title='bbox 1386 422 1429 456; x_wconf 89' lang='lat' dir='ltr'>et</span> <span class='ocrx_word' id='word_1_43' title='bbox 1448 417 1637 456; x_wconf 84' lang='lat' dir='ltr'>Marinus</span> <span class='ocrx_word' id='word_1_44' title='bbox 1652 419 1844 455; x_wconf 89' lang='lat' dir='ltr'>extrema</span> 
     </span>
     <span class='ocr_line' id='line_1_7' title="bbox 242 470 1842 517; baseline 0 -9"><span class='ocrx_word' id='word_1_45' title='bbox 242 470 379 509; x_wconf 90' lang='lat' dir='ltr'>moliti</span> <span class='ocrx_word' id='word_1_46' title='bbox 405 475 506 509; x_wconf 89' lang='lat' dir='ltr'>sunt</span> <span class='ocrx_word' id='word_1_47' title='bbox 532 472 575 509; x_wconf 88' lang='lat' dir='ltr'>in</span> <span class='ocrx_word' id='word_1_48' title='bbox 603 484 683 517; x_wconf 88' lang='lat' dir='ltr'>me,</span> <span class='ocrx_word' id='word_1_49' title='bbox 712 471 785 509; x_wconf 92' lang='lat' dir='ltr'>sed</span> <span class='ocrx_word' id='word_1_50' title='bbox 812 470 971 510; x_wconf 81' lang='lat' dir='ltr'>frustra</span> <span class='ocrx_word' id='word_1_51' title='bbox 998 471 1150 510; x_wconf 92' lang='lat' dir='ltr'>adhuc.</span> <span class='ocrx_word' id='word_1_52' title='bbox 1206 472 1425 512; x_wconf 87' lang='lat' dir='ltr'>Caesarem</span> <span class='ocrx_word' id='word_1_53' title='bbox 1454 472 1589 510; x_wconf 90' lang='lat' dir='ltr'>habeo</span> <span class='ocrx_word' id='word_1_54' title='bbox 1616 470 1842 516; x_wconf 85' lang='lat' dir='ltr'>fautorem,</span> 
     </span>
     <span class='ocr_line' id='line_1_8' title="bbox 239 523 1844 577; baseline 0 -15"><span class='ocrx_word' id='word_1_55' title='bbox 239 525 360 563; x_wconf 85' lang='lat' dir='ltr'>euius</span> <span class='ocrx_word' id='word_1_56' title='bbox 378 526 435 563; x_wconf 87' lang='lat' dir='ltr'>rei</span> <span class='ocrx_word' id='word_1_57' title='bbox 448 538 541 563; x_wconf 89' lang='lat' dir='ltr'>sum</span> <span class='ocrx_word' id='word_1_58' title='bbox 556 526 826 572; x_wconf 87' lang='lat' dir='ltr'>certissimus,</span> <span class='ocrx_word' id='word_1_59' title='bbox 841 529 887 564; x_wconf 92' lang='lat' dir='ltr'>et</span> <span class='ocrx_word' id='word_1_60' title='bbox 903 526 1062 576; x_wconf 83' lang='lat' dir='ltr'>Regem</span> <span class='ocrx_word' id='word_1_61' title='bbox 1075 526 1251 577; x_wconf 87' lang='lat' dir='ltr'>Angliae</span> <span class='ocrx_word' id='word_1_62' title='bbox 1266 531 1310 565; x_wconf 91' lang='lat' dir='ltr'>et</span> <span class='ocrx_word' id='word_1_63' title='bbox 1327 526 1490 565; x_wconf 84' lang='lat' dir='ltr'>Romae</span> <span class='ocrx_word' id='word_1_64' title='bbox 1508 525 1741 565; x_wconf 81' lang='lat' dir='ltr'>cardinales</span> <span class='ocrx_word' id='word_1_65' title='bbox 1758 523 1844 563; x_wconf 82' lang='lat' dir='ltr'>fere</span> 
     </span>
     <span class='ocr_line' id='line_1_9' title="bbox 240 578 1843 632; baseline 0 -16"><span class='ocrx_word' id='word_1_66' title='bbox 240 591 398 617; x_wconf 88' lang='lat' dir='ltr'>omnes.</span> <span class='ocrx_word' id='word_1_67' title='bbox 451 580 607 618; x_wconf 87' lang='lat' dir='ltr'>Omnes</span> <span class='ocrx_word' id='word_1_68' title='bbox 629 583 774 618; x_wconf 85' lang='lat' dir='ltr'>tamen</span> <span class='ocrx_word' id='word_1_69' title='bbox 797 580 955 619; x_wconf 89' lang='lat' dir='ltr'>vellent</span> <span class='ocrx_word' id='word_1_70' title='bbox 977 593 1044 619; x_wconf 90' lang='lat' dir='ltr'>me</span> <span class='ocrx_word' id='word_1_71' title='bbox 1065 579 1299 620; x_wconf 87' lang='lat' dir='ltr'>Lutherum</span> <span class='ocrx_word' id='word_1_72' title='bbox 1323 581 1505 632; x_wconf 75' lang='lat' dir='ltr'>aggredi.</span> <span class='ocrx_word' id='word_1_73' title='bbox 1558 580 1647 630; x_wconf 79' lang='lat' dir='ltr'>Ego</span> <span class='ocrx_word' id='word_1_74' title='bbox 1670 578 1843 617; x_wconf 89' lang='lat' dir='ltr'>tametsi</span> 
     </span>
     <span class='ocr_line' id='line_1_10' title="bbox 179 632 1844 685; baseline -0.002 -11"><span class='ocrx_word' id='word_1_75' title='bbox 179 651 224 675; x_wconf 85' lang='lat'>20</span> <span class='ocrx_word' id='word_1_76' title='bbox 240 634 457 683; x_wconf 73' lang='lat' dir='ltr'>negotium</span> <span class='ocrx_word' id='word_1_77' title='bbox 473 634 648 673; x_wconf 90' lang='lat' dir='ltr'>Lutheri</span> <span class='ocrx_word' id='word_1_78' title='bbox 663 648 749 673; x_wconf 91' lang='lat' dir='ltr'>non</span> <span class='ocrx_word' id='word_1_79' title='bbox 764 635 952 685; x_wconf 85' lang='lat' dir='ltr'>probem,</span> <span class='ocrx_word' id='word_1_80' title='bbox 968 638 1114 674; x_wconf 91' lang='lat' dir='ltr'>tamen</span> <span class='ocrx_word' id='word_1_81' title='bbox 1129 635 1289 674; x_wconf 90' lang='lat' dir='ltr'>multae</span> <span class='ocrx_word' id='word_1_82' title='bbox 1304 640 1404 674; x_wconf 88' lang='lat' dir='ltr'>sunt</span> <span class='ocrx_word' id='word_1_83' title='bbox 1419 648 1569 673; x_wconf 86' lang='lat' dir='ltr'>causae</span> <span class='ocrx_word' id='word_1_84' title='bbox 1586 647 1659 673; x_wconf 87' lang='lat' dir='ltr'>cur</span> <span class='ocrx_word' id='word_1_85' title='bbox 1673 632 1844 684; x_wconf 89' lang='lat' dir='ltr'>quiduis</span> 
     </span>
     <span class='ocr_line' id='line_1_11' title="bbox 240 687 1842 740; baseline 0 -15"><span class='ocrx_word' id='word_1_86' title='bbox 240 688 384 726; x_wconf 89' lang='lat' dir='ltr'>malim</span> <span class='ocrx_word' id='word_1_87' title='bbox 414 701 543 739; x_wconf 88' lang='lat' dir='ltr'>quam</span> <span class='ocrx_word' id='word_1_88' title='bbox 573 689 651 727; x_wconf 88' lang='lat' dir='ltr'>hoe</span> <span class='ocrx_word' id='word_1_89' title='bbox 680 690 897 740; x_wconf 85' lang='lat' dir='ltr'>negotium</span> <span class='ocrx_word' id='word_1_90' title='bbox 927 702 1062 740; x_wconf 83' lang='lat' dir='ltr'>agere.</span> <span class='ocrx_word' id='word_1_91' title='bbox 1120 690 1178 728; x_wconf 86' lang='lat' dir='ltr'>Et</span> <span class='ocrx_word' id='word_1_92' title='bbox 1205 694 1351 728; x_wconf 84' lang='lat' dir='ltr'>tamen</span> <span class='ocrx_word' id='word_1_93' title='bbox 1379 694 1480 728; x_wconf 91' lang='lat' dir='ltr'>sunt</span> <span class='ocrx_word' id='word_1_94' title='bbox 1508 688 1741 728; x_wconf 87' lang='lat' dir='ltr'>Lutherani</span> <span class='ocrx_word' id='word_1_95' title='bbox 1769 687 1842 738; x_wconf 91' lang='lat' dir='ltr'>qui</span> 
     </span>
     <span class='ocr_line' id='line_1_12' title="bbox 240 743 1842 795; baseline 0 -15"><span class='ocrx_word' id='word_1_96' title='bbox 240 743 374 793; x_wconf 85' lang='lat' dir='ltr'>magis</span> <span class='ocrx_word' id='word_1_97' title='bbox 415 747 595 793; x_wconf 86' lang='lat' dir='ltr'>peccant</span> <span class='ocrx_word' id='word_1_98' title='bbox 635 756 765 794; x_wconf 86' lang='lat' dir='ltr'>quam</span> <span class='ocrx_word' id='word_1_99' title='bbox 807 744 896 795; x_wconf 88' lang='lat' dir='ltr'>ipse</span> <span class='ocrx_word' id='word_1_100' title='bbox 938 744 1161 782; x_wconf 88' lang='lat' dir='ltr'>Lutherus.</span> <span class='ocrx_word' id='word_1_101' title='bbox 1233 744 1365 783; x_wconf 91' lang='lat' dir='ltr'>Video</span> <span class='ocrx_word' id='word_1_102' title='bbox 1407 748 1573 795; x_wconf 84' lang='lat' dir='ltr'>partem</span> <span class='ocrx_word' id='word_1_103' title='bbox 1615 748 1842 792; x_wconf 86' lang='lat' dir='ltr'>Vtramque</span> 
     </span>
     <span class='ocr_line' id='line_1_13' title="bbox 236 796 1843 850; baseline 0.001 -16"><span class='ocrx_word' id='word_1_104' title='bbox 236 796 566 836; x_wconf 82' lang='lat' dir='ltr'>intractabilem.</span> <span class='ocrx_word' id='word_1_105' title='bbox 610 797 765 844; x_wconf 89' lang='lat' dir='ltr'>Nolim,</span> <span class='ocrx_word' id='word_1_106' title='bbox 783 799 817 836; x_wconf 87' lang='lat' dir='ltr'>si</span> <span class='ocrx_word' id='word_1_107' title='bbox 832 798 919 837; x_wconf 89' lang='lat' dir='ltr'>fieri</span> <span class='ocrx_word' id='word_1_108' title='bbox 935 802 1078 849; x_wconf 87' lang='lat' dir='ltr'>queat,</span> <span class='ocrx_word' id='word_1_109' title='bbox 1095 799 1228 850; x_wconf 86' lang='lat' dir='ltr'>perire</span> <span class='ocrx_word' id='word_1_110' title='bbox 1245 799 1356 837; x_wconf 88' lang='lat' dir='ltr'>bona</span> <span class='ocrx_word' id='word_1_111' title='bbox 1370 798 1546 837; x_wconf 89' lang='lat' dir='ltr'>Lutheri</span> <span class='ocrx_word' id='word_1_112' title='bbox 1561 798 1615 836; x_wconf 94' lang='lat' dir='ltr'>ob</span> <span class='ocrx_word' id='word_1_113' title='bbox 1631 796 1843 848; x_wconf 84' lang='lat' dir='ltr'>quaedam</span> 
     </span>
     <span class='ocr_line' id='line_1_14' title="bbox 238 851 1844 904; baseline 0 -15"><span class='ocrx_word' id='word_1_114' title='bbox 238 851 378 898; x_wconf 67' lang='lat' dir='ltr'>mala,</span> <span class='ocrx_word' id='word_1_115' title='bbox 422 855 466 890; x_wconf 92' lang='lat' dir='ltr'>et</span> <span class='ocrx_word' id='word_1_116' title='bbox 491 853 564 902; x_wconf 92' lang='lat' dir='ltr'>qui</span> <span class='ocrx_word' id='word_1_117' title='bbox 590 856 692 891; x_wconf 90' lang='lat' dir='ltr'>sunt</span> <span class='ocrx_word' id='word_1_118' title='bbox 717 853 771 891; x_wconf 92' lang='lat' dir='ltr'>ab</span> <span class='ocrx_word' id='word_1_119' title='bbox 798 852 932 891; x_wconf 88' lang='lat' dir='ltr'>altera</span> <span class='ocrx_word' id='word_1_120' title='bbox 957 857 1092 904; x_wconf 88' lang='lat' dir='ltr'>parte,</span> <span class='ocrx_word' id='word_1_121' title='bbox 1119 866 1205 892; x_wconf 93' lang='lat' dir='ltr'>non</span> <span class='ocrx_word' id='word_1_122' title='bbox 1231 858 1332 892; x_wconf 87' lang='lat' dir='ltr'>sunt</span> <span class='ocrx_word' id='word_1_123' title='bbox 1357 854 1503 903; x_wconf 87' lang='lat' dir='ltr'>aequis</span> <span class='ocrx_word' id='word_1_124' title='bbox 1529 851 1844 891; x_wconf 84' lang='lat' dir='ltr'>conditionibus</span> 
     </span>
     <span class='ocr_line' id='line_1_15' title="bbox 178 905 1843 958; baseline -0.003 -11"><span class='ocrx_word' id='word_1_125' title='bbox 178 924 216 957; x_wconf 85' lang='lat'>25</span> <span class='ocrx_word' id='word_1_126' title='bbox 238 905 494 945; x_wconf 87' lang='lat' dir='ltr'>conferendi.</span> <span class='ocrx_word' id='word_1_127' title='bbox 548 906 612 945; x_wconf 92' lang='lat' dir='ltr'>De</span> <span class='ocrx_word' id='word_1_128' title='bbox 636 911 712 946; x_wconf 88' lang='lat' dir='ltr'>tua</span> <span class='ocrx_word' id='word_1_129' title='bbox 736 907 1014 946; x_wconf 85' lang='lat' dir='ltr'>translatione</span> <span class='ocrx_word' id='word_1_130' title='bbox 1038 920 1124 946; x_wconf 91' lang='lat' dir='ltr'>non</span> <span class='ocrx_word' id='word_1_131' title='bbox 1147 911 1340 958; x_wconf 88' lang='lat' dir='ltr'>poteram</span> <span class='ocrx_word' id='word_1_132' title='bbox 1365 907 1550 946; x_wconf 76' lang='lat' dir='ltr'>iudicare</span> <span class='ocrx_word' id='word_1_133' title='bbox 1574 906 1655 945; x_wconf 90' lang='lat' dir='ltr'>nisi</span> <span class='ocrx_word' id='word_1_134' title='bbox 1679 905 1843 945; x_wconf 84' lang='lat' dir='ltr'>collatis</span> 
     </span>
     <span class='ocr_line' id='line_1_16' title="bbox 236 960 1841 1013; baseline -0.001 -15"><span class='ocrx_word' id='word_1_135' title='bbox 236 960 562 1011; x_wconf 87' lang='lat' dir='ltr'>exemplaribus,</span> <span class='ocrx_word' id='word_1_136' title='bbox 590 965 635 1000; x_wconf 92' lang='lat' dir='ltr'>et</span> <span class='ocrx_word' id='word_1_137' title='bbox 662 961 717 1000; x_wconf 88' lang='lat' dir='ltr'>ad</span> <span class='ocrx_word' id='word_1_138' title='bbox 743 975 837 1000; x_wconf 90' lang='lat' dir='ltr'>eam</span> <span class='ocrx_word' id='word_1_139' title='bbox 864 975 953 1000; x_wconf 90' lang='lat' dir='ltr'>rem</span> <span class='ocrx_word' id='word_1_140' title='bbox 980 962 1105 1013; x_wconf 88' lang='lat' dir='ltr'>plane</span> <span class='ocrx_word' id='word_1_141' title='bbox 1131 961 1295 1000; x_wconf 90' lang='lat' dir='ltr'>nullum</span> <span class='ocrx_word' id='word_1_142' title='bbox 1322 966 1414 1000; x_wconf 91' lang='lat' dir='ltr'>erat</span> <span class='ocrx_word' id='word_1_143' title='bbox 1440 962 1575 1000; x_wconf 91' lang='lat' dir='ltr'>otium</span> <span class='ocrx_word' id='word_1_144' title='bbox 1598 974 1605 999; x_wconf 94' lang='lat'>:</span> <span class='ocrx_word' id='word_1_145' title='bbox 1649 973 1701 998; x_wconf 91' lang='lat' dir='ltr'>ne</span> <span class='ocrx_word' id='word_1_146' title='bbox 1728 972 1841 998; x_wconf 90' lang='lat' dir='ltr'>nune</span> 
     </span>
     <span class='ocr_line' id='line_1_17' title="bbox 236 1013 1842 1066; baseline -0.001 -13"><span class='ocrx_word' id='word_1_147' title='bbox 236 1014 409 1065; x_wconf 90' lang='lat' dir='ltr'>quidem</span> <span class='ocrx_word' id='word_1_148' title='bbox 435 1019 606 1066; x_wconf 90' lang='lat' dir='ltr'>tempus</span> <span class='ocrx_word' id='word_1_149' title='bbox 631 1019 836 1066; x_wconf 86' lang='lat' dir='ltr'>superest.</span> <span class='ocrx_word' id='word_1_150' title='bbox 890 1016 973 1055; x_wconf 92' lang='lat' dir='ltr'>Vbi</span> <span class='ocrx_word' id='word_1_151' title='bbox 998 1016 1102 1066; x_wconf 92' lang='lat' dir='ltr'>quid</span> <span class='ocrx_word' id='word_1_152' title='bbox 1127 1016 1205 1054; x_wconf 90' lang='lat' dir='ltr'>otii</span> <span class='ocrx_word' id='word_1_153' title='bbox 1229 1015 1415 1062; x_wconf 88' lang='lat' dir='ltr'>dabitur,</span> <span class='ocrx_word' id='word_1_154' title='bbox 1442 1028 1528 1054; x_wconf 90' lang='lat' dir='ltr'>non</span> <span class='ocrx_word' id='word_1_155' title='bbox 1554 1015 1678 1054; x_wconf 88' lang='lat' dir='ltr'>deero</span> <span class='ocrx_word' id='word_1_156' title='bbox 1705 1013 1842 1052; x_wconf 84' lang='lat' dir='ltr'>officio</span> 
     </span>
     <span class='ocr_line' id='line_1_18' title="bbox 237 1069 1440 1109; baseline 0.002 -3"><span class='ocrx_word' id='word_1_157' title='bbox 237 1081 343 1107; x_wconf 92' lang='lat' dir='ltr'>meo.</span> <span class='ocrx_word' id='word_1_158' title='bbox 392 1069 568 1109; x_wconf 85' lang='lat' dir='ltr'>Caetera</span> <span class='ocrx_word' id='word_1_159' title='bbox 589 1082 730 1108; x_wconf 92' lang='lat' dir='ltr'>coram</span> <span class='ocrx_word' id='word_1_160' title='bbox 751 1070 1147 1109; x_wconf 87' lang='lat' dir='ltr'>commentabimus.</span> <span class='ocrx_word' id='word_1_161' title='bbox 1197 1070 1313 1109; x_wconf 88' lang='lat' dir='ltr'>Bene</span> <span class='ocrx_word' id='word_1_162' title='bbox 1332 1070 1440 1109; x_wconf 88' lang='lat' dir='ltr'>vale.</span> 
     </span>
     <span class='ocr_line' id='line_1_19' title="bbox 290 1122 1158 1176; baseline 0.002 -15"><span class='ocrx_word' id='word_1_163' title='bbox 290 1122 480 1163; x_wconf 83' lang='lat' dir='ltr'>Basileae</span> <span class='ocrx_word' id='word_1_164' title='bbox 499 1137 611 1163; x_wconf 92' lang='lat' dir='ltr'>anno</span> <span class='ocrx_word' id='word_1_165' title='bbox 630 1135 681 1163; x_wconf 92' lang='lat'>22</span> <span class='ocrx_word' id='word_1_166' title='bbox 701 1128 822 1164; x_wconf 88' lang='lat' dir='ltr'>sexto</span> <span class='ocrx_word' id='word_1_167' title='bbox 841 1123 945 1163; x_wconf 89' lang='lat' dir='ltr'>Idus</span> <span class='ocrx_word' id='word_1_168' title='bbox 962 1124 1158 1176; x_wconf 82' lang='lat' dir='ltr'>Augusti.</span> 
     </span>
    </p>
   </div>
   <div class='ocr_carea' id='block_1_3' title="bbox 598 1251 1471 1295">
    <p class='ocr_par' dir='ltr' id='par_1_3' title="bbox 598 1251 1471 1295">
     <span class='ocr_line' id='line_1_20' title="bbox 598 1251 1471 1295; baseline 0.002 -3"><span class='ocrx_word' id='word_1_169' title='bbox 598 1253 721 1293; x_wconf 88' lang='lat'><strong>1306.</strong></span> <span class='ocrx_word' id='word_1_170' title='bbox 786 1251 927 1294; x_wconf 76' lang='lat' dir='ltr'>FRoM</span> <span class='ocrx_word' id='word_1_171' title='bbox 958 1251 1093 1294; x_wconf 79' lang='lat' dir='ltr'>JOHN</span> <span class='ocrx_word' id='word_1_172' title='bbox 1125 1252 1274 1295; x_wconf 81' lang='lat' dir='ltr'>Loms</span> <span class='ocrx_word' id='word_1_173' title='bbox 1307 1251 1471 1294; x_wconf 83' lang='lat' dir='ltr'>VIVES.</span> 
     </span>
    </p>
   </div>
   <div class='ocr_carea' id='block_1_4' title="bbox 282 1335 1151 1440">
    <p class='ocr_par' dir='ltr' id='par_1_4' title="bbox 282 1335 1151 1440">
     <span class='ocr_line' id='line_1_21' title="bbox 282 1335 922 1382; baseline 0.003 -12"><span class='ocrx_word' id='word_1_174' title='bbox 282 1335 384 1370; x_wconf 90' lang='lat' dir='ltr'>Viuis</span> <span class='ocrx_word' id='word_1_175' title='bbox 400 1336 532 1380; x_wconf 90' lang='lat' dir='ltr'>Opera,</span> <span class='ocrx_word' id='word_1_176' title='bbox 552 1344 652 1380; x_wconf 83' lang='lat'>1555,</span> <span class='ocrx_word' id='word_1_177' title='bbox 669 1336 706 1377; x_wconf 89' lang='lat' dir='ltr'>ii,</span> <span class='ocrx_word' id='word_1_178' title='bbox 723 1347 757 1381; x_wconf 91' lang='lat' dir='ltr'>p.</span> <span class='ocrx_word' id='word_1_179' title='bbox 774 1337 845 1378; x_wconf 78' lang='lat'>966</span> <span class='ocrx_word' id='word_1_180' title='bbox 861 1339 922 1382; x_wconf 79' lang='lat' dir='ltr'>(a).</span> 
     </span>
     <span class='ocr_line' id='line_1_22' title="bbox 286 1392 1151 1440; baseline 0.003 -13"><span class='ocrx_word' id='word_1_181' title='bbox 286 1393 337 1428; x_wconf 92' lang='lat' dir='ltr'>Vi.</span> <span class='ocrx_word' id='word_1_182' title='bbox 356 1393 412 1435; x_wconf 70' lang='lat' dir='ltr'>E„</span> <span class='ocrx_word' id='word_1_183' title='bbox 429 1393 453 1428; x_wconf 88' lang='lat' dir='ltr'>f.</span> <span class='ocrx_word' id='word_1_184' title='bbox 473 1402 519 1438; x_wconf 85' lang='lat'>73</span> <span class='ocrx_word' id='word_1_185' title='bbox 541 1395 619 1438; x_wconf 70' lang='lat'>(.3):</span> <span class='ocrx_word' id='word_1_186' title='bbox 647 1392 764 1429; x_wconf 90' lang='lat' dir='ltr'>Lond.</span> <span class='ocrx_word' id='word_1_187' title='bbox 783 1394 865 1430; x_wconf 91' lang='lat' dir='ltr'>Viv.</span> <span class='ocrx_word' id='word_1_188' title='bbox 886 1404 952 1430; x_wconf 88' lang='lat'>10:</span> <span class='ocrx_word' id='word_1_189' title='bbox 980 1394 1054 1430; x_wconf 92' lang='lat' dir='ltr'>LB.</span> <span class='ocrx_word' id='word_1_190' title='bbox 1070 1395 1151 1440; x_wconf 81' lang='lat'>634.</span> 
     </span>
    </p>
   </div>
   <div class='ocr_carea' id='block_1_5' title="bbox 1464 1336 1785 1440">
    <p class='ocr_par' dir='ltr' id='par_1_5' title="bbox 1464 1336 1785 1440">
     <span class='ocr_line' id='line_1_23' title="bbox 1543 1336 1723 1372; baseline 0.006 -1"><span class='ocrx_word' id='word_1_191' title='bbox 1543 1336 1723 1372; x_wconf 87' lang='lat' dir='ltr'>Louvain.</span> 
     </span>
     <span class='ocr_line' id='line_1_24' title="bbox 1464 1394 1785 1440; baseline 0.003 -11"><span class='ocrx_word' id='word_1_192' title='bbox 1464 1402 1503 1439; x_wconf 85' lang='grc'>15</span> <span class='ocrx_word' id='word_1_193' title='bbox 1521 1394 1668 1438; x_wconf 84' lang='lat' dir='ltr'>August</span> <span class='ocrx_word' id='word_1_194' title='bbox 1685 1404 1785 1440; x_wconf 82' lang='lat'>1522.</span> 
     </span>
    </p>
   </div>
   <div class='ocr_carea' id='block_1_6' title="bbox 277 1482 1838 1526">
    <p class='ocr_par' dir='ltr' id='par_1_6' title="bbox 277 1482 1838 1526">
     <span class='ocr_line' id='line_1_25' title="bbox 277 1482 1838 1526; baseline 0.001 -12"><span class='ocrx_word' id='word_1_195' title='bbox 277 1482 361 1522; x_wconf 86' lang='lat' dir='ltr'>[For</span> <span class='ocrx_word' id='word_1_196' title='bbox 377 1492 513 1514; x_wconf 83' lang='lat' dir='ltr'>sources</span> <span class='ocrx_word' id='word_1_197' title='bbox 531 1482 601 1514; x_wconf 87' lang='lat' dir='ltr'>and</span> <span class='ocrx_word' id='word_1_198' title='bbox 619 1482 700 1515; x_wconf 85' lang='lat' dir='ltr'>date</span> <span class='ocrx_word' id='word_1_199' title='bbox 717 1493 772 1515; x_wconf 87' lang='lat' dir='ltr'>see</span> <span class='ocrx_word' id='word_1_200' title='bbox 790 1483 855 1525; x_wconf 88' lang='lat' dir='ltr'>Ep.</span> <span class='ocrx_word' id='word_1_201' title='bbox 878 1493 959 1515; x_wconf 88' lang='lat'>1222</span> <span class='ocrx_word' id='word_1_202' title='bbox 978 1483 1107 1515; x_wconf 87' lang='lat' dir='ltr'>introd.</span> <span class='ocrx_word' id='word_1_203' title='bbox 1124 1495 1132 1522; x_wconf 91' lang='grc'><strong>;</strong></span> <span class='ocrx_word' id='word_1_204' title='bbox 1163 1483 1233 1516; x_wconf 85' lang='lat' dir='ltr'>and</span> <span class='ocrx_word' id='word_1_205' title='bbox 1250 1483 1304 1516; x_wconf 80' lang='lat' dir='ltr'>for</span> <span class='ocrx_word' id='word_1_206' title='bbox 1320 1483 1380 1516; x_wconf 89' lang='lat' dir='ltr'>the</span> <span class='ocrx_word' id='word_1_207' title='bbox 1397 1486 1558 1516; x_wconf 86' lang='lat' dir='ltr'>contents</span> <span class='ocrx_word' id='word_1_208' title='bbox 1575 1484 1618 1515; x_wconf 82' lang='lat' dir='ltr'>cf.</span> <span class='ocrx_word' id='word_1_209' title='bbox 1639 1484 1703 1526; x_wconf 89' lang='lat' dir='ltr'>Ep.</span> <span class='ocrx_word' id='word_1_210' title='bbox 1727 1484 1838 1526; x_wconf 87' lang='lat'>1303.]</span> 
     </span>
    </p>
   </div>
   <div class='ocr_carea' id='block_1_7' title="bbox 841 1589 1221 1620">
    <p class='ocr_par' dir='ltr' id='par_1_7' title="bbox 841 1589 1221 1620">
     <span class='ocr_line' id='line_1_26' title="bbox 841 1589 1221 1620; baseline 0.003 -1"><span class='ocrx_word' id='word_1_211' title='bbox 841 1589 982 1620; x_wconf 86' lang='lat' dir='ltr'>VIVES</span> <span class='ocrx_word' id='word_1_212' title='bbox 1016 1590 1221 1620; x_wconf 86' lang='lat' dir='ltr'>ERASMO.</span> 
     </span>
    </p>
   </div>
   <div class='ocr_carea' id='block_1_8' title="bbox 171 1649 1837 2299">
    <p class='ocr_par' dir='ltr' id='par_1_8' title="bbox 230 1649 1837 1864">
     <span class='ocr_line' id='line_1_27' title="bbox 286 1649 1837 1696; baseline 0.001 -8"><span class='ocrx_word' id='word_1_213' title='bbox 286 1649 342 1689; x_wconf 80' lang='lat' dir='ltr'>IN</span> <span class='ocrx_word' id='word_1_214' title='bbox 362 1650 550 1689; x_wconf 88' lang='lat' dir='ltr'>maxima</span> <span class='ocrx_word' id='word_1_215' title='bbox 570 1649 852 1689; x_wconf 88' lang='lat' dir='ltr'>sollicitudine</span> <span class='ocrx_word' id='word_1_216' title='bbox 872 1663 965 1689; x_wconf 91' lang='lat' dir='ltr'>sum</span> <span class='ocrx_word' id='word_1_217' title='bbox 986 1653 1031 1689; x_wconf 91' lang='lat' dir='ltr'>et</span> <span class='ocrx_word' id='word_1_218' title='bbox 1049 1663 1133 1696; x_wconf 92' lang='lat' dir='ltr'>ero,</span> <span class='ocrx_word' id='word_1_219' title='bbox 1155 1649 1289 1689; x_wconf 86' lang='lat' dir='ltr'>donee</span> <span class='ocrx_word' id='word_1_220' title='bbox 1308 1649 1448 1689; x_wconf 82' lang='lat' dir='ltr'>factus</span> <span class='ocrx_word' id='word_1_221' title='bbox 1468 1649 1587 1689; x_wconf 88' lang='lat' dir='ltr'>fuero</span> <span class='ocrx_word' id='word_1_222' title='bbox 1609 1651 1762 1690; x_wconf 85' lang='lat' dir='ltr'>certior</span> <span class='ocrx_word' id='word_1_223' title='bbox 1782 1663 1837 1690; x_wconf 89' lang='lat' dir='ltr'>an</span> 
     </span>
     <span class='ocr_line' id='line_1_28' title="bbox 230 1704 1835 1756; baseline 0.001 -13"><span class='ocrx_word' id='word_1_224' title='bbox 230 1705 287 1743; x_wconf 90' lang='lat' dir='ltr'>sit</span> <span class='ocrx_word' id='word_1_225' title='bbox 311 1704 433 1744; x_wconf 87' lang='lat' dir='ltr'>vobis</span> <span class='ocrx_word' id='word_1_226' title='bbox 457 1704 673 1743; x_wconf 90' lang='lat' dir='ltr'>redditum</span> <span class='ocrx_word' id='word_1_227' title='bbox 698 1704 814 1755; x_wconf 93' lang='lat' dir='ltr'>quod</span> <span class='ocrx_word' id='word_1_228' title='bbox 838 1705 1047 1756; x_wconf 89' lang='lat' dir='ltr'>reliquum</span> <span class='ocrx_word' id='word_1_229' title='bbox 1071 1708 1164 1744; x_wconf 89' lang='lat' dir='ltr'>erat</span> <span class='ocrx_word' id='word_1_230' title='bbox 1186 1704 1283 1743; x_wconf 89' lang='lat' dir='ltr'>libri</span> <span class='ocrx_word' id='word_1_231' title='bbox 1303 1718 1311 1744; x_wconf 92' lang='lat'>:</span> <span class='ocrx_word' id='word_1_232' title='bbox 1352 1704 1397 1743; x_wconf 91' lang='lat' dir='ltr'>id</span> <span class='ocrx_word' id='word_1_233' title='bbox 1421 1705 1516 1743; x_wconf 90' lang='lat' dir='ltr'>misi</span> <span class='ocrx_word' id='word_1_234' title='bbox 1540 1717 1615 1756; x_wconf 90' lang='lat' dir='ltr'>per</span> <span class='ocrx_word' id='word_1_235' title='bbox 1638 1705 1835 1745; x_wconf 91' lang='lat' dir='ltr'>iuuenem</span> 
     </span>
     <span class='ocr_line' id='line_1_29' title="bbox 231 1758 1835 1810; baseline 0.001 -13"><span class='ocrx_word' id='word_1_236' title='bbox 231 1758 446 1810; x_wconf 86' lang='lat' dir='ltr'>quendam</span> <span class='ocrx_word' id='word_1_237' title='bbox 472 1759 808 1808; x_wconf 81' lang='lat' dir='ltr'>Coloniens&lt;em&gt;</span> <span class='ocrx_word' id='word_1_238' title='bbox 831 1758 1005 1798; x_wconf 86' lang='lat' dir='ltr'>Corradi</span> <span class='ocrx_word' id='word_1_239' title='bbox 1030 1758 1203 1798; x_wconf 89' lang='lat' dir='ltr'>consilio</span> <span class='ocrx_word' id='word_1_240' title='bbox 1232 1769 1294 1797; x_wconf 88' lang='lat' dir='ltr'>XV</span> <span class='ocrx_word' id='word_1_241' title='bbox 1323 1758 1390 1798; x_wconf 90' lang='lat' dir='ltr'>die</span> <span class='ocrx_word' id='word_1_242' title='bbox 1416 1759 1527 1806; x_wconf 87' lang='lat' dir='ltr'>Iulii,</span> <span class='ocrx_word' id='word_1_243' title='bbox 1553 1760 1757 1810; x_wconf 90' lang='lat' dir='ltr'>quoniam</span> <span class='ocrx_word' id='word_1_244' title='bbox 1782 1759 1835 1799; x_wconf 91' lang='lat' dir='ltr'>de</span> 
     </span>
     <span class='ocr_line' id='line_1_30' title="bbox 230 1813 1834 1864; baseline 0.001 -12"><span class='ocrx_word' id='word_1_245' title='bbox 230 1813 492 1864; x_wconf 85' lang='lat' dir='ltr'>profectione</span> <span class='ocrx_word' id='word_1_246' title='bbox 530 1813 646 1852; x_wconf 90' lang='lat' dir='ltr'>aliud</span> <span class='ocrx_word' id='word_1_247' title='bbox 683 1817 897 1852; x_wconf 88' lang='lat' dir='ltr'>statuerat</span> <span class='ocrx_word' id='word_1_248' title='bbox 927 1813 1101 1853; x_wconf 84' lang='lat' dir='ltr'>Carolus</span> <span class='ocrx_word' id='word_1_249' title='bbox 1132 1826 1262 1864; x_wconf 90' lang='lat' dir='ltr'>quam</span> <span class='ocrx_word' id='word_1_250' title='bbox 1299 1813 1477 1852; x_wconf 85' lang='lat' dir='ltr'>dixisset</span> <span class='ocrx_word' id='word_1_251' title='bbox 1508 1827 1604 1852; x_wconf 88' lang='lat' dir='ltr'>eum</span> <span class='ocrx_word' id='word_1_252' title='bbox 1642 1814 1710 1853; x_wconf 87' lang='lat' dir='ltr'>hie</span> <span class='ocrx_word' id='word_1_253' title='bbox 1740 1819 1834 1854; x_wconf 91' lang='lat' dir='ltr'>erat</span> 
     </span>
    </p>

    <p class='ocr_par' dir='ltr' id='par_1_9' title="bbox 192 1867 1833 2137">
     <span class='ocr_line' id='line_1_31' title="bbox 192 1867 1833 1920; baseline 0.001 -14"><span class='ocrx_word' id='word_1_254' title='bbox 192 1885 208 1917; x_wconf 81' lang='lat'><strong>5</strong></span> <span class='ocrx_word' id='word_1_255' title='bbox 231 1867 447 1920; x_wconf 86' lang='lat' dir='ltr'>Georgius.</span> <span class='ocrx_word' id='word_1_256' title='bbox 500 1867 617 1907; x_wconf 87' lang='lat' dir='ltr'>Nihil</span> <span class='ocrx_word' id='word_1_257' title='bbox 641 1872 833 1919; x_wconf 89' lang='lat' dir='ltr'>superest</span> <span class='ocrx_word' id='word_1_258' title='bbox 857 1868 1116 1907; x_wconf 90' lang='lat' dir='ltr'>mittendum</span> <span class='ocrx_word' id='word_1_259' title='bbox 1141 1881 1215 1919; x_wconf 90' lang='lat' dir='ltr'>per</span> <span class='ocrx_word' id='word_1_260' title='bbox 1240 1867 1464 1914; x_wconf 89' lang='lat' dir='ltr'>Hilarium,</span> <span class='ocrx_word' id='word_1_261' title='bbox 1490 1881 1617 1919; x_wconf 91' lang='lat' dir='ltr'>quem</span> <span class='ocrx_word' id='word_1_262' title='bbox 1642 1869 1833 1909; x_wconf 89' lang='lat' dir='ltr'>nondum</span> 
     </span>
     <span class='ocr_line' id='line_1_32' title="bbox 230 1922 1832 1974; baseline 0.001 -14"><span class='ocrx_word' id='word_1_263' title='bbox 230 1922 319 1961; x_wconf 81' lang='lat' dir='ltr'>vidi</span> <span class='ocrx_word' id='word_1_264' title='bbox 339 1935 347 1969; x_wconf 91' lang='lat'>;</span> <span class='ocrx_word' id='word_1_265' title='bbox 387 1922 537 1961; x_wconf 89' lang='lat' dir='ltr'>dicunt</span> <span class='ocrx_word' id='word_1_266' title='bbox 558 1922 797 1973; x_wconf 82' lang='lat' dir='ltr'>profectum</span> <span class='ocrx_word' id='word_1_267' title='bbox 820 1922 1101 1974; x_wconf 87' lang='lat' dir='ltr'>Antuerpiam</span> <span class='ocrx_word' id='word_1_268' title='bbox 1124 1926 1169 1961; x_wconf 90' lang='lat' dir='ltr'>et</span> <span class='ocrx_word' id='word_1_269' title='bbox 1190 1922 1425 1961; x_wconf 87' lang='lat' dir='ltr'>rediturum</span> <span class='ocrx_word' id='word_1_270' title='bbox 1450 1922 1581 1961; x_wconf 88' lang='lat' dir='ltr'>breui.</span> <span class='ocrx_word' id='word_1_271' title='bbox 1633 1922 1713 1961; x_wconf 90' lang='lat' dir='ltr'>Per</span> <span class='ocrx_word' id='word_1_272' title='bbox 1735 1937 1832 1962; x_wconf 90' lang='lat' dir='ltr'>eum</span> 
     </span>
     <span class='ocr_line' id='line_1_33' title="bbox 229 1976 1832 2028; baseline 0.001 -13"><span class='ocrx_word' id='word_1_273' title='bbox 229 1977 369 2028; x_wconf 85' lang='lat' dir='ltr'>cogito</span> <span class='ocrx_word' id='word_1_274' title='bbox 383 1977 493 2015; x_wconf 90' lang='lat' dir='ltr'>hanc</span> <span class='ocrx_word' id='word_1_275' title='bbox 507 1977 731 2028; x_wconf 90' lang='lat' dir='ltr'>epistolam</span> <span class='ocrx_word' id='word_1_276' title='bbox 746 1977 915 2016; x_wconf 89' lang='lat' dir='ltr'>mittere</span> <span class='ocrx_word' id='word_1_277' title='bbox 936 1991 944 2023; x_wconf 91' lang='lat'>;</span> <span class='ocrx_word' id='word_1_278' title='bbox 975 1990 1105 2028; x_wconf 90' lang='lat' dir='ltr'>quam</span> <span class='ocrx_word' id='word_1_279' title='bbox 1120 1977 1256 2016; x_wconf 86' lang='lat' dir='ltr'>scribo</span> <span class='ocrx_word' id='word_1_280' title='bbox 1270 1990 1356 2015; x_wconf 90' lang='lat' dir='ltr'>non</span> <span class='ocrx_word' id='word_1_281' title='bbox 1370 1977 1542 2015; x_wconf 86' lang='lat' dir='ltr'>omnino</span> <span class='ocrx_word' id='word_1_282' title='bbox 1557 1976 1832 2017; x_wconf 88' lang='lat' dir='ltr'>confirmatus</span> 
     </span>
     <span class='ocr_line' id='line_1_34' title="bbox 229 2031 1832 2082; baseline 0.001 -12"><span class='ocrx_word' id='word_1_283' title='bbox 229 2035 306 2070; x_wconf 88' lang='lat' dir='ltr'>aut</span> <span class='ocrx_word' id='word_1_284' title='bbox 329 2044 470 2078; x_wconf 79' lang='lat' dir='ltr'>sanUS,</span> <span class='ocrx_word' id='word_1_285' title='bbox 496 2031 569 2070; x_wconf 90' lang='lat' dir='ltr'>sed</span> <span class='ocrx_word' id='word_1_286' title='bbox 592 2031 720 2082; x_wconf 89' lang='lat' dir='ltr'>paulo</span> <span class='ocrx_word' id='word_1_287' title='bbox 743 2031 912 2070; x_wconf 86' lang='lat' dir='ltr'>liberior</span> <span class='ocrx_word' id='word_1_288' title='bbox 935 2031 1078 2070; x_wconf 90' lang='lat' dir='ltr'>dolore</span> <span class='ocrx_word' id='word_1_289' title='bbox 1102 2044 1232 2082; x_wconf 88' lang='lat' dir='ltr'>quam</span> <span class='ocrx_word' id='word_1_290' title='bbox 1255 2031 1320 2070; x_wconf 88' lang='lat' dir='ltr'>his</span> <span class='ocrx_word' id='word_1_291' title='bbox 1344 2031 1492 2070; x_wconf 83' lang='lat' dir='ltr'>diebus</span> <span class='ocrx_word' id='word_1_292' title='bbox 1515 2031 1590 2070; x_wconf 80' lang='lat' dir='ltr'>fui.</span> <span class='ocrx_word' id='word_1_293' title='bbox 1642 2031 1755 2071; x_wconf 90' lang='lat' dir='ltr'>Nam</span> <span class='ocrx_word' id='word_1_294' title='bbox 1779 2045 1832 2071; x_wconf 85' lang='lat' dir='ltr'>ex</span> 
     </span>
     <span class='ocr_line' id='line_1_35' title="bbox 228 2085 1832 2137; baseline 0.001 -13"><span class='ocrx_word' id='word_1_295' title='bbox 228 2098 314 2136; x_wconf 93' lang='lat' dir='ltr'>quo</span> <span class='ocrx_word' id='word_1_296' title='bbox 329 2085 615 2136; x_wconf 81' lang='lat' dir='ltr'>Augustinum</span> <span class='ocrx_word' id='word_1_297' title='bbox 631 2085 799 2136; x_wconf 85' lang='lat' dir='ltr'>perfeci,</span> <span class='ocrx_word' id='word_1_298' title='bbox 815 2099 1036 2137; x_wconf 90' lang='lat' dir='ltr'>nunquam</span> <span class='ocrx_word' id='word_1_299' title='bbox 1052 2086 1167 2124; x_wconf 85' lang='lat' dir='ltr'>valui</span> <span class='ocrx_word' id='word_1_300' title='bbox 1182 2099 1234 2125; x_wconf 91' lang='lat' dir='ltr'>ex</span> <span class='ocrx_word' id='word_1_301' title='bbox 1250 2086 1462 2125; x_wconf 88' lang='lat' dir='ltr'>sententia</span> <span class='ocrx_word' id='word_1_302' title='bbox 1482 2099 1490 2132; x_wconf 93' lang='grc'>;</span> <span class='ocrx_word' id='word_1_303' title='bbox 1522 2086 1717 2137; x_wconf 87' lang='lat' dir='ltr'>proxima</span> <span class='ocrx_word' id='word_1_304' title='bbox 1731 2099 1832 2126; x_wconf 85' lang='lat' dir='ltr'>vero</span> 
     </span>
    </p>

    <p class='ocr_par' dir='ltr' id='par_1_10' title="bbox 171 2139 1832 2299">
     <span class='ocr_line' id='line_1_36' title="bbox 171 2139 1832 2190; baseline 0.001 -12"><span class='ocrx_word' id='word_1_305' title='bbox 171 2155 210 2178; x_wconf 92' lang='lat'>10</span> <span class='ocrx_word' id='word_1_306' title='bbox 228 2139 494 2178; x_wconf 88' lang='lat' dir='ltr'>hebdomade</span> <span class='ocrx_word' id='word_1_307' title='bbox 513 2144 557 2178; x_wconf 91' lang='lat' dir='ltr'>et</span> <span class='ocrx_word' id='word_1_308' title='bbox 575 2140 667 2186; x_wconf 88' lang='lat' dir='ltr'>hac,</span> <span class='ocrx_word' id='word_1_309' title='bbox 688 2139 824 2178; x_wconf 83' lang='lat' dir='ltr'>fracto</span> <span class='ocrx_word' id='word_1_310' title='bbox 844 2153 1016 2190; x_wconf 89' lang='lat' dir='ltr'>corpore</span> <span class='ocrx_word' id='word_1_311' title='bbox 1036 2144 1189 2179; x_wconf 88' lang='lat' dir='ltr'>cuncto</span> <span class='ocrx_word' id='word_1_312' title='bbox 1213 2144 1258 2179; x_wconf 92' lang='lat' dir='ltr'>et</span> <span class='ocrx_word' id='word_1_313' title='bbox 1285 2141 1426 2179; x_wconf 90' lang='lat' dir='ltr'>neruis</span> <span class='ocrx_word' id='word_1_314' title='bbox 1445 2139 1564 2179; x_wconf 83' lang='lat' dir='ltr'>velut</span> <span class='ocrx_word' id='word_1_315' title='bbox 1581 2139 1832 2180; x_wconf 85' lang='lat' dir='ltr'>lassitudine</span> 
     </span>
     <span class='ocr_line' id='line_1_37' title="bbox 227 2193 1831 2245; baseline 0.001 -13"><span class='ocrx_word' id='word_1_316' title='bbox 227 2193 415 2245; x_wconf 89' lang='lat' dir='ltr'>quadam</span> <span class='ocrx_word' id='word_1_317' title='bbox 434 2198 478 2233; x_wconf 90' lang='lat' dir='ltr'>et</span> <span class='ocrx_word' id='word_1_318' title='bbox 495 2193 716 2233; x_wconf 89' lang='lat' dir='ltr'>debilitate</span> <span class='ocrx_word' id='word_1_319' title='bbox 735 2193 920 2240; x_wconf 78' lang='lat' dir='ltr'>deiectiS,</span> <span class='ocrx_word' id='word_1_320' title='bbox 940 2195 984 2233; x_wconf 91' lang='lat' dir='ltr'>in</span> <span class='ocrx_word' id='word_1_321' title='bbox 1002 2198 1133 2245; x_wconf 90' lang='lat' dir='ltr'>caput</span> <span class='ocrx_word' id='word_1_322' title='bbox 1151 2194 1296 2233; x_wconf 87' lang='lat' dir='ltr'>decem</span> <span class='ocrx_word' id='word_1_323' title='bbox 1314 2198 1451 2233; x_wconf 86' lang='lat' dir='ltr'>turres</span> <span class='ocrx_word' id='word_1_324' title='bbox 1466 2194 1709 2234; x_wconf 81' lang='lat' dir='ltr'>incumbere</span> <span class='ocrx_word' id='word_1_325' title='bbox 1727 2195 1831 2234; x_wconf 89' lang='lat' dir='ltr'>mihi</span> 
     </span>
     <span class='ocr_line' id='line_1_38' title="bbox 227 2247 1830 2299; baseline 0.001 -12"><span class='ocrx_word' id='word_1_326' title='bbox 227 2247 428 2287; x_wconf 83' lang='lat' dir='ltr'>videntur</span> <span class='ocrx_word' id='word_1_327' title='bbox 451 2248 675 2287; x_wconf 89' lang='lat' dir='ltr'>indicendo</span> <span class='ocrx_word' id='word_1_328' title='bbox 699 2248 885 2299; x_wconf 89' lang='lat' dir='ltr'>pondere</span> <span class='ocrx_word' id='word_1_329' title='bbox 909 2261 958 2287; x_wconf 88' lang='lat' dir='ltr'>ac</span> <span class='ocrx_word' id='word_1_330' title='bbox 982 2249 1092 2287; x_wconf 91' lang='lat' dir='ltr'>mole</span> <span class='ocrx_word' id='word_1_331' title='bbox 1115 2248 1384 2288; x_wconf 88' lang='lat' dir='ltr'>intolerabili.</span> <span class='ocrx_word' id='word_1_332' title='bbox 1437 2248 1517 2288; x_wconf 88' lang='lat' dir='ltr'>Isti</span> <span class='ocrx_word' id='word_1_333' title='bbox 1541 2252 1642 2288; x_wconf 83' lang='lat' dir='ltr'>sunt</span> <span class='ocrx_word' id='word_1_334' title='bbox 1665 2249 1830 2288; x_wconf 83' lang='lat' dir='ltr'>fructus</span> 
     </span>
    </p>
   </div>
   <div class='ocr_carea' id='block_1_9' title="bbox 225 2325 1829 2489">
    <p class='ocr_par' dir='ltr' id='par_1_11' title="bbox 225 2325 1829 2489">
     <span class='ocr_line' id='line_1_39' title="bbox 274 2325 1829 2367; baseline -0.001 -9"><span class='ocrx_word' id='word_1_335' title='bbox 274 2327 371 2359; x_wconf 88' lang='lat'>1305.</span> <span class='ocrx_word' id='word_1_336' title='bbox 402 2325 453 2358; x_wconf 89' lang='lat'>16.</span> <span class='ocrx_word' id='word_1_337' title='bbox 480 2326 705 2358; x_wconf 86' lang='lat' dir='ltr'>Loranienses</span> <span class='ocrx_word' id='word_1_338' title='bbox 716 2338 747 2358; x_wconf 86' lang='grc' dir='ltr'>α.</span> <span class='ocrx_word' id='word_1_339' title='bbox 948 2325 1155 2358; x_wconf 85' lang='lat' dir='ltr'>Alexander.</span> <span class='ocrx_word' id='word_1_340' title='bbox 1180 2325 1239 2357; x_wconf 81' lang='lat' dir='ltr'>Sic</span> <span class='ocrx_word' id='word_1_341' title='bbox 1253 2325 1377 2358; x_wconf 80' lang='lat' dir='ltr'>labitur</span> <span class='ocrx_word' id='word_1_342' title='bbox 1393 2335 1636 2367; x_wconf 75' lang='lat' dir='ltr'>nonnunquam</span> <span class='ocrx_word' id='word_1_343' title='bbox 1651 2326 1829 2365; x_wconf 67' lang='lat' dir='ltr'>Erasmus,</span> 
     </span>
     <span class='ocr_line' id='line_1_40' title="bbox 226 2369 1826 2412; baseline 0.001 -10"><span class='ocrx_word' id='word_1_344' title='bbox 226 2369 328 2402; x_wconf 77' lang='lat' dir='ltr'>etiam</span> <span class='ocrx_word' id='word_1_345' title='bbox 351 2369 389 2401; x_wconf 77' lang='lat' dir='ltr'>in</span> <span class='ocrx_word' id='word_1_346' title='bbox 410 2369 529 2402; x_wconf 76' lang='lat' dir='ltr'>litteris</span> <span class='ocrx_word' id='word_1_347' title='bbox 549 2369 692 2410; x_wconf 76' lang='lat' dir='ltr'>propria</span> <span class='ocrx_word' id='word_1_348' title='bbox 714 2380 820 2402; x_wconf 77' lang='lat' dir='ltr'>manu</span> <span class='ocrx_word' id='word_1_349' title='bbox 842 2369 989 2411; x_wconf 66' lang='lat' dir='ltr'>scriptis.</span> <span class='ocrx_word' id='word_1_350' title='bbox 1170 2377 1224 2409; x_wconf 86' lang='lat'>25.</span> <span class='ocrx_word' id='word_1_351' title='bbox 1248 2369 1449 2402; x_wconf 79' lang='lat' dir='ltr'>conferendi</span> <span class='ocrx_word' id='word_1_352' title='bbox 1473 2381 1514 2401; x_wconf 82' lang='lat' dir='ltr'>a:</span> <span class='ocrx_word' id='word_1_353' title='bbox 1552 2372 1564 2401; x_wconf 85' lang='lat'><strong>?</strong></span> <span class='ocrx_word' id='word_1_354' title='bbox 1583 2370 1826 2412; x_wconf 87' lang='lat' dir='ltr'>componendi.</span> 
     </span>
     <span class='ocr_line' id='line_1_41' title="bbox 229 2412 1823 2455; baseline 0 -10"><span class='ocrx_word' id='word_1_355' title='bbox 229 2414 284 2446; x_wconf 89' lang='lat'>26.</span> <span class='ocrx_word' id='word_1_356' title='bbox 310 2413 422 2446; x_wconf 89' lang='lat' dir='ltr'>otium</span> <span class='ocrx_word' id='word_1_357' title='bbox 438 2413 584 2454; x_wconf 78' lang='lat' dir='ltr'>scripsi:</span> <span class='ocrx_word' id='word_1_358' title='bbox 614 2413 794 2455; x_wconf 87' lang='lat' dir='ltr'>negotium</span> <span class='ocrx_word' id='word_1_359' title='bbox 810 2426 840 2446; x_wconf 83' lang='grc' dir='ltr'>α.</span> <span class='ocrx_word' id='word_1_360' title='bbox 935 2422 988 2455; x_wconf 88' lang='lat'>27.</span> <span class='ocrx_word' id='word_1_361' title='bbox 1016 2413 1079 2446; x_wconf 88' lang='lat' dir='ltr'>otii</span> <span class='ocrx_word' id='word_1_362' title='bbox 1094 2412 1239 2454; x_wconf 73' lang='lat' dir='ltr'>scripsi:</span> <span class='ocrx_word' id='word_1_363' title='bbox 1266 2413 1338 2445; x_wconf 90' lang='lat' dir='ltr'>otio</span> <span class='ocrx_word' id='word_1_364' title='bbox 1355 2425 1385 2445; x_wconf 83' lang='lat' dir='ltr'>a.</span> <span class='ocrx_word' id='word_1_365' title='bbox 1472 2414 1524 2444; x_wconf 88' lang='lat'>28.</span> <span class='ocrx_word' id='word_1_366' title='bbox 1552 2423 1669 2445; x_wconf 87' lang='lat' dir='ltr'>coram</span> <span class='ocrx_word' id='word_1_367' title='bbox 1685 2413 1823 2455; x_wconf 67' lang='lat' dir='ltr'>scripsi:</span> 
     </span>
     <span class='ocr_line' id='line_1_42' title="bbox 225 2467 392 2489; baseline -0.012 0"><span class='ocrx_word' id='word_1_368' title='bbox 225 2467 345 2489; x_wconf 88' lang='lat' dir='ltr'>eorum</span> <span class='ocrx_word' id='word_1_369' title='bbox 362 2470 392 2488; x_wconf 81' lang='lat' dir='ltr'>a.</span> 
     </span>
    </p>
   </div>
   <div class='ocr_carea' id='block_1_10' title="bbox 223 2549 989 3068">
    <p class='ocr_par' dir='ltr' id='par_1_12' title="bbox 225 2549 989 2635">
     <span class='ocr_line' id='line_1_43' title="bbox 274 2549 988 2590; baseline 0.001 -9"><span class='ocrx_word' id='word_1_370' title='bbox 274 2551 371 2582; x_wconf 88' lang='lat'>1305.</span> <span class='ocrx_word' id='word_1_371' title='bbox 402 2559 452 2588; x_wconf 90' lang='lat'>14.</span> <span class='ocrx_word' id='word_1_372' title='bbox 479 2549 658 2590; x_wconf 85' lang='lat' dir='ltr'>Germani]</span> <span class='ocrx_word' id='word_1_373' title='bbox 675 2549 743 2582; x_wconf 87' lang='lat' dir='ltr'>For</span> <span class='ocrx_word' id='word_1_374' title='bbox 758 2550 921 2582; x_wconf 85' lang='lat' dir='ltr'>different</span> <span class='ocrx_word' id='word_1_375' title='bbox 936 2560 988 2582; x_wconf 89' lang='lat' dir='ltr'>as-</span> 
     </span>
     <span class='ocr_line' id='line_1_44' title="bbox 225 2593 989 2635; baseline 0.003 -11"><span class='ocrx_word' id='word_1_376' title='bbox 225 2596 322 2635; x_wconf 86' lang='lat' dir='ltr'>pects</span> <span class='ocrx_word' id='word_1_377' title='bbox 333 2593 368 2625; x_wconf 80' lang='lat' dir='ltr'>of</span> <span class='ocrx_word' id='word_1_378' title='bbox 379 2593 469 2624; x_wconf 90' lang='lat' dir='ltr'>their</span> <span class='ocrx_word' id='word_1_379' title='bbox 479 2593 658 2625; x_wconf 80' lang='lat' dir='ltr'>character</span> <span class='ocrx_word' id='word_1_380' title='bbox 667 2594 709 2625; x_wconf 87' lang='lat' dir='ltr'>cf.</span> <span class='ocrx_word' id='word_1_381' title='bbox 724 2594 788 2635; x_wconf 92' lang='lat' dir='ltr'>Ep.</span> <span class='ocrx_word' id='word_1_382' title='bbox 804 2595 897 2626; x_wconf 85' lang='lat'>1168.</span> <span class='ocrx_word' id='word_1_383' title='bbox 914 2596 989 2626; x_wconf 90' lang='lat' dir='ltr'>18n.</span> 
     </span>
    </p>

    <p class='ocr_par' dir='ltr' id='par_1_13' title="bbox 230 2637 987 2722">
     <span class='ocr_line' id='line_1_45' title="bbox 275 2637 987 2679; baseline 0.004 -12"><span class='ocrx_word' id='word_1_384' title='bbox 275 2637 327 2668; x_wconf 85' lang='lat'>16.</span> <span class='ocrx_word' id='word_1_385' title='bbox 351 2637 521 2676; x_wconf 83' lang='lat' dir='ltr'>Marinus]</span> <span class='ocrx_word' id='word_1_386' title='bbox 560 2637 775 2670; x_wconf 83' lang='lat' dir='ltr'>Caracciola:</span> <span class='ocrx_word' id='word_1_387' title='bbox 828 2647 883 2669; x_wconf 83' lang='lat' dir='ltr'>see</span> <span class='ocrx_word' id='word_1_388' title='bbox 923 2637 987 2679; x_wconf 90' lang='lat' dir='ltr'>Ep.</span> 
     </span>
     <span class='ocr_line' id='line_1_46' title="bbox 230 2681 418 2722; baseline -0.011 -9"><span class='ocrx_word' id='word_1_389' title='bbox 230 2691 320 2722; x_wconf 86' lang='lat'>1302.</span> <span class='ocrx_word' id='word_1_390' title='bbox 342 2681 418 2722; x_wconf 78' lang='lat' dir='ltr'>48n.</span> 
     </span>
    </p>

    <p class='ocr_par' dir='ltr' id='par_1_14' title="bbox 223 2723 989 3068">
     <span class='ocr_line' id='line_1_47' title="bbox 273 2723 989 2765; baseline 0.001 -11"><span class='ocrx_word' id='word_1_391' title='bbox 273 2732 291 2753; x_wconf 93' lang='lat'>2</span> <span class='ocrx_word' id='word_1_392' title='bbox 299 2731 325 2763; x_wconf 82' lang='grc'>5.</span> <span class='ocrx_word' id='word_1_393' title='bbox 353 2723 598 2763; x_wconf 85' lang='lat' dir='ltr'>translatione]</span> <span class='ocrx_word' id='word_1_394' title='bbox 650 2723 775 2757; x_wconf 89' lang='lat' dir='ltr'>Weller</span> <span class='ocrx_word' id='word_1_395' title='bbox 820 2726 989 2765; x_wconf 78' lang='lat' dir='ltr'>suggests,</span> 
     </span>
     <span class='ocr_line' id='line_1_48' title="bbox 224 2766 989 2809; baseline 0.001 -12"><span class='ocrx_word' id='word_1_396' title='bbox 224 2766 309 2797; x_wconf 86' lang='lat' dir='ltr'>with</span> <span class='ocrx_word' id='word_1_397' title='bbox 345 2770 443 2807; x_wconf 84' lang='lat' dir='ltr'>great</span> <span class='ocrx_word' id='word_1_398' title='bbox 477 2767 703 2809; x_wconf 85' lang='lat' dir='ltr'>probability,</span> <span class='ocrx_word' id='word_1_399' title='bbox 740 2767 820 2799; x_wconf 91' lang='lat' dir='ltr'>that</span> <span class='ocrx_word' id='word_1_400' title='bbox 856 2767 925 2798; x_wconf 87' lang='lat' dir='ltr'>this</span> <span class='ocrx_word' id='word_1_401' title='bbox 960 2768 989 2798; x_wconf 87' lang='lat' dir='ltr'>is</span> 
     </span>
     <span class='ocr_line' id='line_1_49' title="bbox 224 2809 987 2852; baseline 0.001 -12"><span class='ocrx_word' id='word_1_402' title='bbox 224 2809 442 2841; x_wconf 86' lang='lat' dir='ltr'>Mosellanus’</span> <span class='ocrx_word' id='word_1_403' title='bbox 455 2810 663 2842; x_wconf 83' lang='lat' dir='ltr'>translation</span> <span class='ocrx_word' id='word_1_404' title='bbox 674 2811 709 2842; x_wconf 77' lang='lat' dir='ltr'>of</span> <span class='ocrx_word' id='word_1_405' title='bbox 719 2810 817 2852; x_wconf 84' lang='lat' dir='ltr'>Greg.</span> <span class='ocrx_word' id='word_1_406' title='bbox 838 2810 987 2842; x_wconf 89' lang='lat' dir='ltr'>Nazian-</span> 
     </span>
     <span class='ocr_line' id='line_1_50' title="bbox 223 2853 987 2895; baseline 0.003 -12"><span class='ocrx_word' id='word_1_407' title='bbox 223 2853 316 2884; x_wconf 81' lang='lat' dir='ltr'>zen&#39;s</span> <span class='ocrx_word' id='word_1_408' title='bbox 339 2853 389 2884; x_wconf 83' lang='lat' dir='ltr'>De</span> <span class='ocrx_word' id='word_1_409' title='bbox 413 2853 571 2894; x_wconf 71' lang='lat' dir='ltr'>theoloyia</span> <span class='ocrx_word' id='word_1_410' title='bbox 593 2854 673 2886; x_wconf 79' lang='lat' dir='ltr'>libri</span> <span class='ocrx_word' id='word_1_411' title='bbox 695 2854 852 2895; x_wconf 74' lang='lat' dir='ltr'>quinque,</span> <span class='ocrx_word' id='word_1_412' title='bbox 874 2854 987 2892; x_wconf 86' lang='lat' dir='ltr'>Basle,</span> 
     </span>
     <span class='ocr_line' id='line_1_51' title="bbox 223 2895 988 2938; baseline 0.001 -11"><span class='ocrx_word' id='word_1_413' title='bbox 223 2895 372 2933; x_wconf 84' lang='lat' dir='ltr'>Froben,</span> <span class='ocrx_word' id='word_1_414' title='bbox 407 2905 501 2936; x_wconf 86' lang='lat'>1523,</span> <span class='ocrx_word' id='word_1_415' title='bbox 532 2897 604 2934; x_wconf 67' lang='lat' dir='ltr'>fol„</span> <span class='ocrx_word' id='word_1_416' title='bbox 643 2897 729 2929; x_wconf 84' lang='lat' dir='ltr'>with</span> <span class='ocrx_word' id='word_1_417' title='bbox 767 2897 820 2928; x_wconf 87' lang='lat' dir='ltr'>his</span> <span class='ocrx_word' id='word_1_418' title='bbox 850 2897 988 2938; x_wconf 84' lang='lat' dir='ltr'>preface</span> 
     </span>
     <span class='ocr_line' id='line_1_52' title="bbox 224 2938 985 2981; baseline 0.003 -11"><span class='ocrx_word' id='word_1_419' title='bbox 224 2942 261 2970; x_wconf 86' lang='lat' dir='ltr'>to</span> <span class='ocrx_word' id='word_1_420' title='bbox 284 2938 344 2970; x_wconf 89' lang='lat' dir='ltr'>the</span> <span class='ocrx_word' id='word_1_421' title='bbox 367 2939 458 2979; x_wconf 89' lang='lat' dir='ltr'>Abp.</span> <span class='ocrx_word' id='word_1_422' title='bbox 479 2940 514 2971; x_wconf 78' lang='lat' dir='ltr'>of</span> <span class='ocrx_word' id='word_1_423' title='bbox 537 2940 674 2977; x_wconf 54' lang='lat' dir='ltr'>Tramas,</span> <span class='ocrx_word' id='word_1_424' title='bbox 710 2951 747 2981; x_wconf 89' lang='lat'>13</span> <span class='ocrx_word' id='word_1_425' title='bbox 771 2941 863 2973; x_wconf 83' lang='lat' dir='ltr'>June</span> <span class='ocrx_word' id='word_1_426' title='bbox 891 2949 985 2981; x_wconf 84' lang='lat'>1522.</span> 
     </span>
     <span class='ocr_line' id='line_1_53' title="bbox 223 2982 987 3023; baseline 0.001 -9"><span class='ocrx_word' id='word_1_427' title='bbox 223 2982 277 3014; x_wconf 89' lang='lat' dir='ltr'>He</span> <span class='ocrx_word' id='word_1_428' title='bbox 294 2982 364 3013; x_wconf 91' lang='lat' dir='ltr'>had</span> <span class='ocrx_word' id='word_1_429' title='bbox 384 2982 568 3023; x_wconf 86' lang='lat' dir='ltr'>published</span> <span class='ocrx_word' id='word_1_430' title='bbox 591 2983 711 3015; x_wconf 89' lang='lat' dir='ltr'>earlier</span> <span class='ocrx_word' id='word_1_431' title='bbox 735 2994 756 3015; x_wconf 91' lang='lat' dir='ltr'>a</span> <span class='ocrx_word' id='word_1_432' title='bbox 778 2983 987 3015; x_wconf 83' lang='lat' dir='ltr'>translation</span> 
     </span>
     <span class='ocr_line' id='line_1_54' title="bbox 223 3025 894 3068; baseline 0.003 -11"><span class='ocrx_word' id='word_1_433' title='bbox 223 3026 258 3058; x_wconf 81' lang='lat' dir='ltr'>of</span> <span class='ocrx_word' id='word_1_434' title='bbox 274 3025 329 3057; x_wconf 85' lang='lat' dir='ltr'>bk.</span> <span class='ocrx_word' id='word_1_435' title='bbox 348 3026 372 3063; x_wconf 87' lang='lat' dir='ltr'>i,</span> <span class='ocrx_word' id='word_1_436' title='bbox 390 3025 540 3067; x_wconf 82' lang='lat' dir='ltr'>Leipzig,</span> <span class='ocrx_word' id='word_1_437' title='bbox 557 3026 603 3058; x_wconf 91' lang='lat' dir='ltr'>M.</span> <span class='ocrx_word' id='word_1_438' title='bbox 621 3026 778 3064; x_wconf 83' lang='lat' dir='ltr'>Lotther‚</span> <span class='ocrx_word' id='word_1_439' title='bbox 799 3035 894 3068; x_wconf 84' lang='lat'>1519.</span> 
     </span>
    </p>
   </div>
   <div class='ocr_carea' id='block_1_11' title="bbox 1056 2549 1826 3067">
    <p class='ocr_par' dir='ltr' id='par_1_15' title="bbox 1109 2549 1749 2593">
     <span class='ocr_line' id='line_1_55' title="bbox 1109 2549 1749 2593; baseline 0.003 -11"><span class='ocrx_word' id='word_1_440' title='bbox 1109 2549 1204 2582; x_wconf 88' lang='grc'><strong>1306.</strong></span> <span class='ocrx_word' id='word_1_441' title='bbox 1230 2559 1260 2581; x_wconf 90' lang='lat'>2.</span> <span class='ocrx_word' id='word_1_442' title='bbox 1287 2549 1379 2589; x_wconf 88' lang='lat' dir='ltr'>misi]</span> <span class='ocrx_word' id='word_1_443' title='bbox 1399 2549 1449 2581; x_wconf 81' lang='lat' dir='ltr'>Cf.</span> <span class='ocrx_word' id='word_1_444' title='bbox 1472 2549 1537 2591; x_wconf 89' lang='lat' dir='ltr'>Ep.</span> <span class='ocrx_word' id='word_1_445' title='bbox 1563 2559 1656 2591; x_wconf 88' lang='lat'>1303.</span> <span class='ocrx_word' id='word_1_446' title='bbox 1678 2561 1749 2593; x_wconf 89' lang='lat'>1-4.</span> 
     </span>
    </p>

    <p class='ocr_par' dir='ltr' id='par_1_16' title="bbox 1063 2593 1826 2687">
     <span class='ocr_line' id='line_1_56' title="bbox 1109 2593 1826 2636; baseline 0.004 -12"><span class='ocrx_word' id='word_1_447' title='bbox 1109 2601 1136 2634; x_wconf 84' lang='lat'>5.</span> <span class='ocrx_word' id='word_1_448' title='bbox 1164 2593 1351 2632; x_wconf 86' lang='lat' dir='ltr'>Hilarium]</span> <span class='ocrx_word' id='word_1_449' title='bbox 1387 2593 1622 2635; x_wconf 84' lang='lat' dir='ltr'>Bertulphus:</span> <span class='ocrx_word' id='word_1_450' title='bbox 1673 2604 1728 2626; x_wconf 85' lang='lat' dir='ltr'>see</span> <span class='ocrx_word' id='word_1_451' title='bbox 1759 2594 1826 2636; x_wconf 89' lang='lat' dir='ltr'>Ep.</span> 
     </span>
     <span class='ocr_line' id='line_1_57' title="bbox 1063 2640 1455 2687; baseline -0.008 -17"><span class='ocrx_word' id='word_1_452' title='bbox 1063 2646 1158 2679; x_wconf 88' lang='lat'>1303.</span> <span class='ocrx_word' id='word_1_453' title='bbox 1176 2640 1273 2679; x_wconf 84' lang='lat'>34—6.</span> <span class='ocrx_word' id='word_1_454' title='bbox 1449 2680 1455 2687; x_wconf 42' lang='lat'><strong>.</strong></span> 
     </span>
    </p>

    <p class='ocr_par' dir='ltr' id='par_1_17' title="bbox 1060 2679 1825 2799">
     <span class='ocr_line' id='line_1_58' title="bbox 1104 2679 1825 2722; baseline 0.003 -11"><span class='ocrx_word' id='word_1_455' title='bbox 1104 2689 1135 2718; x_wconf 85' lang='lat'>9.</span> <span class='ocrx_word' id='word_1_456' title='bbox 1161 2690 1343 2721; x_wconf 87' lang='lat' dir='ltr'>nunquam</span> <span class='ocrx_word' id='word_1_457' title='bbox 1363 2679 1473 2719; x_wconf 78' lang='lat' dir='ltr'>valui]</span> <span class='ocrx_word' id='word_1_458' title='bbox 1493 2680 1542 2712; x_wconf 85' lang='lat' dir='ltr'>Cf.</span> <span class='ocrx_word' id='word_1_459' title='bbox 1565 2680 1631 2722; x_wconf 92' lang='lat' dir='ltr'>Ep.</span> <span class='ocrx_word' id='word_1_460' title='bbox 1656 2690 1749 2721; x_wconf 85' lang='lat'>1303.</span> <span class='ocrx_word' id='word_1_461' title='bbox 1771 2691 1825 2722; x_wconf 87' lang='lat'>42.</span> 
     </span>
     <span class='ocr_line' id='line_1_59' title="bbox 1060 2723 1825 2765; baseline 0.003 -10"><span class='ocrx_word' id='word_1_462' title='bbox 1060 2723 1114 2755; x_wconf 89' lang='lat' dir='ltr'>He</span> <span class='ocrx_word' id='word_1_463' title='bbox 1137 2723 1207 2755; x_wconf 88' lang='lat' dir='ltr'>had</span> <span class='ocrx_word' id='word_1_464' title='bbox 1229 2723 1315 2755; x_wconf 86' lang='lat' dir='ltr'>been</span> <span class='ocrx_word' id='word_1_465' title='bbox 1336 2723 1373 2755; x_wconf 89' lang='lat' dir='ltr'>ill</span> <span class='ocrx_word' id='word_1_466' title='bbox 1394 2724 1431 2755; x_wconf 90' lang='lat' dir='ltr'>in</span> <span class='ocrx_word' id='word_1_467' title='bbox 1456 2732 1534 2765; x_wconf 87' lang='lat'>1521</span> <span class='ocrx_word' id='word_1_468' title='bbox 1562 2727 1644 2756; x_wconf 87' lang='lat' dir='ltr'>too:</span> <span class='ocrx_word' id='word_1_469' title='bbox 1680 2734 1735 2756; x_wconf 88' lang='lat' dir='ltr'>see</span> <span class='ocrx_word' id='word_1_470' title='bbox 1757 2724 1825 2765; x_wconf 84' lang='lat' dir='ltr'>Ep.</span> 
     </span>
     <span class='ocr_line' id='line_1_60' title="bbox 1061 2775 1253 2799; baseline 0 -1"><span class='ocrx_word' id='word_1_471' title='bbox 1061 2776 1155 2799; x_wconf 87' lang='lat'>1222.</span> <span class='ocrx_word' id='word_1_472' title='bbox 1181 2775 1253 2799; x_wconf 88' lang='lat' dir='ltr'>12n.</span> 
     </span>
    </p>

    <p class='ocr_par' dir='ltr' id='par_1_18' title="bbox 1056 2809 1823 3067">
     <span class='ocr_line' id='line_1_61' title="bbox 1106 2809 1823 2850; baseline 0 -9"><span class='ocrx_word' id='word_1_473' title='bbox 1106 2819 1157 2841; x_wconf 89' lang='lat'>12.</span> <span class='ocrx_word' id='word_1_474' title='bbox 1182 2809 1382 2850; x_wconf 80' lang='lat' dir='ltr'>indicendo]</span> <span class='ocrx_word' id='word_1_475' title='bbox 1433 2809 1464 2842; x_wconf 91' lang='lat' dir='ltr'>A</span> <span class='ocrx_word' id='word_1_476' title='bbox 1515 2809 1657 2842; x_wconf 87' lang='lat' dir='ltr'>notable</span> <span class='ocrx_word' id='word_1_477' title='bbox 1708 2809 1823 2842; x_wconf 84' lang='lat' dir='ltr'>form:</span> 
     </span>
     <span class='ocr_line' id='line_1_62' title="bbox 1057 2852 1823 2886; baseline -0.001 -1"><span class='ocrx_word' id='word_1_478' title='bbox 1057 2853 1169 2885; x_wconf 85' lang='lat' dir='ltr'>which</span> <span class='ocrx_word' id='word_1_479' title='bbox 1191 2854 1304 2886; x_wconf 84' lang='lat' dir='ltr'>shows</span> <span class='ocrx_word' id='word_1_480' title='bbox 1327 2854 1407 2885; x_wconf 86' lang='lat' dir='ltr'>that</span> <span class='ocrx_word' id='word_1_481' title='bbox 1427 2854 1464 2885; x_wconf 90' lang='lat' dir='ltr'>in</span> <span class='ocrx_word' id='word_1_482' title='bbox 1487 2853 1547 2885; x_wconf 86' lang='lat' dir='ltr'>the</span> <span class='ocrx_word' id='word_1_483' title='bbox 1569 2852 1681 2885; x_wconf 86' lang='lat' dir='ltr'>hands</span> <span class='ocrx_word' id='word_1_484' title='bbox 1705 2853 1740 2884; x_wconf 77' lang='lat' dir='ltr'>of</span> <span class='ocrx_word' id='word_1_485' title='bbox 1763 2853 1823 2885; x_wconf 88' lang='lat' dir='ltr'>the</span> 
     </span>
     <span class='ocr_line' id='line_1_63' title="bbox 1056 2896 1822 2938; baseline -0.001 -10"><span class='ocrx_word' id='word_1_486' title='bbox 1056 2897 1344 2928; x_wconf 89' lang='lat' dir='ltr'>non-Ciceronian</span> <span class='ocrx_word' id='word_1_487' title='bbox 1362 2896 1557 2928; x_wconf 85' lang='lat' dir='ltr'>humanists</span> <span class='ocrx_word' id='word_1_488' title='bbox 1575 2896 1634 2927; x_wconf 87' lang='lat' dir='ltr'>the</span> <span class='ocrx_word' id='word_1_489' title='bbox 1652 2896 1822 2938; x_wconf 84' lang='lat' dir='ltr'>language</span> 
     </span>
     <span class='ocr_line' id='line_1_64' title="bbox 1058 2939 1819 2981; baseline 0.001 -10"><span class='ocrx_word' id='word_1_490' title='bbox 1058 2950 1128 2972; x_wconf 90' lang='lat' dir='ltr'>was</span> <span class='ocrx_word' id='word_1_491' title='bbox 1154 2940 1263 2981; x_wconf 81' lang='lat' dir='ltr'>living</span> <span class='ocrx_word' id='word_1_492' title='bbox 1289 2939 1360 2971; x_wconf 87' lang='lat' dir='ltr'>and</span> <span class='ocrx_word' id='word_1_493' title='bbox 1390 2939 1493 2972; x_wconf 83' lang='lat' dir='ltr'>could</span> <span class='ocrx_word' id='word_1_494' title='bbox 1520 2939 1631 2980; x_wconf 84' lang='lat' dir='ltr'>adapt</span> <span class='ocrx_word' id='word_1_495' title='bbox 1658 2939 1753 2971; x_wconf 77' lang='lat' dir='ltr'>itself</span> <span class='ocrx_word' id='word_1_496' title='bbox 1781 2943 1819 2972; x_wconf 85' lang='lat' dir='ltr'>to</span> 
     </span>
     <span class='ocr_line' id='line_1_65' title="bbox 1056 2982 1819 3025; baseline 0 -10"><span class='ocrx_word' id='word_1_497' title='bbox 1056 2983 1115 3015; x_wconf 87' lang='lat' dir='ltr'>the</span> <span class='ocrx_word' id='word_1_498' title='bbox 1132 2983 1236 3014; x_wconf 85' lang='lat' dir='ltr'>needs</span> <span class='ocrx_word' id='word_1_499' title='bbox 1253 2983 1289 3015; x_wconf 79' lang='lat' dir='ltr'>of</span> <span class='ocrx_word' id='word_1_500' title='bbox 1311 2983 1518 3025; x_wconf 85' lang='lat' dir='ltr'>expression.</span> <span class='ocrx_word' id='word_1_501' title='bbox 1565 2982 1615 3015; x_wconf 80' lang='lat' dir='ltr'>Cf.</span> <span class='ocrx_word' id='word_1_502' title='bbox 1634 2982 1707 3015; x_wconf 85' lang='lat' dir='ltr'>also</span> <span class='ocrx_word' id='word_1_503' title='bbox 1727 2983 1819 3025; x_wconf 88' lang='lat' dir='ltr'>Epp.</span> 
     </span>
     <span class='ocr_line' id='line_1_66' title="bbox 1060 3026 1435 3067; baseline 0.003 -9"><span class='ocrx_word' id='word_1_504' title='bbox 1060 3027 1144 3067; x_wconf 86' lang='lat'>1378</span> <span class='ocrx_word' id='word_1_505' title='bbox 1175 3035 1228 3065; x_wconf 89' lang='lat'>20,</span> <span class='ocrx_word' id='word_1_506' title='bbox 1251 3027 1343 3067; x_wconf 87' lang='lat'>1381.</span> <span class='ocrx_word' id='word_1_507' title='bbox 1362 3026 1435 3066; x_wconf 89' lang='lat'>378.</span> 
     </span>
    </p>
   </div>
  </div>
 </body>
</html>
