2012 3370
247 169 298 207 86
722 168 977 207 LETTERs
1009 167 1080 207 OF
1112 167 1375 207 ERASMUS

247 279 338 318 viro
367 279 549 331 placent.

1724 170 1847 219 [1522

608 278 784 328 Scripsit
813 276 867 315 ad
897 290 964 316 mc
994 277 1196 317 Caesarea
1227 279 1437 324 maiestaS,
1470 278 1637 329 scripsit
1666 278 1848 318 Ioannes

248 332 440 385 Glapion,
472 333 639 384 scripsit
668 332 1020 383 Archiepiscopus
1049 331 1390 379 Panormitanus,
1424 333 1659 384 Episcopus
1698 333 1844 372 Palen-

246 388 374 434 tinus,
398 387 679 427 Cancellarius
700 386 972 432 Mercurinus,
990 386 1133 424 literas
1153 386 1434 426 humanitatis
1449 387 1608 438 plenas,
1626 387 1849 426 hortantes

186 461 229 491 40
246 454 314 481 me
340 446 389 480 vt
414 454 587 492 pergam
614 441 716 479 meis
742 440 958 479 laboribus
984 453 1232 491 promouere
1258 454 1346 480 rem
1372 441 1615 480 literariam.
1672 441 1848 493 Scripsit

244 495 300 535 ad
328 509 395 535 me
423 499 591 546 praeter
628 495 732 533 alios
769 494 918 533 doctos
954 494 1200 534 Matthaeus
1228 494 1350 534 Card.
1381 495 1650 542 Sedunensis,
1681 497 1849 547 scripsit

245 550 366 589 Card.
415 549 703 601 Moguntinus,
756 562 937 600 cumque
980 549 1044 587 his
1091 549 1162 588 alii
1208 549 1420 600 permulti,
1470 554 1643 601 agentes
1690 551 1849 602 gratias

245 617 499 655 omnemque
530 603 721 643 fauorem
753 616 802 642 ac
833 603 1134 642 liberalitatem
1165 604 1424 655 pollicentes,
1458 604 1574 655 quod
1604 605 1649 643 in
1673 605 1847 656 negocio

245 658 458 698 Ecclesiae
487 671 585 697 eum
613 658 803 697 animum
833 662 1044 709 praestem
1075 671 1201 709 quem
1230 658 1289 697 illi
1319 658 1534 698 volebant.

1594 658 1847 698 Sedunensis

182 733 222 764 45
244 711 369 752 offert
393 713 524 752 etiam
549 713 805 764 quingentos
830 712 1010 752 ducatos
1035 725 1174 751 annue
1199 716 1243 751 et
1268 713 1474 752 viaticum
1499 713 1785 760 honorarium,
1812 713 1847 752 si

245 767 371 806 velim
394 767 509 806 adire
534 766 730 806 Romam.

785 766 897 814 Quid
918 770 1063 806 autem
1086 766 1358 806 inhumanius
1381 780 1511 818 quam
1531 780 1663 818 quum
1684 781 1761 819 ego
1781 781 1847 806 me

242 821 414 861 fecerim
439 821 606 861 hostem
632 821 901 860 Lutheranae
927 822 1073 872 partis,
1102 834 1199 860 cum
1226 821 1328 860 mihi
1353 835 1439 873 pax
1466 823 1521 860 sit
1547 835 1644 860 eum
1670 822 1847 860 summis

243 875 356 915 orbis
370 876 643 927 principibus,
660 876 838 927 discerpi
853 875 908 914 ab
923 889 1007 914 vno
1022 875 1277 915 Carmelita?
1309 875 1391 914 Tot
1406 877 1527 914 annis
1540 877 1628 915 vixi
1643 876 1822 915 Louanii
1839 889 1846 914 :

243 943 353 981 quur
371 934 466 969 tum
484 943 571 969 non
588 930 884 981 impingebant
901 930 1004 969 mihi
1023 943 1181 969 errores
1200 943 1315 969 meos
1333 931 1346 968 2
1402 929 1496 969 Imo
1514 930 1685 969 Atensis
1704 931 1846 969 omnia

185 1006 226 1038 50
243 998 338 1024 mea
362 985 452 1024 sine
477 985 725 1036 exceptione
750 985 963 1036 probauit.
1018 984 1182 1023 Deinde
1206 997 1339 1035 quum
1358 989 1511 1035 rogatu
1536 997 1630 1024 meo
1655 989 1847 1024 notasset

242 1038 328 1078 duo
354 1043 431 1078 aut
457 1040 540 1078 tria
566 1039 671 1085 loca,
699 1038 897 1089 respondi
923 1043 968 1077 et
994 1038 1179 1077 satisfeci
1205 1052 1279 1089 per
1306 1040 1461 1077 omnia.
1518 1038 1642 1077 Nunc
1669 1039 1845 1078 absente

242 1093 418 1132 Caesare
444 1097 599 1144 parant
625 1093 745 1131 abuti
772 1093 1005 1132 autoritate
1031 1106 1107 1131 sua
1132 1094 1176 1130 in
1203 1105 1282 1138 me,
1310 1096 1354 1131 et
1380 1092 1522 1131 vlcisci
1549 1097 1673 1132 vetus
1699 1093 1844 1132 odium

241 1160 378 1186 suum.

297 1202 415 1240 Exiit
442 1214 574 1253 nuper
600 1201 765 1240 libellus
793 1201 1118 1252 Colloquiorum.

1176 1201 1227 1239 In
1254 1201 1333 1240 hoc
1361 1201 1517 1240 clamat
1545 1201 1846 1242 Ecmondanus

185 1279 199 1310 5
207 1279 221 1310 5
242 1269 330 1295 esse
352 1255 563 1307 quaedam
585 1255 811 1295 haeretica.
863 1255 1053 1294 Primum
1073 1257 1118 1294 in
1139 1255 1367 1306 Colloquiis
1388 1269 1474 1294 non
1496 1256 1621 1295 trado
1643 1256 1846 1308 dogmata

242 1310 339 1350 fidei
362 1310 436 1349 sed
457 1310 666 1350 rationem
688 1310 902 1361 loquendi.

954 1310 1042 1349 Nec
1064 1314 1129 1349 est
1150 1309 1209 1348 ibi
1232 1311 1461 1360 quicquam
1484 1310 1582 1357 tale,
1607 1311 1680 1350 sed
1701 1311 1769 1350 ille
1792 1325 1843 1350 ex

242 1377 319 1404 suo
342 1364 440 1404 odio
462 1365 781 1416 interpretatur.
834 1365 931 1403 Non
955 1364 1112 1403 damno
1134 1364 1217 1403 illie
1240 1364 1538 1415 indulgentias,
1563 1378 1639 1404 nec
1663 1378 1844 1417 vsquam

241 1418 346 1458 alias
367 1432 375 1465 ;
414 1418 490 1458 sed
511 1418 686 1470 quidam
709 1418 856 1458 irridet
879 1418 1066 1458 sodalem
1089 1431 1227 1465 suum,
1252 1419 1338 1469 qui,
1364 1432 1496 1470 quum
1520 1423 1630 1458 esset
1652 1420 1842 1471 nugacis-

241 1474 372 1512 simus
405 1478 601 1524 nugator,
635 1477 810 1524 putaret
843 1486 931 1512 sese
965 1473 1105 1511 bullae
1138 1473 1347 1524 praesidio
1381 1486 1502 1524 posse
1536 1475 1755 1524 peruenire
1789 1474 1844 1512 ad

179 1544 225 1575 60
241 1529 418 1567 coelum.
462 1527 776 1567 Confessionern
791 1528 921 1566 etiam
936 1527 1126 1578 approbo
1147 1540 1155 1574 ;
1187 1532 1359 1566 tantum
1374 1541 1478 1578 puer
1493 1527 1596 1567 dicit
1610 1541 1687 1567 suo
1701 1529 1844 1568 animo

241 1583 345 1621 satis
364 1581 454 1621 fore
475 1582 664 1621 confiteri
686 1581 789 1628 Deo,
813 1583 847 1620 si
866 1581 979 1620 idem
1000 1582 1139 1620 visum
1160 1585 1270 1620 esset
1290 1581 1532 1632 proceribus
1554 1582 1778 1629 Ecclesiae,
1801 1587 1845 1622 et

242 1641 387 1675 tamen
405 1636 568 1676 fatetur
587 1649 675 1675 sese
696 1636 886 1675 confiteri
906 1637 1037 1675 etiam
1056 1635 1360 1675 sacerdotibus.
1411 1635 1541 1683 Quasi
1559 1650 1645 1676 non
1665 1638 1721 1676 sit
1740 1638 1844 1676 satis

241 1703 372 1741 puero
403 1690 696 1742 obtemperare
726 1690 981 1741 primatibus
1012 1690 1224 1729 Ecclesiae
1253 1691 1298 1729 in
1328 1690 1583 1738 confitendo,
1615 1695 1693 1730 aut
1723 1692 1844 1742 quasi

240 1745 431 1784 Christus
448 1758 534 1784 non
551 1746 607 1784 sit
623 1758 733 1784 vnus
749 1758 803 1784 ex
819 1745 1062 1796 proceribus
1080 1744 1304 1792 Ecclesiae,
1323 1749 1400 1783 aut
1417 1745 1539 1796 quasi
1556 1745 1659 1784 mihi
1676 1750 1845 1785 constet

178 1815 199 1844 0
204 1822 220 1855 5
240 1813 329 1838 esse
345 1799 573 1838 articulum
589 1799 687 1838 fidei
703 1799 812 1838 hanc
830 1798 1135 1839 confessionem
1152 1812 1241 1838 esse
1252 1800 1498 1838 institutam
1512 1812 1537 1838 a
1550 1799 1738 1839 Christo!
1785 1800 1844 1839 Et

240 1858 386 1893 tamen
404 1853 483 1892 hac
502 1854 607 1892 inre
627 1867 796 1893 sensum
815 1854 945 1892 animi
964 1854 1045 1893 mei
1065 1867 1228 1905 semper
1247 1853 1422 1892 submisi
1440 1853 1596 1893 iudicio
1615 1854 1841 1894 Ecclesiae.

242 1908 425 1955 Quidam
437 1908 521 1947 11110
535 1908 640 1947 dicit
652 1922 695 1948 se
709 1908 846 1948 odisse
860 1909 1007 1959 pisces,
1023 1912 1066 1947 et
1080 1909 1259 1947 miratur
1272 1907 1388 1959 quod
1401 1908 1615 1959 praesules
1628 1909 1843 1948 voluerint

240 1962 425 2014 obligare
444 1975 520 2002 nos
540 1963 597 2001 ad
608 1976 726 2002 esum
739 1964 918 2014 piscium
931 1963 1010 2002 sub
1023 1976 1159 2014 poena
1171 1962 1398 2014 gehennae.
1447 1963 1506 2002 Et
1517 1967 1663 2002 tamen
1676 1964 1750 2014 qui
1763 1963 1842 2002 hoc

239 2016 355 2063 dicit,
373 2016 535 2056 fatetur
550 2030 638 2056 sese
652 2018 909 2068 Epicureum
921 2030 1022 2056 esse.
1055 2017 1310 2068 Quanquam
1322 2030 1399 2056 nec
1411 2017 1490 2057 hoc
1506 2017 1609 2056 mihi
1622 2017 1769 2069 liquet,
1787 2030 1844 2056 an

284 2118 337 2150 37.
363 2108 543 2147 Caesarea]
562 2109 626 2150 Ep.
650 2117 749 2150 1270.

284 2153 336 2192 38.
363 2151 527 2194 Glapion]
545 2152 609 2184 His
626 2152 695 2184 and
713 2151 772 2184 the
789 2155 859 2183 two
875 2151 1002 2184 follow-

237 2196 296 2238 ing
315 2196 435 2228 letters
453 2195 633 2237 evidently
652 2206 739 2227 were
757 2196 793 2227 in
813 2205 945 2227 answer
965 2199 1002 2227 to

238 2239 330 2281 Epp.
364 2248 457 2280 1275,
492 2240 587 2280 1276,
619 2248 725 2280 1273;
766 2238 879 2270 which
907 2242 1003 2271 must

239 2283 328 2314 have
351 2282 439 2315 been
461 2281 636 2314 delivered
659 2282 754 2324 early
775 2283 812 2314 in
836 2282 918 2324 May
942 2282 999 2322 (cf.

238 2327 303 2368 Ep.
324 2328 417 2358 1281.
435 2327 526 2368 23n).

283 2378 337 2408 39.
364 2368 591 2409 Mercurinus]
608 2369 808 2411 Answering
825 2368 885 2401 the
900 2368 1004 2401 letter

237 2413 439 2445 mentioned
453 2413 491 2444 in
507 2413 572 2454 Ep.
594 2415 687 2444 1281.
707 2424 780 2454 2-3.

280 2464 336 2494 41.
363 2455 585 2496 Sedunensis]
612 2456 676 2488 His
702 2456 806 2488 letter
831 2466 901 2488 was
927 2467 1002 2498 per-

237 2499 325 2541 haps
339 2500 376 2531 in
392 2509 524 2532 answer
540 2502 578 2531 to
595 2500 685 2541 Epp.
707 2502 835 2540 1248‚9.

280 2551 336 2581 42.
361 2542 603 2585 Moguntinus]
614 2544 679 2584 Ep.
697 2552 790 2583 1302.
805 2547 891 2586 63-4
905 2553 1000 2575 111011-

236 2586 329 2618 tions
351 2596 445 2618 more
467 2586 555 2618 than
577 2597 641 2618 one
662 2586 788 2618 letter:
824 2587 890 2618 but
911 2597 1001 2619 none

236 2630 271 2661 of
289 2629 359 2661 this
376 2630 496 2671 period
513 2640 571 2662 are
589 2633 726 2662 extant.
766 2629 835 2661 For
851 2640 946 2662 some
966 2630 1002 2662 of

236 2672 296 2704 the
320 2674 432 2714 topics
454 2673 567 2705 raised
583 2684 638 2706 see
654 2673 744 2715 Epp.
766 2682 858 2714 1305.
882 2684 997 2711 10-11,

239 2725 332 2756 1323.
358 2717 486 2754 18-2o;
517 2716 589 2749 and
600 2717 642 2748 cs.
661 2717 727 2758 Ep.
751 2719 844 2757 1308.
866 2727 981 2760 17-22.

279 2766 336 2798 45.
361 2759 476 2799 offert]
493 2760 543 2793 Cf.
561 2760 652 2802 Epp.
674 2768 768 2802 1295,
789 2770 885 2801 1300,
905 2770 1001 2801 1302,

238 2810 332 2842 1305,
353 2811 447 2842 1311,
473 2812 567 2844 1342.
587 2812 739 2842 314-17;
769 2803 839 2835 and

233 2854 309 2886 447.
328 2846 428 2885 596n.
480 2846 524 2878 In
545 2847 650 2878 BRE.
673 2856 750 2885 221,
776 2847 885 2879 dated
906 2847 997 2880 from

234 2887 359 2925 Rome,
380 2897 399 2929 7
419 2888 519 2929 April
541 2898 637 2930 1522,
658 2889 771 2922 Faber
785 2890 942 2932 explains
958 2893 997 2922 at

234 2930 354 2972 length
375 2934 413 2962 to
436 2932 566 2964 Beatus
589 2933 670 2965 that
692 2933 735 2965 he
758 2933 829 2965 had
852 2933 998 2966 advised

234 2973 402 3006 Schinner
412 2978 477 3006 not
488 2978 525 3006 to
538 2975 638 3017 bring
654 2976 819 3008 Erasmus
833 2980 870 3008 to
882 2977 995 3009 Rome

236 3020 275 3049 at
289 3020 438 3059 present.

278 3070 334 3101 49.
360 3060 517 3100 Atensis]
552 3062 619 3094 For
653 3062 723 3094 this
755 3064 925 3095 assertion
958 3063 1002 3095 cf.

855 2814 910 2836 see
929 2804 995 2845 Ep.

1069 2109 1159 2150 Epp.
1176 2110 1243 2151 670
1257 2108 1401 2146 introd,
1421 2118 1512 2150 1225.
1535 2110 1605 2140 118.

1117 2160 1168 2192 51.
1195 2152 1339 2184 absente
1353 2152 1511 2191 Caesare]
1524 2153 1574 2185 Cf.
1590 2153 1655 2194 Ep.
1674 2162 1768 2195 1274.
1786 2164 1836 2187 11.

1118 2204 1170 2235 54.
1196 2196 1469 2237 Colloquiorum]
1490 2196 1552 2228 See
1571 2197 1636 2238 Ep.
1662 2198 1756 2229 1262.

1118 2246 1168 2279 55.
1195 2239 1385 2278 haeretica]
1415 2239 1476 2271 See
1506 2239 1596 2281 Epp.
1632 2240 1726 2278 1296.
1759 2251 1838 2283 2411,

1072 2292 1166 2324 1300.
1188 2293 1285 2324 1-42‚
1309 2292 1401 2323 1301.

1116 2333 1167 2367 57.
1192 2325 1442 2367 indulgentias]
1460 2326 1529 2357 For
1545 2325 1615 2358 this
1633 2326 1775 2359 defence
1793 2327 1837 2359 cf.

1067 2370 1132 2410 Ep.
1151 2371 1226 2410 858.
1243 2371 1352 2410 403-8
1370 2381 1378 2401 ι
1409 2369 1475 2400 but
1489 2369 1526 2401 in
1543 2379 1564 2401 a
1579 2370 1718 2411 private
1734 2370 1840 2402 letter

1066 2414 1146 2454 (Ep.
1179 2413 1254 2454 786.
1286 2414 1344 2453 24)
1377 2412 1544 2444 Erasmus
1573 2413 1603 2444 is
1635 2423 1729 2445 more
1761 2417 1837 2446 out-

1065 2456 1209 2498 spoken.

1113 2500 1164 2540 58.
1191 2499 1346 2531 sodalem
1385 2498 1503 2538 suum]
1546 2499 1666 2541 Colloq.
1710 2500 1837 2539 Form„

1070 2552 1164 2584 1522,
1183 2543 1224 2575 fo·
1246 2545 1303 2575 0⁴:
1336 2553 1357 2574 a
1377 2553 1522 2584 passage
1541 2543 1655 2585 newly
1673 2543 1798 2576 added.

1110 2586 1165 2618 60.
1191 2585 1290 2628 puer]
1313 2586 1413 2624 ibid.‚
1437 2586 1478 2618 f0.
1505 2588 1563 2625 e⁷3
1601 2587 1639 2618 in
1663 2586 1723 2618 the
1749 2587 1838 2619 Gon-

1060 2629 1228 2671 fabulatio
1250 2629 1322 2670 pia,
1343 2629 1416 2662 also
1438 2640 1523 2661 new.
1573 2630 1647 2662 But
1667 2630 1834 2662 Erasmus

1065 2673 1136 2705 had
1157 2673 1299 2715 already
1319 2673 1409 2705 been
1428 2673 1466 2705 111
1487 2673 1686 2705 difficulties
1706 2673 1762 2706 sor
1781 2673 1836 2706 his

1063 2717 1170 2750 views
1187 2727 1232 2749 on
1249 2717 1319 2748 this
1336 2717 1498 2758 question
1513 2729 1520 2748 :
1551 2726 1606 2749 see
1624 2717 1714 2758 Epp.
1737 2726 1749 2748 1
1760 2725 1833 2758 153.

1066 2771 1146 2803 41n,
1165 2769 1258 2801 1225.
1282 2769 1378 2800 119n.

1109 2804 1165 2845 67.
1192 2804 1303 2836 odisse
1345 2802 1472 2845 pisces]
1507 2802 1607 2841 ibid.‚
1639 2802 1674 2834 ff.
1710 2803 1746 2834 h⁵
1779 2807 1834 2841 νῦ,

1066 2846 1126 2879 h⁶:
1173 2857 1195 2879 a
1228 2857 1303 2879 new
1337 2856 1481 2889 passage
1514 2846 1668 2878 inserted
1699 2846 1737 2877 in
1772 2845 1832 2879 the

1064 2890 1221 2966 {igin}
1249 2890 1409 2966 dic'laslogue
1448 2892 1611 2931 amongst
1649 2888 1830 2922 Erasmus‘
1863 2906 1869 2911 ·

1095 2944 1163 2965 aris
1195 2944 1268 2965 rien
1315 2960 1318 2963 ,

1111 2976 1166 3014 69.
1192 2975 1417 3018 Epicureum]
1468 2975 1567 3013 ibid.‚
1611 2974 1646 3006 ff.
1696 2977 1733 3017 g‘
1779 2978 1831 3015 v0,

1067 3018 1089 3051 h
1121 3024 1176 3057 νο,
1210 3020 1256 3051 h2.
1325 3020 1407 3051 This
1441 3029 1510 3051 was
1543 3019 1579 3050 in
1614 3018 1673 3051 the
1711 3019 1833 3052 earlier

1064 3062 1225 3094 editions.
