2012 3370
273 157 352 195 562
749 154 1003 194 LETTERS
1035 154 1107 194 or
1138 153 1402 194 ERASMUS
1752 155 1873 203 [1524

273 278 519 317 supremum
545 264 658 302 diem
685 263 899 302 minitari!
946 262 1035 315 Ego
1062 266 1175 302 certe
1201 262 1326 302 nullis
1353 262 1577 302 annalibus
1604 274 1718 301 cram
1746 261 1875 301 credi-

218 334 253 366 15
273 326 395 360 turus
414 321 498 358 ista
518 331 627 369 quae
647 317 771 356 video
792 318 1026 368 sentioque.

330 373 412 414 Sed
451 373 657 411 bellorum
696 384 746 411 ac
784 371 996 423 religionis
1035 384 1207 411 causam
1246 372 1327 423 ipsi
1365 371 1533 411 Christo
1572 370 1876 410 moderandam

272 429 574 478 relinquamus.
626 425 764 473 Quam
784 425 963 465 feliciter
982 426 1097 465 intra
1116 439 1274 477 paucos
1295 439 1429 465 annos
1450 425 1720 464 effloruerant
1740 425 1878 464 bonae

271 482 446 521 literae!
492 481 655 520 Rursus
681 493 813 532 quam
838 493 991 531 parum
1017 479 1158 520 abfuit
1183 481 1287 532 quin
1313 480 1453 519 denuo
1479 480 1635 519 victrix
1661 478 1878 519 barbaries

272 536 462 576 obruerit
486 535 629 574 omnia
654 538 772 573 recta
797 534 967 573 studia!
1011 534 1166 586 quibus
1190 534 1295 574 nulli
1320 534 1468 574 maiori
1493 533 1751 573 detrimento
1777 537 1877 573 sunt

214 604 255 628 20
272 603 403 642 quam
437 590 481 629 hi
516 590 588 641 qui
624 589 728 628 haec
761 589 927 640 impure
962 588 1121 629 colunt.
1185 589 1352 629 Exoriri
1387 588 1534 628 videas
1568 588 1727 639 passim
1760 591 1876 627 tene-

272 645 441 685 briones
461 643 683 696 quosdam,
713 644 786 694 qui
811 642 935 682 simul
955 647 1087 695 atque
1110 643 1351 683 didicerunt
1373 643 1519 682 decem
1548 642 1679 681 verba
1706 641 1875 688 Latina,

272 699 435 739 Graeca
473 698 572 745 duo,
613 697 832 749 paradoxa
872 710 959 745 seX,
1001 697 1193 738 scribunt
1231 710 1430 750 procaces
1468 695 1644 744 libellos,
1685 697 1877 747 miroque

271 753 494 805 supercilio
523 752 753 792 fastidiunt
781 756 850 792 ‘tot
879 751 1115 792 seculorum
1146 753 1335 792 vnanimi
1367 752 1580 792 sententia
1610 755 1877 791 consecratos

272 813 472 855 autores;
527 806 643 846 haud
682 806 785 846 dum
824 807 910 846 scio
949 807 1161 847 maiorene
1199 806 1507 859 ingratitudine
1545 818 1601 845 an
1638 806 1874 857 impietate.

212 875 252 908 25
273 862 404 902 Putet
423 861 516 901 istis
538 860 657 901 velut
675 861 911 909 indoctum,
939 861 1181 913 vbicunque
1205 874 1292 901 non
1316 860 1539 900 offendunt
1560 859 1632 899 illa
1656 872 1730 899 sex
1754 872 1874 911 para·

271 917 397 964 doxa,
432 918 477 956 in
509 929 619 968 quae
651 929 765 955 nunc
798 916 973 967 quidam
1006 916 1239 955 insaniunt.
1301 915 1470 955 Scilicet
1502 914 1654 954 talium
1687 915 1875 954 virorum

272 975 550 1011 monumenta
593 970 822 1010 reiicienda
865 974 978 1016 sunt,
1023 974 1074 1009 vt
1115 970 1268 1009 horum
1311 970 1404 1009 loeo
1447 968 1692 1008 rabularum
1735 969 1876 1007 nescio

271 1038 453 1077 quorum
473 1026 636 1064 rixosas
656 1025 846 1076 legamus
866 1024 1053 1063 naenias.

327 1079 421 1127 Quo
441 1079 643 1118 libentius
665 1079 744 1118 hoc
765 1078 921 1118 laboris
943 1079 1217 1130 suscepimus,
1241 1082 1291 1118 vt
1313 1078 1600 1129 Hieronymus
1622 1080 1778 1125 noster,
1802 1077 1876 1128 qui

212 1148 253 1179 30
270 1134 435 1185 pridem
457 1133 737 1173 nitidissimus
759 1132 977 1184 prodierat
996 1133 1041 1172 in
1063 1132 1214 1180 lucem,
1237 1145 1351 1172 nunc
1373 1132 1564 1184 prodiret
1584 1131 1771 1171 nitidior.
1823 1130 1873 1170 In

269 1188 349 1228 hoc
376 1187 591 1228 volumine
618 1187 721 1226 nihil
748 1200 890 1226 meum
916 1191 982 1227 est
1006 1191 1175 1239 praeter
1201 1199 1411 1227 censuras.
1466 1186 1555 1226 Nec
1581 1186 1731 1226 statim
1756 1185 1873 1225 fasti·

270 1242 473 1282 diendum
502 1241 615 1294 quod
646 1241 895 1293 Hieronymi
925 1254 1011 1281 non
1038 1246 1132 1289 est;
1175 1254 1277 1280 nam
1304 1240 1437 1280 habet
1464 1240 1567 1280 ordo
1595 1240 1756 1292 primus
1783 1252 1874 1291 per·

271 1297 408 1336 multa
442 1296 549 1336 adeo
582 1309 669 1335 non
702 1295 878 1347 indigna
909 1295 1036 1344 lectu,
1072 1300 1123 1335 vt
1156 1295 1222 1335 vel
1258 1295 1509 1347 Hieronymi
1541 1294 1671 1335 titulo
1705 1299 1876 1333 seruata

271 1351 493 1404 gaudeam.
538 1350 589 1390 In
604 1351 733 1390 tertio
746 1350 852 1390 nihil
866 1350 953 1390 fere
967 1351 1152 1403 comperi
1167 1350 1343 1402 dignum
1357 1351 1401 1389 in
1416 1362 1502 1402 quo
1516 1350 1611 1401 pius
1626 1353 1670 1388 et
1684 1348 1876 1388 eruditus

211 1420 249 1452 35
270 1406 403 1446 lector
433 1410 604 1457 tempus
636 1409 843 1444 conterat.
904 1404 947 1445 Si
978 1405 1046 1444 cui
1076 1418 1162 1445 non
1193 1404 1400 1457 probatur
1431 1408 1625 1444 nostrum
1656 1403 1873 1450 iudicium,

270 1473 357 1500 non
383 1459 516 1499 habet
541 1465 688 1499 tamen
714 1458 829 1511 quod
856 1458 980 1499 nobis
1004 1458 1261 1511 indignetur.
1317 1458 1415 1499 Non
1442 1458 1578 1498 solum
1605 1458 1717 1497 enim
1744 1456 1876 1496 habet

272 1515 415 1554 omnia
456 1527 566 1566 quae
607 1513 777 1565 prodita
817 1512 989 1553 fuerant
1029 1513 1315 1565 superioribus
1355 1513 1534 1552 aliorum
1575 1511 1873 1558 aeditionibus,

271 1582 420 1609 verum
440 1569 571 1608 etiam
591 1568 728 1608 multa
746 1567 828 1607 illis
848 1567 1016 1607 adiecta
1035 1572 1136 1607 sunt
1155 1581 1164 1615 ;
1200 1572 1245 1607 et
1263 1566 1396 1607 habet
1415 1566 1563 1606 eadem
1584 1571 1678 1606 tum
1696 1565 1874 1605 nitidius

271 1636 440 1670 excusa,
476 1627 571 1662 tum
605 1621 872 1661 emendatius
907 1634 1037 1673 quam
1072 1634 1262 1673 vnquam
1297 1626 1426 1661 antea
1458 1620 1630 1661 fuerint.
1693 1620 1772 1660 Per
1807 1633 1874 1659 me

208 1691 253 1723 40
270 1677 415 1717 licebit
443 1682 493 1717 vt
519 1690 596 1716 suo
624 1677 803 1728 quisque
830 1676 986 1715 iudicio
1013 1676 1194 1716 fruatur.
1250 1676 1472 1715 Admoniti
1499 1679 1600 1714 sunt
1628 1676 1701 1726 qui
1728 1673 1875 1713 valent

270 1731 427 1772 iudicio
447 1745 456 1778 ;
497 1730 687 1770 fraudati
712 1743 799 1770 non
824 1734 926 1770 sunt
951 1729 1106 1782 quibus
1131 1730 1327 1782 displicet
1351 1731 1582 1782 quicquam
1609 1729 1764 1768 omitti.

326 1786 479 1825 Precor
500 1789 551 1825 vt
570 1784 779 1824 Dominus
802 1784 921 1824 Iesus
944 1788 1208 1824 senectutem
1230 1789 1366 1832 tuam,
1391 1789 1442 1824 vt
1463 1788 1529 1824 est
1550 1785 1712 1836 pietate
1735 1783 1873 1835 singu-

271 1840 347 1879 lari
370 1839 577 1891 praedita,
600 1840 664 1878 ita
685 1838 879 1878 floridam
903 1852 951 1878 ac
973 1838 1225 1891 longaeuam
1247 1852 1336 1879 esse
1358 1838 1462 1878 velit
1485 1837 1696 1878 Ecclesiae
1718 1850 1832 1878 suae.

327 1894 529 1934 Basileae.
556 1905 615 1933 vr.
641 1893 705 1933 Id.
733 1893 884 1934 Octob.
910 1893 990 1933 An.
1016 1904 1266 1934 M.D.xx11’11.

700 2041 890 2094 15051515
948 2038 1088 2081 FROM
1119 2038 1428 2080 FERDINAND.

317 2131 506 2164 Deventer
522 2129 597 2164 MS.
613 2140 673 2174 91,
693 2129 719 2165 f.
738 2140 757 2164 2
762 2131 805 2173 38
822 2131 886 2173 (a).
1582 2129 1736 2165 Vienna.

318 2187 487 2223 Louvain
503 2187 579 2222 MS.
599 2188 666 2231 (Β).
1483 2198 1523 2222 12
1543 2186 1704 2222 October
1724 2197 1824 2232 1524.

319 2245 432 2282 Gudji
447 2246 639 2291 Epistolae
657 2258 692 2291 p.
713 2247 778 2290 378
796 2247 848 2292 (γ)
865 2260 872 2280 :
907 2246 981 2281 LB.
1000 2255 1081 2291 705.

317 2325 403 2366 [The
421 2326 495 2358 first
509 2335 629 2357 source
644 2325 673 2357 is
689 2336 709 2357 a
726 2328 994 2367 contemporary
1008 2334 1066 2358 ms.
1086 2326 1147 2365 (α),
1165 2325 1314 2367 perhaps
1330 2326 1379 2367 by
1394 2326 1454 2358 the
1470 2325 1564 2358 hand
1580 2326 1617 2358 of
1631 2326 1778 2368 Spiegel,
1794 2326 1871 2359 who

272 2369 458 2410 composed
480 2369 541 2401 the
562 2368 688 2401 letter:
725 2369 802 2406 but,
824 2379 862 2401 as
883 2370 914 2401 it
934 2369 996 2401 has
1018 2369 1154 2401 neither
1174 2369 1235 2401 the
1256 2379 1382 2411 proper
1402 2369 1494 2402 folda
1515 2379 1579 2402 nor
1600 2380 1645 2402 an
1667 2369 1820 2407 address‚
1843 2370 1874 2402 it

273 2416 403 2445 cannot
422 2413 464 2444 be
486 2423 579 2445 more
595 2412 683 2444 than
699 2423 720 2444 a
736 2412 969 2454 rough-draft.
1018 2412 1068 2445 At
1082 2413 1142 2445 the
1158 2416 1222 2454 top
1237 2412 1307 2444 and
1323 2412 1425 2445 down
1441 2412 1502 2445 the
1517 2413 1721 2455 right-hand
1738 2413 1871 2455 margin

272 2456 332 2489 the
347 2467 455 2498 paper
473 2457 535 2488 has
548 2456 697 2488 suffered
713 2468 721 2493 ;
748 2456 814 2488 but
825 2456 887 2489 the
900 2457 1043 2494 missing
1057 2467 1096 2488 or
1108 2456 1294 2489 truncated
1308 2456 1420 2488 words
1433 2466 1497 2488 ean
1511 2456 1553 2489 be
1566 2456 1668 2488 made
1679 2456 1770 2498 good
1783 2456 1871 2488 from

272 2500 421 2532 another
438 2508 496 2532 Ms.
520 2500 584 2539 (Β),
604 2500 716 2532 which
735 2500 844 2532 exists
862 2510 989 2542 among
1009 2499 1223 2532 Cranevelt's
1241 2510 1366 2541 papers
1385 2504 1425 2532 at
1443 2500 1605 2532 Louvain
1626 2499 1742 2538 (Gran.
1766 2499 1870 2540 E.)—

273 2554 294 2576 a
315 2547 581 2584 contemporary
601 2553 691 2584 copy
710 2544 747 2575 in
766 2554 787 2575 a
806 2543 896 2583 good
917 2543 1029 2576 round
1048 2543 1154 2581 hand,
1176 2543 1277 2576 made
1297 2543 1346 2584 by
1365 2553 1430 2576 one
1451 2543 1488 2576 of
1512 2543 1688 2576 Erasmue'
1709 2547 1869 2576 servant-

272 2587 388 2629 pupils
408 2587 477 2619 and
499 2590 578 2619 sent
597 2590 636 2619 to
656 2586 842 2620 Cranevelt
861 2587 919 2626 (ef.
942 2587 1006 2628 Ep.
1033 2588 1143 2629 1546),
1165 2586 1250 2619 with
1269 2587 1331 2620 the
1351 2587 1493 2619 address
1513 2598 1558 2619 on
1579 2586 1640 2619 the
1661 2586 1750 2619 back
1772 2585 1782 2600 ‘
1795 2586 1870 2619 Aen

273 2641 402 2671 mynen
429 2630 540 2663 Heere
570 2630 620 2661 Me-
648 2630 847 2672 Franchoys
874 2630 1070 2668 Craneuelt,
1096 2630 1315 2663 raedtsheere
1340 2641 1410 2663 van
1437 2630 1504 2663 den
1529 2634 1675 2672 grooten
1706 2630 1806 2663 Raede
1834 2634 1871 2663 te

272 2673 460 2711 Mechelen,
475 2673 641 2706 wonende
655 2684 703 2715 vp
717 2678 815 2706 sente
828 2674 1027 2706 Rombouts
1039 2674 1207 2707 kerckhof
1220 2674 1240 2707 ’.
1279 2674 1316 2707 It
1327 2674 1411 2707 thus
1424 2678 1630 2716 represents,
1643 2673 1796 2716 through
1809 2673 1871 2706 the

273 2717 426 2749 medium
446 2717 483 2749 of
501 2727 565 2749 one
585 2717 621 2749 of
639 2716 692 2749 his
711 2718 878 2759 copyists,
897 2717 958 2750 the
975 2717 1081 2751 letter
1098 2717 1211 2750 which
1230 2717 1395 2750 Erasmus
1414 2716 1570 2758 actually
1587 2717 1754 2750 received.
1797 2716 1870 2749 The

272 2761 429 2836 vpriants
444 2760 534 2836 flrom
552 2773 571 2790 α
587 2771 645 2793 are
660 2760 737 2799 few,
754 2761 824 2794 and
840 2761 923 2803 only
938 2771 1003 2794 one
1020 2761 1055 2802 (1.
1076 2764 1130 2804 17)
1145 2761 1234 2794 need
1250 2761 1292 2794 be
1307 2761 1415 2794 taken
1431 2764 1469 2794 to
1483 2760 1595 2803 imply
1609 2771 1681 2803 any
1695 2761 1869 2794 variation

273 2815 292 2836 0
324 2814 480 2846 omgma.

731 2879 787 2909 44.
810 2879 889 2904 111).
909 2878 1020 2902 xxnn
1035 2873 1057 2905 β
1074 2883 1083 2903 :
1111 2879 1333 2903 M.D.xxx1111
1350 2882 1404 2910 αγ.

319 2974 372 3005 25·
398 2965 594 3006 paradoxa]
621 2966 695 2998 The
723 2966 929 3007 equipment
957 2966 994 2998 of
1021 2978 1042 2998 a
1148 2976 1201 3007 32.
1227 2966 1312 2999 ordo
1331 2965 1479 3008 primus]
1498 2967 1567 2999 For
1585 2966 1646 2999 the
1664 2967 1762 2999 three
1781 2967 1866 2999 divi.

274 3007 518 3090 ξὶξῐῐῖῑῗῐξέἐῡῃῗῐι
543 3009 603 3040 the
628 3009 782 3043 schools:
809 3009 852 3041 of.
877 3010 950 3041 also
975 3010 1040 3050 Ep.
1102 3011 1195 3089 {ipris
1214 3010 1250 3041 of
1267 3010 1328 3043 the
1347 3013 1509 3043 contente
1525 3020 1582 3042 see
1600 3009 1665 3051 Ep.
1687 3011 1760 3049 396·
1782 3018 1868 3049 303„
