2012 3370
156 148 278 196 1400]
753 143 825 182 TO
856 143 1099 182 FRANCIS
1130 143 1150 181 I
1673 141 1751 180 353

154 254 403 294 felicitatem
449 252 708 293 inuiderunt.
766 251 938 302 Semper
985 252 1097 290 enim
1145 252 1424 303 expectabam
1474 255 1522 289 vt
1569 252 1613 289 in
1660 254 1750 288 tam
1772 267 1786 298 5

156 309 333 348 diutinis
368 308 572 347 bellorum
605 306 936 357 tempestatibus
970 306 1164 345 alicunde
1198 305 1321 345 nobis
1355 305 1576 356 affulgeret
1610 304 1753 354 aliqua

158 363 274 414 pacis
303 363 519 402 serenitas.
576 360 664 400 Nec
693 372 884 411 vnquam
912 364 1060 400 tamen
1088 360 1322 400 arbitratus
1351 373 1445 399 sum
1474 372 1542 399 me
1571 358 1639 398 vel
1668 357 1753 409 pilo

159 418 298 456 minus
333 417 564 456 obnoxium
598 428 687 454 esse
721 418 822 453 tuae
857 414 1112 466 benignitati
1146 428 1277 465 quam
1311 415 1346 453 si
1379 415 1465 453 iam
1500 414 1754 464 accepissem

159 471 363 522 quicquid
381 484 431 510 ea
449 469 616 509 detulit.
673 468 816 519 Atque
835 470 1070 508 etiamnum
1097 469 1210 508 bona
1228 481 1323 520 spes
1341 472 1406 507 est
1425 468 1544 507 breui
1560 467 1755 506 futurum

160 530 210 565 vt
246 526 358 564 hunc
395 526 440 564 in
475 528 520 563 te
556 524 746 562 animum
783 523 1032 562 certioribus
1069 524 1330 574 argumentis
1366 522 1579 561 declarare
1615 521 1754 561 liceat.
1778 535 1818 559 10

160 579 339 619 Interim
355 579 459 618 dum
475 581 711 618 remoratur
728 578 1040 628 opportunitas,
1060 578 1199 615 visum
1216 580 1282 615 est
1298 577 1423 615 huius
1439 575 1758 627 pollicitationis

161 633 281 673 velut
304 633 554 672 arrabonem
578 632 633 671 ad
656 635 700 671 te
723 632 906 677 mittere,
932 631 1215 682 Paraphrasin
1240 631 1284 669 in
1309 630 1589 681 Euangelium
1612 629 1757 669 Marci.

162 687 230 727 Ad
247 688 327 727 hoc
345 687 506 726 consilii
523 698 777 738 propensum
795 698 843 724 ac
859 685 979 724 velut
996 685 1109 723 vltro
1122 688 1361 723 currentem
1378 685 1589 723 incitabat
1606 687 1651 722 et
1666 684 1760 734 ipsa

162 743 221 781 rei
261 742 549 793 congruentia.
608 740 748 788 Quum
788 740 901 778 enim
940 739 1210 778 Matthaeum
1251 738 1400 778 Carolo
1440 739 1625 789 Principi
1665 750 1760 776 meo

162 795 452 842 dedicassem;
506 795 724 840 Ioannem,
762 807 889 845 quem
926 793 1022 832 ilico
1059 797 1159 844 post
1194 793 1464 832 Matthaeum
1502 805 1595 831 sum
1632 793 1759 830 inter·
1783 806 1817 839 15

163 854 370 901 pietatus,
403 849 672 889 Ferdinando
701 848 839 888 Caroli
869 860 1097 899 germano;
1146 847 1320 894 Lucam,
1353 860 1480 898 quem
1511 847 1640 885 tertio
1670 846 1762 884 loco

163 917 258 944 sum
280 917 512 955 aggressus,
535 903 768 955 Anglorum
790 903 897 953 Regi
917 915 925 941 τ
965 902 1193 941 videbatur
1214 901 1382 940 Marcus
1403 901 1483 940 tibi
1505 901 1689 946 relictus,
1714 903 1763 937 vt

164 962 350 1010 quatuor
381 958 615 1010 Euangelia
646 962 832 1009 quatuor
864 956 976 996 orbis
1008 957 1244 1007 praecipuis
1276 955 1517 994 monarchis
1549 966 1762 994 consecra·

164 1016 324 1052 rentur.
381 1012 525 1064 Atque
559 1013 726 1051 vtinam
762 1024 892 1063 quam
928 1015 1207 1062 congruenter
1240 1011 1415 1050 nomina
1450 1013 1593 1049 vestra
1626 1008 1765 1058 iungit

166 1067 299 1107 codex
338 1066 633 1118 Euangelicus,
673 1070 765 1105 tam
805 1065 1069 1105 concorditer
1106 1069 1281 1117 pectora
1320 1068 1464 1104 vestra
1502 1063 1766 1115 conglutinet
1782 1077 1826 1100 20

167 1122 340 1173 spiritus
364 1120 645 1172 Euangelicus
665 1120 672 1159 !

221 1175 331 1217 Sunt
349 1176 423 1227 qui
442 1175 638 1214 Romano
657 1174 855 1214 Pontifici
873 1174 1068 1214 tribuant
1086 1173 1292 1213 ditionem
1311 1174 1442 1213 etiam
1462 1172 1577 1224 apud
1595 1171 1766 1217 inferos,

168 1234 269 1270 sunt
303 1231 377 1281 qui
411 1230 606 1269 tribuant
640 1230 865 1280 imperium
900 1230 944 1268 in
979 1228 1176 1280 angelos:
1229 1241 1360 1279 quam
1396 1228 1674 1266 autoritatem
1709 1225 1769 1263 illi

168 1288 341 1324 tantum
369 1283 492 1323 abest
519 1288 569 1323 vt
595 1283 875 1329 inuideamus,
906 1287 956 1321 vt
983 1287 1181 1333 optemus
1208 1283 1339 1321 etiam
1368 1281 1629 1333 ampliorem.
1687 1279 1769 1319 Sed

168 1339 335 1378 vtinam
361 1338 470 1377 hanc
496 1338 576 1377 sibi
601 1341 861 1389 potestatem
887 1337 998 1375 illius
1024 1336 1254 1375 salutarem
1280 1337 1439 1375 sentiat
1465 1335 1578 1374 orbis
1602 1336 1647 1373 in
1673 1346 1768 1373 con·
1789 1349 1805 1371 2
1813 1349 1826 1380 5

169 1393 352 1432 cilianda
383 1392 690 1443 retinendaque
723 1404 869 1442 regum
903 1390 1154 1430 concordia!
1205 1392 1279 1441 qui
1312 1390 1479 1429 tamdiu
1513 1401 1680 1428 summa
1712 1388 1771 1426 rei

170 1447 434 1487 Christianae
462 1447 645 1498 pernicie
674 1459 760 1485 non
789 1446 929 1484 minus
957 1444 1093 1484 foedis
1122 1457 1252 1496 quam
1281 1444 1483 1483 feralibus
1513 1443 1633 1482 bellis
1661 1443 1772 1481 inter

170 1503 284 1552 ipsos
310 1500 622 1540 conflictantur.
682 1500 740 1539 Et
765 1500 935 1539 interim
962 1512 1209 1538 execramur
1235 1512 1283 1538 ac
1311 1498 1573 1538 deuouemus
1598 1498 1771 1536 Turcas.

173 1555 296 1603 Quod
315 1559 460 1595 autem
479 1554 771 1607 spectaculum
789 1555 952 1605 gratius
971 1554 1160 1593 exhiberi
1178 1557 1351 1605 poterat
1368 1553 1529 1599 Tureis,
1550 1556 1628 1590 aut
1646 1552 1681 1590 si
1700 1551 1773 1602 qui

173 1614 273 1650 sunt
300 1611 374 1661 qui
401 1610 521 1661 peius
539 1609 692 1648 volunt
718 1609 880 1648 nomini
906 1608 1160 1655 Christiano,
1189 1620 1320 1659 quam
1347 1608 1449 1646 treis
1475 1607 1598 1657 longe
1625 1605 1772 1645 floren·
1795 1619 1835 1649 30

173 1665 360 1704 tissimos
388 1665 522 1703 totius
553 1664 749 1714 Europae
779 1662 1031 1702 monarchas
1060 1662 1304 1702 exitialibus
1333 1661 1517 1701 dissidiis
1545 1662 1657 1700 inter
1686 1673 1774 1698 sese

176 1719 419 1758 committi?
479 1718 561 1757 Vix
587 1718 691 1757 mihi
717 1717 951 1769 persuadeo
977 1729 1222 1768 quenquam
1249 1729 1338 1755 esse
1364 1720 1456 1755 tam
1482 1715 1773 1754 truculentum

176 1773 372 1819 Turcam,
418 1774 492 1823 qui
536 1772 631 1823 plus
674 1772 884 1811 malorum
927 1773 1183 1822 imprecetur
1227 1770 1477 1810 Christianis
1521 1782 1651 1820 quam
1695 1769 1776 1818 ipsi

177 1828 362 1867 vicissim
393 1826 592 1878 infligunt
623 1826 715 1865 sibi.
773 1826 922 1877 Neque
954 1826 1180 1876 quisquam
1211 1826 1382 1864 interim
1414 1825 1603 1863 exoritur
1634 1821 1776 1874 pacifi-

179 1885 310 1928 cator,
349 1882 423 1932 qui
459 1885 551 1920 tam
587 1881 741 1932 impios
776 1893 916 1919 rerum
954 1883 1097 1919 motus
1133 1880 1367 1918 autoritate
1404 1891 1481 1918 sua
1518 1880 1749 1928 componat
1769 1889 1776 1922 ;
1798 1890 1835 1921 35

179 1949 312 1987 quum
332 1949 419 1975 non
438 1935 578 1974 desint
598 1936 671 1986 qui
690 1936 907 1985 instigent,
930 1935 1088 1985 quique
1108 1933 1260 1980 oleum,
1283 1933 1398 1984 quod
1419 1934 1554 1979 aiunt,
1576 1932 1779 1970 adiiciant

181 2003 361 2029 camino.

235 2045 333 2084 Non
356 2048 422 2083 est
445 2056 586 2082 meum
611 2043 736 2082 vllius
759 2044 894 2094 partis
918 2055 1089 2082 causam
1114 2055 1208 2081 meo
1232 2041 1490 2093 praeiudicio
1514 2040 1581 2079 vel
1605 2052 1782 2091 grauare

183 2099 250 2138 vel
283 2098 517 2138 subleuare.
575 2097 670 2138 Scio
703 2110 823 2136 suam
857 2098 1009 2149 cuique
1042 2110 1214 2136 causam
1248 2097 1382 2135 videri
1413 2096 1704 2141 iustissimam,
1739 2097 1783 2132 et

181 2153 320 2192 fateor
340 2154 385 2192 in
406 2152 649 2192 huiusmodi
669 2151 835 2191 iudiciis
855 2152 950 2203 plus
971 2151 1130 2190 fauoris
1151 2151 1282 2190 tribui
1304 2150 1435 2190 solere
1456 2151 1493 2189 ei
1515 2150 1589 2201 qui
1610 2147 1784 2199 depellit
1800 2161 1845 2192 40

182 2207 347 2247 illatam
372 2208 571 2247 iniuriam
597 2219 728 2258 quam
754 2207 828 2257 qui
852 2205 994 2245 infert.
1053 2206 1136 2246 Sed
1161 2210 1308 2244 tamen
1333 2217 1588 2256 magnopere
1615 2203 1784 2254 cupiam

184 2266 235 2301 vt
273 2274 419 2301 omnes
458 2261 686 2302 Christiani
724 2261 934 2312 principes
971 2260 1077 2300 illud
1116 2260 1232 2311 apud
1272 2273 1360 2299 sese
1399 2259 1510 2298 veris
1548 2256 1786 2296 rationibus

185 2316 444 2368 expendant,
483 2328 614 2367 quani
650 2316 797 2366 ingens
833 2315 998 2354 lucrum
1034 2314 1182 2354 fecerit
1218 2315 1411 2365 quisquis
1448 2312 1601 2352 maluit
1636 2323 1785 2362 pacem

186 2372 378 2422 iniquam
405 2370 604 2422 amplecti
631 2382 761 2421 quam
789 2369 946 2408 bellum
973 2370 1275 2420 aequissimum
1302 2368 1510 2419 persequi.
1569 2365 1681 2413 Quid
1707 2364 1786 2402 hac

189 2429 334 2464 nostra
370 2426 463 2464 vita
497 2424 700 2476 fragilius,
738 2424 843 2475 quid
879 2424 1062 2470 breuius,
1100 2423 1204 2474 quid
1242 2423 1560 2462 calamitosius?
1622 2419 1787 2459 Omitto
1805 2432 1844 2462 45

189 2483 256 2519 tot
273 2479 517 2518 morborum
534 2491 700 2530 genera,
719 2482 787 2517 tot
803 2479 991 2525 iniurias,
1010 2482 1079 2517 tot
1096 2491 1231 2524 casus,
1251 2481 1319 2516 tot
1335 2476 1489 2515 fatales
1506 2474 1788 2518 calamitate&

190 2534 468 2584 pestilentias,
488 2533 683 2580 fulmina,
700 2537 997 2579 terraemotus,
1014 2532 1223 2578 incendia,
1242 2530 1566 2575 exundationes,
1587 2527 1787 2577 reliquas-

191 2600 273 2638 que
299 2587 578 2634 calamitates,
606 2599 787 2638 quarum
814 2599 950 2637 neque
977 2586 1129 2625 modus
1154 2590 1219 2624 est
1244 2598 1381 2635 neque
1406 2595 1620 2622 numerus.
1677 2580 1789 2619 Nam

190 2643 302 2680 inter
331 2642 473 2680 omnia
502 2641 615 2680 mala
644 2641 799 2692 quibus
828 2640 1108 2679 discruciatur
1136 2641 1229 2678 vita
1258 2638 1516 2683 mortalium,
1547 2635 1653 2674 nihil
1682 2634 1791 2673 bello

191 2694 448 2742 sceleratius
474 2695 579 2734 nihil
604 2696 825 2734 nocentius
845 2708 853 2741 ;
895 2694 1012 2745 quod
1037 2695 1222 2733 atrocius
1247 2693 1425 2732 exitium
1450 2691 1580 2730 infert
1605 2689 1791 2729 moribus
1813 2702 1853 2733 50

811 2817 864 2848 29.
889 2807 1023 2848 gratius
1040 2807 1114 2839 add.
1134 2809 1167 2840 β.

240 2949 271 2979 6.
297 2942 481 2982 bellorum]
498 2942 549 2974 Cf.
570 2941 636 2983 Ep.
660 2948 752 2982 1345.
777 2950 830 2984 3n.
1079 2943 1128 2972 16.
1156 2936 1302 2976 Lucam]
1319 2937 1383 2979 Ep.
1406 2938 1498 2977 1381.

245 3000 294 3031 14.
320 2985 557 3024 Matthaeum]
574 2985 639 3027 Ep.
664 2993 757 3026 1255.
1077 2993 1128 3026 43.
1155 2980 1292 3023 pacem]
1312 2981 1362 3013 Cf.
1383 2981 1448 3023 Ep.
1468 2990 1558 3014 1211.
1578 2989 1663 3021 5393
1695 2979 1795 3012 refer-

246 3043 295 3074 15.
322 3029 505 3070 Ioannem}
524 3030 589 3071 Ep.
613 3037 706 3070 1333.
1033 3027 1109 3068 ring
1122 3030 1160 3058 to
1174 3026 1241 3059 Cic.
1257 3025 1354 3058 Fam.
1369 3027 1400 3058 6.
1415 3028 1446 3058 6.
1465 3033 1491 3065 5.

258 3104 354 3134 452=5
963 3094 992 3123 A
1018 3096 1044 3123 a
