2012 3370
280 177 359 216 610
754 178 1009 217 Lurrfflzs
1040 177 1112 217 OF
1141 176 1406 216 ERASMUS
1754 178 1877 226 [1524

278 300 407 338 quam
438 287 545 325 duos
575 287 642 326 hic
673 299 764 337 ago,
798 290 985 325 semotus
1016 299 1042 324 a
1071 284 1292 332 Frobenio,
1325 286 1405 324 nisi
1435 285 1551 336 quod
1582 284 1878 324 beneuolentia

277 354 422 379 sumus
453 341 799 379 coniunctissimi.
860 340 969 379 Viuo
1000 353 1094 378 meo
1125 343 1313 390 sumth.
1374 339 1456 378 Pro
1486 339 1632 378 decem
1663 338 1878 377 mensibus

216 408 254 440 55
277 395 431 446 quibus
450 395 566 445 apud
584 395 703 433 illurn
723 396 801 446 egi,
822 395 929 433 solui
949 398 1121 433 centum
1140 398 1184 432 et
1203 394 1516 444 quinquaginta
1534 405 1696 432 aureos

330 448 496 487 Literae
521 462 627 499 quas
651 448 824 487 nolebas
847 449 1030 487 incidere
1054 449 1098 487 in
1123 460 1274 486 manus
1298 447 1508 494 Frobenii,
1533 460 1609 499 per
1630 446 1751 486 illum
1775 446 1879 485 mihi

274 502 466 541 redditae
485 507 586 541 sunt
601 517 610 549 ;
641 508 685 542 et
696 504 731 542 is
744 504 815 554 qui
830 503 1040 542 Frobenio
1055 502 1254 548 reddidit,
1268 505 1523 553 μυστικώτερα
1536 506 1732 540 narrarat
1747 513 1878 551 quam

275 560 394 595 erant
426 558 470 596 in
501 557 661 597 literis:
710 558 814 596 satis
845 556 1081 608 apparebat
1111 556 1255 595 literas
1286 555 1414 594 fuisse
1445 557 1693 607 resignatas.
1755 554 1879 602 Quod

273 614 419 649 tamen
442 623 468 648 a
490 611 699 649 Frobcnio
721 624 807 650 non
829 624 918 650 esse
940 611 1105 649 factum
1127 614 1243 649 certo
1265 611 1364 648 scio.
1416 609 1531 648 Nihil
1553 609 1626 648 illo
1648 609 1877 660 syncerius.

213 671 255 699 (ιο
273 663 463 703 Stultum
486 670 550 704 cst
571 679 684 704 nunc
706 665 886 704 scribere
907 665 1023 716 quod
1043 664 1150 703 nolis
1171 664 1306 715 prodi.
1358 663 1510 703 Velum
1530 663 1680 714 templi
1702 664 1879 701 scissum

272 722 350 765 est,
371 719 605 758 efferuntur
624 720 780 767 omnia,
800 721 930 758 etiam
950 732 1059 770 quae
1079 718 1288 757 sacerdoti
1306 718 1462 756 dixen's
1480 719 1522 756 in
1543 716 1879 756 sacramentalis-

272 773 380 811 sima
400 773 673 812 confessione.
724 774 885 813 Caueat
906 774 985 812 sibi
1006 774 1198 824 quisquc,
1221 772 1430 810 Dominus
1451 773 1582 810 venit.
1633 772 1748 810 Bene
1769 770 1878 817 vale,

272 828 337 866 vir
356 828 529 878 optime.
579 828 768 867 Basileae
790 840 853 879 17.
875 828 960 868 Cal.
983 828 1216 874 Ianuarias,
1238 827 1318 865 An.
1340 837 1577 865 M.D.XX1111

719 970 916 1012 15251529.
979 970 1049 1011 To
1080 969 1216 1010 PAUL
1247 968 1388 1010 VoLz.

319 1060 420 1104 Opus
439 1060 690 1104 Epistolarum
710 1072 744 1105 p.
765 1063 845 1104 803.
1580 1058 1698 1093 Basle.

316 1117 363 1152 N.
383 1129 418 1162 p.
436 1119 530 1162 766:
564 1118 680 1153 Lond.
700 1119 775 1153 xxi.
795 1129 814 1152 2
833 1133 839 1152 2
874 1118 948 1153 LB.
968 1128 1049 1161 720.
1442 1117 1480 1150 18
1501 1116 1704 1150 December
1726 1126 1825 1162 1524.

568 1221 770 1249 ERASMVS
799 1221 897 1249 ROT.
929 1220 1072 1248 PAVLO
1103 1219 1260 1247 VOLZIO
1291 1218 1455 1246 ABBATI
1485 1218 1519 1247 S.
1539 1220 1582 1246 D.

324 1279 388 1318 ET
408 1279 487 1317 tibi
508 1283 585 1318 tua
608 1293 711 1318 crux
731 1279 906 1318 ferenda
927 1283 1006 1325 est,
1031 1291 1055 1317 o
1079 1278 1201 1324 bone,
1225 1278 1260 1316 si
1283 1278 1348 1315 vis
1369 1290 1543 1328 regnare
1567 1291 1663 1316 cum
1681 1277 1848 1317 Christo
1865 1290 1873 1323 ;

268 1346 293 1371 a
316 1346 402 1384 qua
423 1347 499 1373 nec
522 1334 680 1384 pedum
704 1335 901 1385 quamuis
924 1332 1177 1379 venerabile,
1202 1345 1278 1370 nec
1302 1333 1430 1370 mitra
1453 1332 1636 1370 bicornis
1658 1345 1735 1371 nec
1757 1332 1874 1371 anuli

267 1391 311 1426 te
330 1387 586 1427 liberabunt.
636 1388 700 1426 De
720 1401 906 1439 paupere
924 1400 1055 1438 regno
1073 1386 1124 1425 113
1143 1391 1221 1425 est.
1271 1386 1366 1424 Etsi
1386 1387 1621 1424 maximum
1642 1390 1766 1434 esset,
1788 1387 1874 1425 3010

269 1446 392 1480 tuum
411 1444 602 1481 animum
620 1443 685 1481 his
703 1443 829 1481 rebus
848 1455 934 1480 non
953 1453 1207 1492 magnopere
1227 1441 1497 1479 commoneri.
1563 1441 1610 1478 {e
1630 1441 1873 1492 comperisti

231 1513 245 1544 5
266 1509 319 1534 ne
343 1500 550 1547 tyrannos
575 1497 748 1547 quidem
772 1509 861 1535 esse
885 1496 1052 1542 liberos,
1079 1495 1234 1546 quibus
1257 1507 1447 1545 regnum,
1475 1495 1605 1532 etiam
1631 1507 1727 1533 cum
1751 1494 1870 1541 libet,

267 1549 476 1601 deponere
492 1551 701 1589 nonlicet.
750 1550 1005 1589 Constanter
1020 1550 1212 1588 recusaui
1226 1548 1551 1586 Thesaurariam
1567 1548 1869 1587 Turonensem.

268 1603 353 1642 Res
369 1608 460 1642 erat
476 1609 520 1643 et
535 1604 749 1643 liberrima
765 1609 809 1643 et
823 1604 1110 1655 paratissima,
1128 1606 1362 1653 prouentus
1381 1604 1634 1653 τούλάχιστον
1649 1603 1872 1653 quingenti

267 1660 471 1697 coronati.
530 1658 640 1697 Nolo
670 1658 747 1697 bos
777 1658 967 1697 clitellas.
1027 1657 1182 1696 Vtrum
1211 1661 1261 1694 tu
1293 1660 1507 1706 sceptrum
1537 1660 1662 1695 tuum
1694 1669 1791 1695 cum
1821 1669 1871 1695 ea

267 1712 510 1751 conditione
538 1715 882 1751 commutasses?
930 1712 1114 1750 Etiamsi
1140 1711 1288 1762 pensio
1315 1709 1560 1761 designetur
1587 1711 1692 1748 satis
1719 1722 1869 1761 aequa,

210 1784 247 1805 10
265 1779 351 1805 non
369 1779 533 1817 semper
550 1767 752 1817 penditur
769 1766 886 1818 quod
903 1766 1104 1817 pangitur
1124 1777 1133 1804 :
1167 1763 1367 1816 quodque
1385 1768 1448 1802 est
1469 1764 1658 1802 omnium
1676 1765 1871 1815 grauissi-

266 1833 397 1868 mum,
428 1821 502 1872 qui
530 1825 744 1872 quaerunt
770 1820 949 1867 laedere,
981 1820 1139 1858 crimen
1167 1822 1426 1869 praetexunt
1455 1831 1555 1857 suae
1584 1817 1789 1865 maliciae,
1821 1822 1871 1857 vt

266 1874 469 1926 probrum
496 1875 673 1914 accedat
698 1875 856 1913 damno
882 1875 1066 1925 grauius.

320 1929 514 1980 Epistola
538 1941 624 1980 qua
648 1929 795 1967 scribis
817 1933 861 1967 te
885 1933 1030 1967 ternas
1054 1927 1215 1966 misisse
1238 1925 1396 1972 literas,
1422 1925 1526 1963 mihi
1549 1926 1680 1964 tertia
1702 1924 1872 1964 reddita

265 1986 341 2022 est.
394 1982 549 2033 Itaque
570 1996 655 2021 vna
676 1983 893 2021 duntaxat
912 1982 1051 2032 periit.
1102 1980 1166 2018 De
1189 1979 1198 1994 ‘
1217 1979 1435 2030 amphibio
1456 1978 1465 1994 ⁹
1488 1978 1734 2029 suspicabar
1754 1978 1871 2030 quod

206 2055 241 2086 15
266 2036 425 2083 scribis,
445 2037 526 2075 nisi
545 2036 661 2087 quod
680 2049 766 2074 non
786 2037 890 2075 satis
909 2034 1157 2074 oiuinabam
1177 2033 1281 2084 quid
1302 2033 1381 2072 sibi
1404 2032 1533 2072 vellet
1556 2033 1565 2048 ‘
1584 2031 1824 2071 scholarum
1844 2033 1866 2071 ’.

264 2090 377 2129 Nam
397 2093 565 2141 ἀμφίβια
586 2091 788 2129 dicuntur
807 2090 1044 2128 animantia
1063 2101 1173 2139 quae
1192 2089 1237 2126 in
1257 2092 1439 2137 Vtroque
1459 2088 1615 2125 viuunt
1643 2087 1866 2140 elemento,

264 2143 399 2183 veluti
433 2145 630 2183 crocodili
663 2149 707 2183 et
740 2144 914 2195 phocae.
977 2142 1141 2183 Deinde
1173 2143 1285 2181 irata
1319 2141 1610 2180 Grammatico.
1643 2142 1869 2192 scripseras

264 2200 430 2248 (ἷμφῖβιο
447 2211 523 2249 PI'O
540 2201 725 2250 ἀμφιβίῳ.

317 2252 382 2291 De
410 2254 503 2291 vita
530 2265 636 2300 mea.
667 2265 797 2303 quam
825 2251 928 2290 mihi
955 2251 1208 2301 longaeuam
1235 2250 1431 2300 precaris,
1461 2248 1618 2287 viderit
1646 2247 1866 2294 Christus;

202 2326 245 2347 20
263 2319 340 2357 ego
369 2307 503 2345 sciens
531 2320 608 2345 nec
637 2307 693 2344 ad
721 2306 919 2344 dextram
948 2304 1172 2343 deflectam
1200 2317 1277 2342 1100
1306 2303 1362 2341 ad
1390 2303 1619 2341 sinistram.
1678 2302 1867 2341 Istorum

262 2361 475 2399 tumultus
497 2374 700 2412 quorsum
722 2360 889 2399 euasuri
911 2360 998 2398 sint·
1018 2359 1171 2397 nescio.
1222 2357 1289 2396 Ab
1311 2357 1377 2395 his
1398 2369 1476 2408 ego
1496 2357 1582 2394 iam
1603 2369 1689 2394 non
1710 2355 1868 2395 iudicio

262 2418 435 2453 tantum
470 2415 752 2453 verumetiam
785 2414 984 2465 religione
1018 2412 1225 2451 abstineo.
1290 2410 1402 2457 Quid
1435 2411 1471 2449 si
1504 2410 1619 2448 Deus
1653 2422 1729 2460 per
1760 2411 1866 2449 istos

263 2470 467 2519 corrigere
487 2469 582 2507 vult
602 2473 793 2507 nostram
813 2469 857 2506 in
878 2467 1000 2506 malis
1019 2466 1302 2518 peruicaciam
1323 2468 1339 2503 ‘?

316 2522 620 2562 Melanchthon
668 2522 814 2561 scribit
859 2525 1052 2560 nostram
1093 2521 1302 2569 Διατριβὴν
1343 2519 1474 2557 etiam
1531 2516 1865 2569 Vuittenbergac

204 2597 218 2606 τ
263 2578 526 2627 aequissimis
550 2577 702 2615 animis
726 2580 963 2626 exceptam.
1017 2574 1223 2613 Fremunt
1246 2572 1403 2612 stolidi.
1455 2570 1798 2622 Thrasymachus
1822 2575 1867 2610 et

263 2630 457 2669 Eubulus
492 2644 579 2669 non
615 2630 777 2669 audent
820 2628 1006 2681 proferre
1050 2632 1194 2679 caput,
1232 2628 1434 2677 vtrinque
1469 2625 1690 2676 lapidandi
1725 2626 1761 2664 si
1797 2624 1866 2663 vel

310 2757 405 2789 1528.
432 2765 484 2798 53.
509 2756 565 2788 hie
581 2755 663 2797 ago]
679 2755 722 2787 In
738 2755 792 2787 his
815 2755 923 2787 house
946 2754 1031 2786 that
1096 2752 1227 2785 annual
1255 2751 1485 2792 expenditure
1512 2750 1548 2782 of
1573 2752 1641 2782 600
1666 2749 1798 2787 florins,
1825 2760 1863 2782 as

261 2799 305 2832 he
321 2799 391 2832 had
407 2800 530 2832 rented
550 2799 641 2832 from
663 2799 824 2831 Froben:
863 2808 920 2830 300
936 2797 1027 2840 ΕΡΡ.
1094 2796 1214 2829 stated
1230 2796 1266 2826 in
1282 2795 1348 2836 Ep.
1370 2803 1464 2833 1470.
1485 2802 1581 2826 20-1.

265 2846 360 2882 1289.
379 2852 457 2883 33n,
478 2846 574 2883 1316.
593 2846 647 2883 38.
1142 2842 1194 2881 56.
1219 2837 1372 2876 Literae]
1388 2838 1462 2869 Not
1474 2840 1613 2869 extant.

307 2884 904 2970 ⁵4212¹Z³53²33¹1¹2¹111253323iff¹1³333¹333
922 2893 999 2926 ³³¹¹·
1098 2884 1302 2966 117253935312
1321 2882 1374 2913 De
1391 2891 1544 2923 ³³²qu
1559 2877 1682 2922 ΨΟ]
1699 2877 1750 2912 Cf·
1769 2879 1862 2911 Stat.

309 2981 361 3012 55.
386 2973 525 3012 aureos]
551 2973 635 3005 This
662 2973 788 3014 charge
814 2971 851 3004 of
881 2979 917 3012 15
945 2970 1028 3013 gold
1141 2972 1172 3001 6.
1198 2967 1479 3007 Thesaurariam]
1494 2967 1557 3000 See
1571 2966 1637 3007 Ep.
1656 2973 1846 3005 1434.19n.

261 3015 378 3047 florins
400 3026 421 3047 a
443 3016 567 3048 mouth
587 3015 642 3047 for
664 3015 773 3048 board
795 3014 866 3047 and
886 3014 1029 3057 lodging
1141 3016 1172 3045 8.
1197 3011 1304 3050 Nolo]
1318 3011 1369 3044 Cf.
1384 3011 1450 3052 Ep.
1470 3012 1564 3049 1481.
1581 3011 1658 3049 3811.

261 3069 344 3101 may
362 3059 404 3091 be
419 3059 555 3101 gauged
573 3058 621 3100 by
637 3059 857 3100 comparison
872 3058 959 3090 with
976 3057 1029 3089 his
1141 3066 1195 3096 24.
1219 3052 1484 3091 Melanehthon]
1494 3054 1557 3088 See
1566 3052 1632 3094 Ep.
1647 3059 1742 3092 1500.
1759 3061 1857 3092 42-3.
