2012 3370
248 133 328 171 354
723 128 978 168 LETTERS
1010 128 1082 167 OF
1112 127 1375 168 ERASMUS
1725 127 1848 177 [1523

251 241 469 279 hominum
507 252 635 290 quam
672 237 952 276 facultatibus
987 241 1063 276 aut
1099 238 1356 289 corporibus,
1416 236 1555 276 Minus
1591 237 1736 277 damni
1771 238 1847 277 dat

249 297 322 345 qui
348 296 483 333 vitam
510 294 662 338 aufert,
690 305 819 343 quam
846 293 919 342 qui
946 291 1101 330 bonam
1128 296 1327 331 mentem.
1386 291 1474 330 Nec
1498 291 1594 330 ideo
1619 293 1759 331 minus
1783 298 1848 332 est

248 348 499 388 detestabile
522 347 691 393 bellum,
714 346 830 397 quod
851 348 1039 385 maxima
1060 359 1158 397 pars
1178 347 1386 386 malorum
1407 345 1620 385 redundat
1640 347 1685 385 in
1705 348 1848 398 capita

248 405 441 442 tenuium
475 407 519 441 et
552 401 789 448 humilium,
824 401 945 440 velut
976 401 1268 452 agricolarum,
1303 400 1502 453 opificum
1536 413 1584 439 ac
1618 401 1845 440 viatorum.

190 475 227 507 55
249 458 392 497 Nihilo
423 458 563 495 minus
593 456 811 507 sanguinis
841 455 1050 494 Dominus
1088 457 1276 494 omnium
1315 456 1434 495 Iesus
1465 455 1657 495 Christus
1696 454 1848 494 effudit

249 525 325 564 pro
370 510 627 550 redimendis
673 510 754 549 illis
800 510 1038 561 quamlibet
1084 512 1341 561 contemptis
1388 523 1518 560 quam
1557 522 1634 561 pro
1672 511 1848 549 summis

248 566 500 605 monarchis.
560 565 785 616 Quumque
828 565 1022 603 venietur
1064 565 1119 603 ad
1160 565 1314 604 Christi
1356 564 1558 610 tribunal,
1601 577 1687 615 quo
1731 564 1847 603 breui

246 620 424 660 sistendi
454 624 555 658 sunt
587 632 732 658 omnes
762 620 1042 670 quantumuis
1072 623 1270 670 potentes
1300 619 1425 658 huius
1456 618 1605 657 mundi
1635 622 1846 669 satrapae,

248 688 333 714 non
352 676 492 713 minus
510 678 659 713 exacte
677 675 886 713 rationem
905 674 1046 725 exiget
1063 673 1191 712 iudex
1210 674 1277 712 1116
1295 686 1467 712 seuerus
1486 686 1562 724 pro
1581 673 1848 724 pauperculis

186 739 231 769 60
246 729 327 768 illis
360 741 490 780 quam
523 741 600 780 pro
633 729 816 779 satra-pis
848 741 897 767 ac
930 728 1215 779 magnatibus.
1274 728 1428 778 Itaque
1462 729 1534 778 qui
1568 731 1727 778 putant
1759 740 1848 766 csse

246 783 383 823 leuem
399 785 622 829 iacturam,
640 796 773 834 quum
790 782 1045 833 expilantur,
1064 782 1322 833 affliguntur,
1340 784 1578 828 eiiciuntur,
1596 785 1845 828 exuruntur,

247 839 559 890 opprimuntur,
591 837 842 876 occiduntur
870 841 1020 876 tenues
1048 841 1091 875 et
1120 837 1312 883 humiles,
1344 837 1485 875 Iesum
1513 836 1743 882 Christum,
1774 837 1847 886 qui

246 897 311 932 est
327 893 537 944 sapientia
553 892 705 938 Patris,
724 891 936 930 stulticiae
953 891 1253 938 condemnant,
1271 892 1345 942 qui
1361 904 1438 942 pro
1453 890 1613 930 talibus
1629 890 1848 929 seruandis

246 948 481 998 preciosum
505 948 752 997 sanguinem
776 959 898 985 suum
922 945 1133 984 effuderit.

186 1020 225 1059 <35
301 1002 483 1040 Proinde
504 1001 668 1040 nullum
689 1014 766 1051 ego
785 1013 918 1051 genus
939 999 1160 1037 hominum
1182 999 1366 1038 arbitror
1385 999 1602 1038 exitialius
1621 1012 1751 1050 quam
1773 1000 1846 1050 qui

247 1056 487 1095 monarchis
518 1059 749 1106 suggerunt
782 1054 987 1093 bellorum
1019 1054 1206 1092 semina:
1249 1066 1431 1104 quorum
1462 1054 1595 1092 animi
1630 1066 1714 1104 quo
1746 1058 1848 1092 sunt

246 1110 505 1156 excelsiores,
530 1110 609 1148 hoc
629 1108 797 1147 facilius
817 1109 882 1147 his
906 1108 1155 1169 imponitur.
1216 1107 1358 1159 Atque
1373 1109 1485 1147 inter
1506 1109 1642 1159 regias
1664 1109 1847 1147 virtutes

246 1177 343 1203 cum
385 1165 530 1215 primis
572 1167 823 1202 numeratul
861 1162 993 1201 animi
1031 1161 1285 1201 sublimitas.
1345 1162 1598 1202 Praedicata
1637 1167 1703 1202 est
1743 1163 1847 1202 haec

246 1218 373 1257 011111
363 1232 408 1258 111
426 1218 535 1257 Ι11110
554 1217 743 1263 Caesare,
769 1217 1043 1267 praedicatur
1055 1220 1100 1255 et
1113 1217 1238 1255 hodie
1255 1229 1410 1268 magno
1430 1229 1637 1256 consensu
1655 1218 1846 1279 gentium

185 1274 289 1322 70in
333 1273 571 1312 Francisco.
628 1271 775 1317 Porr‚o
815 1271 980 1310 nullum
1029 1271 1185 1310 certius
1226 1275 1529 1323 argumentum
1573 1272 1705 1310 animi
1746 1284 1845 1310 vere

245 1327 436 1366 sublimis
477 1340 607 1378 quam
644 1326 821 1365 iniurias
858 1338 981 1375 posse
1020 1325 1240 1377 negligere.
1308 1325 1506 1365 Laudata
1547 1331 1612 1365 est
1653 1330 1845 1365 veterum

246 1382 404 1420 ducum
424 1381 575 1427 virtus,
593 1380 666 1432 qui
680 1380 731 1419 de
745 1380 924 1430 imperio
944 1379 1184 1426 certabant,
1207 1392 1294 1418 non
1314 1381 1365 1419 de
1386 1381 1491 1427 vita,
1514 1380 1587 1419 sed
1602 1381 1646 1419 in
1665 1380 1844 1419 ethnicis

245 1440 289 1475 et
321 1436 376 1474 ab
408 1436 601 1474 ethnicis.
660 1434 901 1474 Christiano
929 1432 1118 1484 Principi
1151 1434 1372 1485 gloriosius
1405 1439 1469 1474 est
1498 1435 1641 1485 aliquo
1671 1435 1845 1473 ditionis

244 1489 466 1541 dispendio
489 1502 638 1541 pacem
661 1502 710 1528 ac
734 1490 835 1539 reip.
860 1488 1218 1539 tranquillitatem
1239 1488 1457 1536 redimere,
1482 1501 1612 1540 quarn
1636 1490 1847 1540 speciosos

185 1561 224 1593 75
246 1549 289 1582 et
306 1545 469 1605 opimos
486 1543 637 1582 referre
654 1543 893 1604 triumphos
910 1543 1043 1581 tantis
1061 1543 1279 1581 hominum
1298 1543 1420 1581 malis
1436 1548 1615 1594 emptos.
1662 1543 1844 1581 Proin‹l‹›

245 1600 319 1649 qui
359 1598 567 1637 dilatandi
606 1597 771 1648 imperii
809 1597 1000 1635 studium
1039 1597 1273 1635 iniecerunt
1313 1597 1636 1636 monarcharum
1678 1598 1842 1644 animis,

244 1652 349 1714 quid
376 1652 491 1691 aliud
519 1664 649 1713 quam
678 1664 903 1702 perennem
932 1650 1137 1689 bellorum
1164 1650 1328 1689 fontem
1356 1656 1601 1713 repererunt
1621 1656 1637 1690 ⁶?
1695 1651 1844 1713 Neque

246 1707 450 1745 minorem
466 1706 692 1757 perniciem
705 1704 914 1743 inuehunt
930 1705 1054 1743 rebus
1072 1705 1328 1751 mortalium,
1347 1706 1421 1756 qui
1437 1706 1675 1756 principum
1693 1706 1844 1744 animis

245 1765 475 1812 suggerunt
509 1761 595 1798 irae
632 1759 868 1805 materiam,
907 1772 954 1797 ac
991 1759 1249 1810 persuadent
1285 1772 1372 1798 esse
1408 1760 1545 1811 regiae
1580 1759 1844 1799 fortitudinis

185 1825 229 1855 80
245 1815 407 1854 dictum
448 1814 633 1866 aliquod,
675 1812 791 1864 quod
829 1813 1008 1852 fortasse
1048 1813 1154 1852 falso
1195 1813 1384 1852 delatum
1425 1819 1501 1860 est,
1544 1819 1621 1853 aut
1660 1816 1844 1853 atrocius

244 1869 434 1908 delatum
476 1872 606 1920 qua'm
649 1868 811 1907 dictum
853 1873 931 1914 est,
975 1868 1102 1906 armis
1144 1881 1193 1906 ac
1236 1868 1343 1906 bello
1386 1868 1612 1907 vindicare.
1673 1868 1843 1916 Quanto

244 1923 396 1962 fortius
434 1928 499 1962 est
536 1922 730 1974 publicae
768 1922 1091 1972 tranquillitatis
1122 1926 1315 1973 respectu
1345 1923 1582 1962 conuicium
1612 1923 1841 1974 negligere!

244 1977 359 2028 quod
389 1978 423 2015 si
452 1977 596 2023 laedit,
627 1977 829 2027 priuatim
858 1976 1017 2022 laedit;
1064 1977 1162 2022 imo,
1194 1990 1245 2015 ne
1275 1976 1404 2015 laedit
1435 1976 1620 2028 quidem,
1651 1978 1686 2015 si
1715 1977 1843 2016 fuerit

244 2032 495 2083 neglectum.
553 2032 696 2081 Atque
727 2031 771 2069 in
803 2030 894 2069 aliis
926 2030 1097 2081 quidem
1129 2031 1255 2069 rebus
1285 2031 1464 2070 fortasse
1495 2031 1594 2070 licet
1625 2035 1842 2082 vteunque

184 2096 222 2136 85
245 2099 404 2124 cessare
438 2085 695 2137 regibus—si
728 2089 873 2123 tamen
908 2097 1089 2135 Vsquam
1124 2098 1283 2124 cessare
1317 2085 1428 2132 licet,
1464 2087 1538 2136 qui
1571 2090 1662 2125 tam
1697 2086 1842 2125 multis

244 2140 450 2190 vigilant3
523 2143 735 2178 caeterum
778 2139 822 2177 in
867 2139 984 2177 bellis
1028 2139 1315 2190 suscipiendis,
1360 2141 1562 2190 quoniam
1606 2141 1840 2191 ingentium

244 2194 451 2232 malorum
475 2193 684 2232 inducunt
708 2192 928 2239 diluuium,
955 2198 1124 2243 oportet
1147 2194 1344 2232 omnibus
1368 2194 1498 2233 oculis
1522 2194 1764 2245 aduigilare,
1790 2208 1842 2233 ne

243 2247 346 2299 quid
367 2252 524 2287 temere
546 2251 777 2286 statuatur.

296 2302 394 2341 Non
429 2302 532 2340 haec
567 2302 674 2348 dico,
711 2301 805 2340 Rex
840 2300 1204 2348 Christianissime,
1240 2315 1325 2352 quo
1360 2303 1619 2353 principibus
1653 2303 1839 2354 gladium

182 2375 226 2405 90
243 2370 265 2394 e
287 2356 483 2395 manibus
504 2357 731 2394 excutiam.
790 2355 869 2393 Est
889 2354 1068 2393 fortasse
1091 2355 1190 2393 boni
1211 2357 1412 2407 principis
1433 2356 1661 2407 aliquando
1684 2357 1839 2395 bellum

243 2424 395 2462 gerere,
423 2410 496 2449 sed
520 2415 613 2449 tum
640 2410 821 2460 denique
846 2413 1125 2460 posteaquam
1151 2410 1346 2448 omnibus
1371 2410 1529 2449 frustra
1554 2411 1732 2449 tentatis
1758 2411 1839 2449 huc·

243 2464 377 2516 adigit
403 2469 593 2503 extrema
620 2464 859 2503 necessitas.
918 2464 1125 2502 Dominus
1153 2463 1270 2502 Iesus
1297 2464 1423 2503 Petro
1450 2464 1636 2515 gladium
1665 2465 1838 2511 ademit,

242 2519 502 2569 principibus
518 2532 604 2557 non
620 2518 792 2557 ademit.
851 2517 1008 2556 Paulus
1027 2531 1171 2556 eorum
1196 2519 1471 2558 autoritatem
1495 2520 1625 2557 etiam
1649 2532 1837 2570 compro-

243 2573 332 2619 bat,
354 2574 614 2624 praecipiens
634 2577 684 2611 vt
703 2573 777 2623 qui
798 2572 960 2610 Romae
981 2572 1194 2611 Christum
1214 2577 1354 2611 essent
1374 2572 1562 2624 professi,
1585 2574 1836 2624 principum,

182 2645 221 2677 95
241 2626 340 2666 licet
381 2627 659 2673 ethnicorum,
703 2627 978 2665 autoritatem
1021 2627 1126 2665 adeo
1167 2639 1253 2665 non
1294 2632 1626 2674 contemnerent,
1669 2632 1719 2666 vt
1758 2627 1839 2665 illis

243 2681 374 2719 veluti
397 2681 476 2719 Dei
498 2682 699 2720 ministris
721 2694 796 2719 nec
819 2680 1000 2731 vectigal
1020 2694 1097 2720 1160
1118 2681 1328 2720 tributum
1350 2695 1426 2720 nee
1449 2682 1650 2720 honorem
1672 2681 1836 2720 detrahi

242 2735 357 2773 velit.
415 2736 482 2774 An
503 2735 654 2774 adimit
674 2735 861 2786 gladium
882 2736 955 2785 qui
975 2734 1092 2782 dicit,
1117 2735 1125 2750 ⁶
1144 2735 1241 2774 Non
1263 2736 1373 2774 enim
1394 2737 1483 2775 sine
1504 2749 1631 2775 causa
1650 2735 1836 2787 gladium

288 2888 339 2925 63.
366 2885 539 2925 sapientia
570 2883 700 2922 Patris]
730 2884 780 2916 Cf.
816 2893 828 2914 1
863 2883 938 2915 Cor.
977 2892 1007 2914 1.
1078 2895 1109 2925 7.
1128 2886 1161 2925 ἓξ
1176 2894 1278 2925 93,4;
1308 2886 1379 2917 and
1394 2887 1437 2918 cf.
1456 2886 1523 2918 Cic.
1542 2885 1639 2916 Fam.
1655 2895 1687 2924 4.
1704 2895 1736 2924 4.
1753 2896 1785 2924 4.

246 2937 287 2966 24
302 2939 310 2964 ;
338 2927 411 2958 also
425 2927 485 2959 the
500 2928 615 2960 Maria
630 2928 714 2968 (LB.
730 2928 776 2959 iv.
791 2927 858 2967 498
873 2928 922 2967 A),
937 2926 1007 2957 and
1120 2938 1172 2968 92.
1199 2928 1310 2968 Iesus]
1326 2929 1429 2961 Matt.
1446 2930 1500 2961 26.
1519 2937 1574 2969 52,
1589 2927 1682 2959 John
1703 2928 1751 2960 18.
1775 2937 1823 2963 11.

246 2970 309 3011 Ep.
330 2971 423 3010 1381.
443 2982 518 3013 323.
1121 2982 1171 3012 93.
1200 2972 1342 3011 Paulus]
1360 2973 1461 3005 Rom.
1485 2981 1534 3012 13.
1557 2981 1627 3012 1—7.

287 3019 340 3054 (ις).
368 3015 403 3046 111
421 3013 511 3045 Iulio
530 3013 688 3055 Cas-sare]
707 3015 769 3047 See
790 3014 877 3046 Plin.
898 3013 944 3046 H.
960 3013 1006 3044 N·
1119 3025 1173 3056 97.
1204 3015 1304 3055 dicit]
1325 3016 1427 3049 Rom.
1451 3025 1499 3056 13.
1517 3025 1548 3055 4.
