2012 3370
74 141 196 189 1334]
533 135 605 175 To
636 135 792 175 JOHN
818 134 1206 175 CARONDELET
1585 134 1659 171 189

124 247 253 286 Porro
286 246 465 286 Graecas
495 244 638 283 literas
669 245 853 283 tenuiter
884 245 1099 295 attigerat,
1133 245 1167 283 si
1197 243 1369 295 quidem
1401 243 1662 294 Hieronymo

70 301 278 340 credimus
295 315 303 339 :
340 301 457 340 cuius
472 299 602 338 verba
617 312 742 349 super
761 299 840 337 hac
860 312 903 337 re
923 299 1185 337 subscribam
1205 312 1257 337 ex
1276 298 1456 349 epistola
1475 298 1662 349 quadam

70 356 125 395 ad
165 355 418 401 Marcellam,
459 367 545 404 qua
583 354 786 403 explanat
825 353 1041 391 Psalmum
1082 354 1358 392 centesimum
1398 353 1662 391 vicesimum-

69 414 252 449 sextum.
313 409 322 424 ⁶
340 409 432 448 Nisi
451 408 459 423 ’
487 408 640 458 inquit,
672 407 814 458 ‘quod
840 421 926 446 non
952 408 1040 446 eius
1068 407 1215 458 culpae
1243 406 1558 446 asscribendum
1585 409 1662 453 est,
1682 420 1742 453 745

69 465 145 515 qui
177 464 360 502 Hebraei
392 462 593 501 sermonis
625 462 795 512 ignarus
826 461 922 508 fuit,
957 461 1212 501 Graecarum
1245 474 1415 512 quoque
1446 461 1664 500 literarum

70 518 287 569 quandam
329 516 520 556 aurulam
565 520 747 566 ceperat,
793 515 867 554 sed
912 515 1129 554 Heliodori
1173 516 1422 566 presbyteri,
1467 529 1552 566 quo
1596 515 1665 554 ille

69 572 333 611 familiariter
368 583 468 609 vsus
504 574 596 609 est:
651 583 702 608 ex
739 582 824 620 quo
861 583 910 608 ea
947 583 1056 620 quae
1092 570 1322 621 intelligere
1359 583 1445 608 non
1481 574 1664 621 poterat,

70 626 284 677 quomodo
301 629 440 665 essent
455 624 509 663 ab
527 624 703 675 Origene
718 624 846 670 dicta,
871 624 1118 674 quaerebat.
1177 623 1272 671 Qui,
1295 625 1498 674 quoniam
1520 625 1564 662 in
1586 624 1665 663 hoc

70 681 239 719 Psalmo
275 679 626 718 commentarium
663 678 852 729 Origenis
886 679 1074 717 inuenire
1110 691 1196 716 non
1231 678 1387 728 potuit,
1424 679 1665 729 opinionem
1684 692 1749 724 750

70 735 204 786 magis
230 735 442 772 insinuare
469 746 589 772 suam
617 746 746 783 quam
775 733 985 771 inscitiam
1014 732 1152 771 voluit
1179 731 1396 771 confiteri:
1442 745 1571 783 quam
1599 732 1668 771 ille

70 792 287 840 sumptam
325 788 435 827 claro
473 800 664 826 sermone
701 787 910 833 disseruit,
949 790 994 825 et
1031 786 1213 825 alienum
1253 799 1433 825 errorem
1471 786 1668 825 disertius

70 847 309 893 exequutus
347 841 450 881 est’.
508 841 728 880 Hactenus
776 841 1027 892 Hieronymi
1073 840 1204 880 verba
1250 841 1560 886 recensuimus3
1624 841 1668 879 in

69 897 224 948 quibus
246 896 348 935 dum
371 895 515 935 sedulo
538 896 831 947 patrocinatur
853 895 1029 942 Hilario,
1053 895 1157 934 satis
1179 894 1322 933 odiose
1343 898 1505 934 tractat
1527 894 1668 933 Helio-

70 952 234 998 dorum,
273 951 520 1002 praesertim
557 963 690 1000 quum
727 950 771 988 id
808 949 925 1001 quod
961 949 1113 996 adfert,
1152 949 1256 988 nihil
1294 949 1409 988 aliud
1446 950 1502 988 sit
1538 962 1668 1000 quam
1687 963 1749 995 755

70 1006 292 1044 diuinatio.
350 1004 432 1044 Sed
462 1009 513 1043 vt
543 1005 680 1043 obiter
710 1005 777 1043 hic
808 1005 1123 1056 patrocinemur
1160 1004 1336 1050 Hilario,
1370 1003 1473 1042 mihi
1503 1017 1589 1041 non
1620 1003 1671 1042 fit

71 1059 294 1099 verisimile
324 1060 463 1098 virum
492 1063 664 1098 tantum
693 1072 828 1109 vsque
858 1058 964 1097 adeo
994 1058 1122 1097 fuisse
1152 1058 1368 1097 credulum
1399 1062 1449 1097 vt
1477 1058 1522 1096 in
1551 1070 1669 1096 enar-

71 1114 214 1153 randis
240 1114 395 1152 diuinis
419 1113 550 1152 literis
576 1117 694 1152 totus
720 1113 969 1164 pependerit
995 1126 1046 1151 ex
1073 1113 1208 1151 alieno
1235 1112 1389 1151 iudicio
1411 1126 1418 1159 ;
1462 1125 1537 1151 neo
1565 1112 1670 1151 adeo

71 1168 219 1207 rudem
247 1167 430 1207 Graecae
456 1167 701 1206 literaturae
728 1171 778 1206 vt
803 1181 889 1206 non
915 1168 1104 1218 potuerit
1128 1168 1218 1218 ipse
1244 1179 1413 1206 sensum
1440 1166 1668 1217 deprehen-

71 1223 182 1269 dere,
222 1222 469 1272 praesertim
506 1223 551 1260 in
591 1222 780 1273 Origene,
821 1223 938 1260 cuius
977 1234 1113 1260 sermo
1151 1222 1254 1260 mire
1292 1221 1537 1272 perspicuus
1576 1225 1641 1259 est
1661 1234 1669 1259 z
1689 1229 1756 1268 760

70 1276 115 1315 id
134 1276 250 1327 quod
269 1276 390 1315 facile
411 1276 637 1314 coniectari
658 1280 801 1327 potest
820 1290 872 1314 ex
892 1276 956 1314 his
977 1289 1086 1326 quae
1116 1275 1266 1314 Latine
1287 1289 1409 1314 versa
1428 1279 1669 1325 supersunt.

72 1330 327 1381 Quanquam
344 1343 431 1368 non
448 1331 551 1368 satis
569 1330 693 1368 video
711 1330 814 1381 quid
833 1331 899 1369 hic
918 1343 1051 1381 Vsque
1069 1329 1175 1368 adeo
1193 1330 1341 1368 diuum
1360 1329 1670 1380 Hieronymum

71 1384 307 1424 offenderit.
366 1384 477 1423 Nam
508 1384 624 1435 quod
654 1384 794 1423 adfert
824 1385 963 1423 varias
993 1388 1186 1423 veterum
1216 1384 1589 1434 interpretationes
1618 1397 1671 1422 ex

72 1438 281 1486 Hebraeo,
299 1438 403 1477 nihil
420 1438 476 1477 ad
492 1438 703 1477 Hilarium
720 1439 918 1489 pertinet,
937 1439 1010 1489 qui
1027 1451 1191 1489 semper
1208 1451 1259 1476 ex
1276 1437 1464 1489 professo
1480 1438 1673 1489 sequitur

72 1493 354 1544 Septuaginta
371 1493 606 1532 versionem
624 1507 630 1532 :
661 1494 736 1543 qui
753 1493 832 1532 hoc
849 1493 941 1532 loco
959 1493 1271 1531 transtulerunt
1290 1495 1611 1543 ἐκτετινασμένων.
1691 1500 1753 1539 765

128 1548 351 1587 Caeterum
388 1547 504 1598 quod
542 1548 603 1586 ait
641 1547 851 1586 Hilarium
889 1548 1219 1598 interpretatum
1254 1546 1362 1585 filios
1399 1559 1671 1586 excussorum

72 1601 300 1652 Apostolos,
324 1601 440 1653 quod
461 1602 563 1640 iussi
585 1602 671 1641 sint
692 1602 850 1653 pedum
872 1602 1089 1653 puluerem
1113 1606 1309 1641 excutere
1332 1602 1376 1639 in
1398 1614 1469 1640 eos
1491 1602 1565 1652 qui
1587 1614 1673 1639 non

73 1657 327 1708 recepissent
363 1656 655 1707 Euangelium,
693 1657 727 1695 si
763 1657 858 1707 quis
894 1657 1102 1695 attentius
1137 1656 1284 1707 legerit
1319 1656 1671 1694 commentarium

74 1711 225 1749 Hilarii
252 1711 296 1749 in
324 1710 541 1749 Psalmum
569 1711 670 1749 Nisi
698 1710 903 1749 Dominus
932 1710 1208 1762 aedificauerit
1235 1710 1412 1756 domum,
1443 1710 1674 1760 comperiet

73 1765 293 1816 aliquanto
320 1778 438 1804 secus
467 1765 634 1804 habere.
692 1766 804 1804 Nam
832 1778 926 1804 mea
952 1765 1164 1804 sententia
1190 1769 1318 1803 vocat
1347 1764 1597 1815 ‘Apostolos
1624 1777 1672 1802 ac
1691 1778 1758 1811 770

73 1819 302 1871 prophetas
331 1832 601 1858 excussorum
622 1820 645 1866 ’,
676 1820 755 1858 hoc
784 1824 848 1858 est
879 1820 1132 1869 ‘impiorum
1161 1818 1268 1857 filios
1288 1818 1311 1865 ²,
1341 1819 1415 1869 qui
1443 1831 1520 1857 sua
1548 1818 1673 1869 culpa

73 1874 216 1912 reiecti
231 1874 315 1912 sint
331 1887 355 1912 a
370 1874 474 1920 Deo,
490 1878 534 1912 et
548 1875 711 1912 excussi
725 1875 769 1912 in
783 1875 1093 1912 execrationem
1109 1873 1163 1911 ob
1177 1873 1436 1924 pertinacem
1451 1873 1671 1911 increduli-

74 1932 223 1967 tatem.
282 1928 504 1967 Caeterum
524 1929 640 1978 quod
668 1928 805 1966 obiter
833 1928 1000 1966 duobus
1028 1927 1168 1966 verbis
1197 1928 1391 1966 meminit
1419 1927 1472 1966 de
1500 1927 1672 1978 puluere

76 1982 233 2033 pedum
271 1995 459 2028 excusso,
494 1995 579 2020 non
613 1983 695 2021 huc
733 1983 918 2033 pertinet
954 1986 1003 2021 vt
1036 1982 1230 2033 Apostoli
1263 1981 1461 2020 dicantur
1494 1982 1672 2028 excussi,

77 2036 151 2075 sed
178 2040 228 2074 vt
257 2036 396 2087 puluis
431 2050 629 2075 excussus
664 2037 708 2075 in
742 2036 978 2075 incredulos
1013 2036 1194 2075 Iudaeos
1230 2035 1436 2087 significet
1469 2036 1583 2087 ipsos
1618 2035 1672 2075 ob
1691 2050 1754 2082 775

75 2091 348 2142 pertinaciter
391 2091 589 2130 reiectam
635 2091 855 2142 Euangelii
897 2091 1078 2142 gratiam
1123 2104 1319 2130 excussos
1362 2091 1406 2129 in
1449 2090 1673 2141 reprobam

78 2149 282 2183 mentem:
303 2144 346 2182 id
357 2145 471 2195 quod
485 2145 636 2184 clarius
649 2146 778 2184 etiam
787 2144 971 2196 explicat
985 2145 1322 2184 Commentarius
1335 2145 1378 2183 in
1389 2145 1672 2191 Matthaeum,

78 2199 86 2214 ‘
107 2199 164 2237 Et
198 2198 339 2249 signo’
375 2200 528 2250 inquit,
567 2200 779 2250 ‘pulueris
814 2200 992 2251 pedibus
1027 2200 1190 2238 excussi
1225 2204 1398 2238 aeterna
1431 2199 1673 2238 maledictio

76 2252 378 2304 relinquatur'.
437 2254 654 2293 Referrem
683 2258 728 2293 et
763 2268 815 2293 ex
852 2254 1029 2293 Psalmis
1063 2255 1194 2305 ipsius
1224 2254 1375 2292 Hilarii
1411 2254 1555 2299 verba,
1593 2254 1673 2291 nisi

76 2307 247 2358 longum
292 2311 402 2346 esset
446 2321 494 2347 ac
539 2308 764 2348 molestum
809 2309 968 2355 lectori,
1014 2309 1262 2359 praesertim
1307 2309 1351 2347 in
1395 2308 1671 2359 praefatione.
1692 2313 1756 2354 780

76 2361 257 2400 Proinde
288 2375 353 2400 res
383 2363 475 2413 ipsa
505 2362 695 2414 loquitur
726 2364 792 2402 hic
824 2363 1133 2414 Hieronymum
1166 2367 1243 2401 aut
1274 2363 1477 2402 memoria
1508 2362 1673 2413 lapsum

75 2429 164 2455 esse
191 2420 268 2454 aut
294 2416 445 2455 Hilarii
471 2419 823 2456 commentarium
850 2431 1001 2469 parum
1029 2421 1195 2456 attente
1221 2417 1380 2468 legisse.
1439 2416 1532 2455 Iam
1559 2416 1675 2466 quod

76 2470 231 2521 probat
246 2470 530 2521 Hieronymus
544 2472 765 2511 Marcellae
780 2476 1081 2517 commentum,
1098 2485 1208 2522 quae
1222 2471 1434 2521 scripserit
1448 2470 1674 2521 Apostolos

75 2524 203 2563 fuisse
234 2523 341 2563 filios
371 2526 677 2564 excutientium
710 2528 851 2577 potius
883 2540 1012 2577 quam
1044 2539 1329 2571 excussorum,
1362 2525 1557 2575 equidem
1589 2537 1674 2562 non

77 2578 200 2618 video
238 2579 342 2629 quid
378 2579 458 2618 sibi
494 2580 626 2627 velit;
680 2582 759 2619 nisi
796 2581 905 2619 forte
942 2580 1303 2632 quemadmodum
1342 2578 1490 2617 Graeci
1527 2579 1675 2617 dicunt
1693 2585 1756 2624 785

79 2637 210 2683 ἰατρῶν
237 2635 377 2679 παῖδες,
408 2633 452 2682 id
480 2639 545 2673 est
574 2634 833 2673 medicorum
863 2635 951 2681 filii,
993 2648 1068 2685 pro
1110 2634 1296 2679 medicis,
1338 2634 1401 2672 ita
1441 2633 1544 2671 dicti
1574 2638 1675 2672 sunt

78 2686 271 2738 Apostoli
322 2687 330 2702 ‘
349 2700 619 2727 excussorum
668 2688 742 2727 filii
762 2689 770 2704 '
820 2702 895 2740 pro
945 2689 1142 2727 excussis,
1200 2688 1369 2738 Alioqui
1418 2700 1675 2725 successores

78 2741 379 2793 Apostolorum
420 2743 562 2792 potius
604 2743 784 2781 vocandi
825 2747 947 2782 erant
989 2743 997 2758 ‘
1017 2755 1288 2781 excussorum
1329 2741 1402 2779 filii
1423 2741 1446 2787 ',
1488 2742 1523 2780 si
1563 2746 1676 2780 recte

79 2796 248 2835 nomine
290 2809 560 2835 excussorum
604 2797 898 2848 intelliguntur
940 2797 1146 2847 Apostoli.
1205 2796 1292 2835 Nec
1337 2795 1567 2835 absurdum
1611 2800 1677 2835 est

258 2877 329 2917 708.
356 2877 378 2909 β
394 2887 401 2907 :
433 2879 590 2908 attentus
609 2889 639 2908 (ι.
789 2879 860 2918 789.
886 2886 1108 2907 excussorum
1128 2887 1147 2904 α
1163 2874 1186 2918 z]
1203 2874 1443 2907 excussoribus
1461 2878 1495 2909 β.

126 2990 198 3021 742.
225 2978 454 3020 Hieronymo]
473 2980 535 3019 Ep.
555 2989 606 3019 34.
627 2989 656 3019 3.
960 2991 1032 3022 777.
1057 2979 1093 3010 in
1105 2977 1339 3015 Msstthaeum]
1354 2980 1417 3018 1οξ
1431 2988 1537 3017 10,οη
1548 2989 1580 3010 v.
1597 2988 1646 3020 14.

127 3026 200 3064 765.
226 3022 290 3054 hoe
307 3022 397 3062 loco]
414 3023 468 3054 Ps.
492 3026 562 3055 120.
579 3033 612 3064 4.
959 3026 1033 3066 783.
1060 3021 1308 3064 Hieronymus]
1327 3023 1392 3063 Ep.
1413 3032 1464 3063 34.
1486 3033 1515 3063 3.
