2012 3370
95 137 215 185 1334]
542 133 614 173 TO
647 132 806 174 JOHN
834 132 1223 173 GARONDELET
1604 133 1676 170 191

90 256 222 293 quum
259 244 469 295 Cypriano
504 255 580 282 sua
615 243 671 281 sit
706 242 942 289 translatio,
981 256 1113 293 quum
1148 243 1388 294 Augustino
1423 255 1512 289 sua,
1550 255 1683 292 quum

89 298 312 338 Ambrosio
332 312 420 345 sua,
441 310 573 349 quum
593 296 756 336 Hilario
776 310 864 344 sua,
886 310 1018 347 quum
1038 298 1298 336 Tertulliano
1317 310 1394 336 sua
1412 297 1467 335 ab
1487 296 1683 335 omnibus
1701 308 1768 347 840

88 351 268 399 diuersa,
293 354 396 392 satis
420 355 598 403 apparet
621 351 720 389 olim
744 351 903 390 nullam
927 351 1055 390 fuisse
1079 365 1346 390 communem
1371 352 1573 390 omnium.

142 406 373 446 Minutiora
406 406 584 445 fortasse
618 405 879 444 videbuntur
914 419 1043 456 quam
1079 411 1128 444 vt
1163 407 1248 444 sint
1281 405 1522 452 indicanda,
1558 417 1683 444 voces

89 461 297 511 quasdam
327 465 370 500 et
400 461 610 499 orationes
639 473 728 498 esse
758 460 855 499 huic
885 460 1115 511 peculiares
1145 464 1312 511 praeter
1342 460 1555 511 publicam
1587 472 1681 498 con-

88 515 356 554 suetudinem
392 515 543 553 Latine
578 514 858 564 loquentium.
915 514 1027 552 Nam
1064 515 1128 553 his
1165 515 1497 565 pronominibus,
1535 514 1603 553 sui
1640 517 1683 552 et

87 582 200 616 suuS,
223 569 368 608 durius
388 568 566 608 subinde
582 569 732 607 vtitur.
781 568 892 607 Item
914 574 1042 607 tecum
1062 573 1105 607 et
1125 569 1317 607 cumillis
1338 573 1517 619 Vsurpat
1537 581 1613 619 pro
1633 581 1682 606 60
1701 579 1762 618 845

87 624 202 674 quod
225 628 317 663 erat
338 624 454 662 iuxta
476 628 600 670 tuam,
625 622 742 661 iuxta
764 622 928 660 illorum
950 623 1200 672 opinionem.
1257 623 1369 661 Nam
1392 623 1583 661 intimare
1606 635 1682 673 pro

85 679 317 729 siqniflcare
354 678 562 729 reperitur
600 681 645 716 et
684 676 799 728 apud
840 674 969 723 alios,
999 676 1072 715 sed
1111 678 1376 716 recentiores.
1442 677 1683 728 Disproficit

86 732 309 783 aliquoties
331 735 510 783 vsurpat
531 744 608 783 pro
630 731 837 781 deqenerat
859 732 947 770 siue
969 731 1017 769 in
1034 731 1157 781 pei-us
1174 731 1350 783 proficit.
1408 731 1584 769 Zabolus
1606 744 1683 781 pro

86 786 245 825 diabolo
265 800 350 825 non
371 786 486 838 apud
506 786 619 825 hunc
639 789 812 824 tantum
832 786 1061 831 inuenitur,
1085 789 1129 824 et
1149 799 1201 824 ex
1223 786 1483 836 antiquitate
1504 786 1682 824 ductum

85 840 217 880 videri
249 844 419 892 potest:
468 854 577 891 quae
607 853 693 879 non
726 839 861 879 solum
892 841 937 878 in
968 839 1225 879 dictionibus
1257 841 1502 891 compositis
1534 852 1682 878 verum
1702 850 1766 890 850

86 896 215 934 etiam
245 898 367 934 extra
395 895 744 946 compositionem
766 897 810 942 ζὰ
831 889 1068 945 vsurpabat
1088 907 1165 945 pro
1187 896 1257 933 Sui.
1316 893 1498 933 Graecas
1519 894 1683 945 aliquot

85 953 162 988 aut
205 949 436 988 Hebraicas
479 962 604 988 voces
647 952 827 1000 vsurpat
868 961 1177 1000 nonnunquam
1220 949 1343 987 iuxta
1382 948 1581 987 Latinam
1619 949 1680 986 in-

85 1003 321 1051 flexionem,
354 1016 662 1055 nonnunquam
693 1005 816 1042 iuxta
848 1002 1067 1042 Graecam.
1124 1003 1353 1042 Rheumam
1390 1003 1545 1042 alicubi
1577 1002 1681 1042 dicit

83 1071 160 1108 pro
188 1057 404 1105 rheumate,
435 1060 557 1109 quasi
586 1058 701 1097 dicas
720 1058 900 1105 rheuma,
921 1057 1123 1104 rheumae,
1144 1062 1195 1097 vt
1213 1070 1344 1103 musa,
1366 1070 1520 1096 musae.
1577 1057 1681 1096 Pas-

80 1112 197 1151 cham
216 1112 371 1151 alicubi
390 1113 494 1152 dicit
514 1116 558 1152 et
575 1125 787 1152 mannam.
844 1112 1007 1151 Rursus
1027 1112 1181 1151 alicubi
1201 1112 1306 1151 dicit
1333 1111 1610 1162 diapsalmam
1638 1115 1682 1150 et
1699 1120 1718 1151 8
1723 1129 1760 1161 55

80 1166 347 1217 diapsalmae,
365 1167 468 1206 alias
484 1167 718 1217 diapsalma
731 1171 776 1206 et
791 1167 1091 1217 diapsalmatis.
1150 1166 1229 1206 Est
1249 1167 1322 1205 vbi
1342 1166 1680 1205 manifestarium

81 1220 371 1271 deprehendas
419 1221 726 1268 soloecismum,
777 1221 849 1260 sed
899 1221 1045 1272 quales
1093 1221 1231 1260 solent
1278 1233 1587 1271 nonnunquam
1637 1225 1680 1259 et

80 1275 373 1314 eruditissimis
402 1275 615 1326 obrepere,
646 1275 753 1314 adeo
781 1280 832 1314 vt
859 1279 903 1314 et
931 1277 975 1314 in
1004 1275 1214 1315 Ciceronis
1241 1275 1358 1314 libris
1386 1288 1520 1313 vnum
1549 1279 1680 1325 atque

79 1329 261 1368 alterum
290 1329 610 1381 deprehendas:
654 1343 708 1369 ne
737 1331 831 1381 quis
861 1331 1064 1368 continuo
1093 1329 1295 1368 mendum
1325 1342 1414 1368 esse
1442 1330 1680 1380 suspicetur

79 1387 124 1423 et
145 1396 336 1422 rasuram
358 1388 494 1435 paret.
1697 1391 1765 1424 860

135 1437 351 1477 Referrem
380 1438 545 1489 aliquot
573 1438 781 1489 exempla,
812 1439 892 1477 nisi
922 1439 1007 1477 suis
1036 1438 1138 1477 locis
1168 1442 1439 1477 annotassem
1468 1438 1513 1476 in
1538 1438 1678 1488 spatio

78 1493 328 1544 marginali:
384 1506 631 1544 quanquam
672 1497 715 1532 et
755 1493 912 1544 alioqui
951 1506 1038 1531 non
1077 1492 1244 1531 difficile
1285 1494 1418 1531 cuiuis
1457 1492 1587 1531 fuerit
1626 1505 1678 1531 ex
1731 1500 1735 1503 ’

78 1546 251 1586 elencho
296 1549 489 1598 reperire.
562 1547 776 1586 Enarrans
822 1547 1040 1586 Psalmum
1087 1548 1364 1586 centesimum
1411 1548 1676 1585 vicesimum-

77 1605 279 1651 quartum
300 1602 447 1641 scribit
467 1602 579 1641 hunc
599 1603 643 1640 in
664 1602 852 1649 modum,
878 1602 886 1617 ‘
906 1601 1094 1653 Postque
1117 1603 1335 1641 conuersio
1358 1601 1409 1641 fit
1429 1601 1676 1652 prophetae,

77 1655 400 1695 retributionem
430 1670 456 1695 a
489 1656 673 1695 Domino
707 1658 745 1695 ei
779 1658 852 1707 qui
886 1656 941 1695 ab
974 1657 1203 1707 iniquitate
1237 1669 1388 1695 manus
1423 1656 1678 1695 abstinuerit
1696 1663 1758 1704 865

77 1710 362 1761 imprecantis,
395 1711 419 1726 “
438 1711 553 1750 Bene
580 1710 662 1758 fac,
692 1711 887 1758 Domine,
918 1711 1041 1750 bonis
1068 1715 1112 1750 et
1139 1712 1265 1749 rectis
1294 1710 1418 1749 corde
1438 1710 1492 1756 '';
1537 1710 1676 1761 probi-

78 1767 214 1803 tatem
249 1769 294 1804 et
327 1765 564 1804 voluntatis
598 1769 643 1804 et
676 1764 781 1804 facti
815 1766 860 1804 in
894 1769 1077 1816 Vtroque
1112 1764 1391 1816 significans'.
1463 1764 1530 1804 Sic
1564 1765 1677 1803 enim

77 1818 257 1858 subiecit
288 1819 541 1872 siqMficans,
576 1821 698 1871 quasi
730 1821 1036 1871 praecessisset,
1074 1819 1083 1834 ⁶
1102 1819 1289 1870 Postque
1323 1831 1550 1858 conuersus
1582 1831 1676 1869 pro-

75 1872 220 1923 pheta,
260 1874 583 1913 retributionem
625 1874 922 1925 imprecatur’,
962 1877 1042 1912 etc.
1101 1873 1160 1912 Et
1197 1874 1322 1912 huius
1368 1874 1530 1925 generis
1575 1877 1677 1911 sunt

75 1926 206 1966 ferme
238 1929 420 1967 caeteri:
468 1930 557 1967 siue
587 1928 666 1968 hoc
698 1928 853 1967 accidit
883 1928 1070 1967 humano
1100 1928 1236 1979 lapsu,
1269 1928 1415 1979 quales
1446 1927 1674 1979 deprehen·
1694 1935 1760 1975 870

78 1981 240 2020 duntur
257 1986 301 2021 et
318 1983 362 2021 in
381 1982 578 2022 Cicerone
594 1996 602 2029 ;
633 1984 721 2022 siue
737 1996 762 2021 a
778 1982 947 2022 Graecis
965 1983 1160 2021 imitatus
1179 1986 1256 2030 est,
1278 1983 1351 2033 qui
1370 1983 1428 2021 sic
1448 1986 1675 2033 paternum

77 2047 222 2074 casum
248 2041 415 2087 ponunt
440 2037 647 2084 absolute,
674 2037 1035 2088 quemadmodum
1060 2050 1138 2075 nos
1163 2037 1414 2083 ablatiuum,
1443 2041 1487 2076 et
1511 2041 1675 2075 rectum

77 2102 221 2128 casum
248 2095 458 2142 vsurpant
482 2091 697 2130 interdum
723 2092 815 2130 loco
841 2092 1021 2142 paterni.
1091 2091 1185 2130 Hoc
1211 2093 1369 2130 vicium
1395 2091 1511 2142 quod
1538 2093 1673 2130 ἀναπό-

77 2145 183 2183 δοτον
209 2144 357 2184 Graeci
382 2150 553 2193 vocant,
580 2147 849 2197 potissimum
875 2146 1031 2185 accidit
1055 2145 1120 2185 his
1146 2147 1220 2197 qui
1245 2145 1371 2197 longo
1396 2146 1575 2185 circuitu
1602 2146 1675 2183 vix

76 2198 251 2237 tandem
278 2199 508 2239 absoluunt
534 2201 783 2247 orationem,
812 2201 969 2251 quique
996 2201 1130 2251 magis
1157 2201 1267 2239 circa
1292 2213 1381 2239 rem
1408 2213 1538 2251 quam
1566 2201 1675 2239 circa
1693 2207 1755 2247 875

76 2253 207 2291 verba
239 2258 340 2292 sunt
371 2255 539 2293 intenti.
599 2254 722 2302 Quod
754 2267 898 2306 genus,
933 2256 967 2293 si
1000 2256 1094 2306 quis
1127 2254 1244 2294 dicat
1275 2254 1374 2293 Non
1407 2254 1523 2293 licuit
1554 2254 1608 2293 ad
1641 2259 1675 2292 te

76 2307 256 2355 scribere,
290 2312 389 2359 post
420 2309 566 2348 multis
597 2310 642 2348 in
674 2309 813 2348 medio
845 2310 1076 2348 interiectis
1107 2309 1283 2348 tandem
1317 2309 1514 2348 subiiciat
1546 2308 1674 2347 variis

75 2362 252 2411 neqociis
284 2368 530 2413 occupatus:
579 2365 701 2415 quasi
734 2365 1028 2415 praecessisset
1060 2363 1159 2402 Non
1187 2364 1306 2414 potui
1339 2364 1392 2402 ad
1425 2368 1459 2402 te
1491 2362 1672 2401 scribere.

77 2414 170 2455 Hoc
195 2429 221 2455 a
246 2418 461 2456 veteribus
485 2417 649 2457 factum
674 2431 751 2457 nos
777 2420 883 2457 citra
908 2418 1077 2469 culpam
1103 2419 1335 2465 imitamur,
1362 2418 1551 2456 dicentes
1576 2416 1673 2454 Non

74 2482 167 2509 sum
195 2471 240 2510 id
258 2472 431 2519 nescius,
455 2472 618 2520 Quoties
638 2473 726 2512 eius
745 2472 828 2512 diei
848 2473 952 2511 mihi
971 2473 1079 2511 venit
1098 2473 1146 2511 in
1164 2477 1348 2518 mentem,
1371 2472 1395 2510 I
1397 2472 1423 2510 d
1442 2483 1550 2510 anus
1569 2470 1673 2509 mihi
1691 2478 1758 2508 880

75 2524 279 2564 indicium
307 2525 433 2577 fecit:
485 2527 658 2577 perinde
703 2528 824 2578 quasi
870 2540 948 2578 pro
985 2527 1146 2566 nescius
1182 2539 1275 2565 sum
1312 2527 1488 2565 dixisses
1523 2525 1671 2572 nescio,

76 2591 153 2629 pro
204 2580 312 2619 venit
363 2580 410 2619 in
459 2586 643 2628 mentem,
685 2582 878 2627 recordor,
921 2594 998 2632 pro
1050 2581 1254 2620 indicium
1298 2580 1410 2631 feeit,
1453 2580 1670 2618 indicauit.

77 2633 232 2672 Similis
257 2634 373 2673 locus
399 2638 476 2681 est,
505 2635 578 2674 sed
604 2636 683 2674 hoc
710 2635 959 2683 euidentior,
986 2636 1030 2674 in
1057 2636 1323 2674 enarratione
1350 2634 1506 2673 Psalmi
1534 2637 1671 2673 cente-

76 2688 172 2726 simi
225 2688 675 2741 quadragesimiprimi,
722 2690 730 2705 ‘
749 2690 910 2740 Corpus
963 2691 1074 2728 enim
1129 2689 1244 2740 quod
1291 2690 1401 2728 cruci
1449 2689 1674 2727 affixerant

123 2768 198 2806 864,
217 2768 290 2798 868.
316 2768 401 2800 Post
417 2779 505 2810 quac
522 2769 592 2801 edd.
611 2770 814 2802 recentiores.
1070 2774 1142 2814 871.
1168 2772 1328 2803 imitatus
1347 2783 1365 2800 a
1383 2784 1390 2802 t
1423 2775 1606 2803 mutuatus
1624 2772 1669 2803 N.

78 2813 150 2854 873.
177 2822 385 2853 vsurpamus
403 2815 436 2846 β.
573 2815 645 2846 880.
671 2814 744 2845 eius
760 2815 796 2845 N
811 2826 818 2846 :
848 2815 878 2845 ei
897 2826 927 2845 α.
1049 2817 1122 2857 884.
1149 2817 1171 2849 β
1188 2828 1195 2847 :
1226 2815 1387 2847 affixerat
1404 2827 1437 2853 α,
1452 2816 1508 2848 sed
1524 2815 1563 2847 in
1578 2819 1618 2847 to.
1638 2825 1670 2852 2,

75 2865 110 2895 p.
129 2857 203 2895 383.
221 2859 301 2886 recte
318 2856 512 2888 affixerant.

100 2910 103 2911 ⁷
122 2926 195 2966 851.
222 2925 273 2965 ζὰ]
290 2924 340 2958 Cf.
359 2926 423 2967 Ep.
445 2929 538 2968 1256.
557 2929 634 2966 6911.
906 2927 1071 2958 Erasmus
1094 2927 1181 2959 adds
1201 2928 1238 2959 in
1261 2927 1320 2959 the
1343 2929 1477 2970 margin
1499 2929 1578 2961 herc
1601 2929 1670 2960 and

123 2968 197 3007 864.
222 2968 426 3010 prophetae]
443 2969 493 3001 Of.
512 2970 576 3011 Ep.
600 2970 689 3009 1381.
712 2977 806 3009 145n.
906 2970 979 3002 also
1001 2972 1139 3012 against
1160 2975 1347 3003 contuentes
1368 2972 1403 3012 (l.
1430 2974 1506 3014 885)
1533 2972 1540 2984 ⁶
1556 2972 1670 3005 Soloe-

124 3013 196 3054 867.
221 3012 432 3054 significans]
444 3014 486 3044 In
500 3013 558 3045 the
573 3017 649 3045 text
661 3013 696 3045 of
715 3014 838 3055 Hilary
906 3014 1032 3046 cismus
1047 3015 1054 3027 '
1073 3027 1080 3046 :
1107 3016 1197 3047 ii.·28
1208 3025 1233 3053 1,
1250 3018 1314 3056 383
1328 3016 1364 3047 in
1380 3028 1410 3047 a.
