2012 3370
218 111 294 150 174
687 105 943 147 LETTERS
973 106 1045 147 01
1075 105 1340 147 1111118Μο8
1689 108 1813 159 [1523

212 221 379 260 Christo
411 219 597 259 tribuere
622 230 773 269 corpus
802 222 847 257 et
871 218 1058 256 animam
1083 217 1209 256 nullis
1237 218 1467 257 obnoxiam
1497 217 1685 257 molestis
1714 218 1814 258 aste-

211 273 562 314 011011111118.Α(1
585 271 630 311 id
655 272 907 318 docendum,
933 284 1067 323 quum
1094 271 1315 312 adhiberet
1345 272 1614 311 collationem
1645 272 1699 312 (16
1729 273 1814 312 1610

149 344 196 377 40
213 343 369 381 aquam
407 332 483 368 aut
518 329 658 379 ignem
695 327 784 366 ictu
820 304 1008 366 violento
1046 330 1296 377 penetrante
1333 327 1423 366 sinc
1452 326 1637 366 vulneris
1675 340 1813 374 sensu,

212 388 437 445 propterea
458 382 575 433 quod
597 394 748 432 corpus
770 381 815 420 in
837 381 953 432 quod
975 380 1026 420 fit
1046 382 1244 432 impetus,
1268 395 1355 421 non
1378 382 1433 420 sit
1456 394 1591 432 capax
1614 381 1813 428 vulneris,

212 439 341 477 etiam
373 438 407 475 si
436 437 511 476 teli
539 436 689 475 natiua
717 436 782 474 vis
811 440 876 474 est
904 435 1059 474 vulnus
1089 435 1303 487 infligere;
1351 436 1403 474 de
1435 449 1510 474 suo
1542 414 1815 487 parenthesin

212 492 439 531 admiscuit
471 491 683 542 quispiam
720 490 778 528 ‘si
811 494 957 529 tamen
990 489 1034 528 id
1068 494 1168 541 apte
1202 490 1542 542 comparabitur'
1550 522 1557 529 .
1627 490 1813 529 Rursum

212 559 344 597 quum
374 545 501 597 paulo
531 549 630 596 post
658 545 894 591 subiiceret,
930 544 938 560 ‘
958 544 1170 584 Habuerit
1198 558 1298 584 sane
1326 545 1431 583 illud
1461 545 1634 583 Domini
1663 557 1815 596 corpus

149 616 191 648 45
212 601 366 639 (1010118
402 600 536 639 nostri
570 602 784 646 naturam,
821 600 855 637 si
891 612 1041 650 corpus
1077 602 1270 638 nostrum
1305 600 1349 638 id
1384 603 1564 638 naturae
1599 599 1731 638 habet
1765 602 1816 638 vt

211 655 346 694 calcet
365 654 501 693 vndas
527 658 571 693 et
596 667 721 705 super
746 653 901 693 fluctus
927 653 1036 700 eat’,
1057 654 1395 692 etc—nimirum
1421 667 1474 693 ex
1499 654 1579 692 hac
1605 653 1813 692 dissimili-

210 709 359 749 tudine
377 709 574 760 colligens
591 708 688 747 Iesu
706 721 858 760 corpus
875 709 1005 747 etiam
1022 709 1066 746 in
1083 721 1207 747 sensu
1225 708 1379 747 doloris
1397 709 1552 747 nostris
1570 707 1815 759 corporibus

210 764 339 803 fuisse
368 763 596 810 dissimile3
642 763 701 802 810
730 763 785 802 ab
814 762 894 801 illis
924 766 1112 802 correcta
1140 762 1281 801 fuerat
1309 762 1541 814 Scriptura,
1574 762 1583 778 ‘
1603 762 1815 801 Habuerit

210 832 311 858 sane
339 818 444 857 illud
473 818 646 857 Domini
674 830 825 868 corpus
857 818 925 867 (ex
965 819 1158 868 peccato)
1189 817 1343 856 doloris
1372 818 1506 856 nostri
1535 820 1749 864 naturam,
1781 817 1815 855 si

153 889 192 921 50
211 886 362 924 corpus
391 876 585 911 nostrum
614 871 659 910 id
686 876 866 911 naturae
895 871 1027 910 habet
1055 875 1106 910 vt
1133 871 1268 910 calcet
1288 871 1426 910 vndas
1454 873 1622 923 (suapte
1643 875 1812 917 natura,

210 929 300 967 siue
321 927 504 966 mirabili
526 926 737 965 adiutorio
759 926 855 975 Dei)
878 930 922 965 et
943 938 1069 976 super
1090 924 1245 964 fluctus
1267 930 1338 964 eat
1353 925 1376 972 ’,
1399 929 1481 964 etc.

264 982 325 1021 Ac
358 981 485 1033 paulo
518 980 704 1027 inferius,
739 993 873 1031 quum
906 980 1030 1018 diuus
1064 979 1251 1018 Hilarius
1284 980 1531 1030 scripsisset,
1568 979 1577 994 ‘
1596 979 1655 1018 Et
1687 979 1814 1018 homo

208 1036 277 1075 ille
299 1036 351 1075 (16
373 1036 463 1075 1)60
485 1039 563 1082 081,
586 1035 746 1074 habens
768 1034 824 1073 ad
845 1034 1095 1085 patiendum
1117 1033 1289 1084 quidem
1312 1047 1476 1085 corpus,
1500 1038 1544 1072 et
1564 1046 1714 1085 passus
1735 1038 1814 1081 est,

209 1090 284 1129 sed
302 1094 502 1129 naturam
522 1102 608 1127 non
627 1089 788 1127 habens
808 1088 863 1127 ad
883 1088 1112 1127 dolendum
1133 1088 1141 1102 ’
1163 1101 1172 1134 ;
1208 1088 1267 1126 810
1291 1092 1384 1127 6131
1403 1092 1629 1135 0011601118,
1650 1088 1730 1127 1100
1750 1092 1815 1127 681

149 1159 188 1193 55
209 1144 482 1196 deprauatuS,
512 1143 642 1190 locus,
676 1142 685 1158 ‘
704 1143 763 1181 Et
791 1155 940 1193 passus
969 1147 1046 1189 est,
1078 1142 1152 1181 sed
1182 1142 1462 1191 (imbecillem,
1494 1146 1544 1181 vt
1572 1147 1732 1190 nostra,
1762 1156 1815 1182 ex

208 1200 402 1251 peccato)
428 1202 627 1237 naturam
651 1210 739 1236 non
762 1197 923 1236 habens
948 1196 1004 1235 ad
1028 1174 1297 1236 dolendum'.
1355 1197 1588 1248 Aliquanto
1608 1201 1720 1248 post,
1741 1197 1815 1236 vbi

208 1254 434 1305 scripserat
463 1252 664 1298 Hilarius,
697 1251 905 1290 ‘Fallitur
933 1264 1030 1303 ergo
1059 1251 1272 1290 humanae
1301 1252 1628 1290 existimationis
1657 1252 1814 1303 opinio,

209 1312 366 1359 putans
381 1307 479 1346 hinc
494 1307 634 1346 dolere
649 1306 764 1357 quod
779 1305 972 1368 patiturss
988 1306 1047 1344 810
1062 1305 1178 1357 quod
1193 1306 1398 1357 scriptum
1413 1309 1506 1345 erat
1520 1305 1813 1353 emendarant,

211 1362 399 1401 ‘Putans
434 1362 532 1401 111110
563 1363 788 1412 (tanquam
822 1361 868 1399 in
903 1373 1028 1399 carne
1062 1361 1244 1411 peccati)
1281 1360 1422 1399 dolere
1456 1360 1573 1411 quod
1607 1360 1797 1411 patitur’
1806 1391 1814 1399 .

146 1426 193 1457 60
209 1416 410 1457 Similiter
426 1416 471 1455 in
487 1415 600 1455 calce
617 1415 791 1454 secundi
805 1415 914 1461 libri,
933 1427 1066 1466 quum
1084 1415 1196 1454 1111110
1212 1415 1256 1453 111
1273 1415 1448 1453 1110(111111
1465 1419 1576 1454 68861
1592 1415 1814 1466 scriptum,

213 1471 222 1486 ‘
242 1470 323 1510 Hic
355 1484 452 1522 ergo
485 1470 668 1521 Spiritus
699 1473 873 1508 sanctus
905 1468 1168 1520 expetendus
1200 1472 1278 1515 est,
1312 1469 1615 1520 promerendus
1647 1473 1725 1516 681,
1765 1482 1815 1508 ea

210 1525 406 1576 deinceps
470 1528 793 1576 praeceptorum
849 1523 933 1562 fide
989 1527 1119 1574 atque
1175 1523 1472 1563 obseruatione
1535 1523 1812 1570 retinendus,’

209 1581 561 1625 intertexuerant,
588 1578 596 1594 ‘
615 1578 917 1629 promerendus
940 1582 1017 1624 681,
1041 1577 1282 1616 3(101311(1118
1305 1582 1370 1617 681
1389 1577 1397 1593 ’
1419 1591 1427 1624 ;
1466 1578 1592 1617 veriti
1613 1578 1813 1617 nimirum

209 1647 262 1673 ne
298 1634 393 1685 quis
430 1634 715 1684 suspicaretur
750 1633 869 1671 illum
906 1633 1083 1671 sensisse
1121 1632 1326 1683 Spiritum
1366 1636 1563 1671 sanctum
1600 1645 1687 1671 non
1721 1645 1812 1671 esse

148 1698 189 1737 65
210 1688 489 1734 adorandum,
516 1700 649 1738 quum
675 1687 821 1726 multis
847 1686 983 1725 modis
1009 1686 1161 1726 doceat
1186 1686 1358 1725 Patrem
1384 1691 1428 1725 et
1453 1687 1607 1725 Filium
1634 1686 1812 1726 adoran-

210 1743 326 1789 dum,
345 1742 397 1781 de
413 1742 574 1793 Spiritu
589 1741 694 1780 nihil
710 1741 795 1780 tale
811 1741 1063 1792 pronunciet
1083 1754 1090 1779 :
1124 1740 1322 1780 videlicet
1337 1742 1439 1792 quia
1453 1754 1541 1780 non
1555 1741 1718 1788 incidit,
1737 1745 1814 1781 aut

210 1797 311 1848 quia
333 1796 524 1835 nondum
547 1796 626 1835 hoc
648 1795 693 1835 id
715 1796 918 1847 temporis
942 1798 1034 1834 erat
1056 1799 1205 1834 exacte
1227 1795 1464 1835 definitum.

263 1851 418 1890 Mimm
443 1854 588 1890 autem
612 1863 722 1902 quur
744 1849 873 1889 iidem
896 1863 983 1889 non
1007 1850 1271 1901 corruperint
1294 1853 1338 1889 et
1360 1850 1486 1889 huius
1509 1850 1646 1901 operis
1669 1849 1812 1897 finem,

210 1905 284 1944 vbi
304 1909 550 1944 constanter
569 1905 628 1944 sic
647 1905 853 1956 scriptum
874 1908 951 1951 681,
975 1902 984 1918 ‘
1000 1904 1172 1943 Patrem
1191 1904 1350 1944 scilicet
1369 1908 1412 1943 te
1432 1908 1640 1951 nostrum,
1656 1903 1812 1944 Filium

148 1977 193 2010 70
210 1964 335 1999 tuum
356 1973 441 1998 vna
461 1964 603 1999 tecum
625 1959 810 2006 adorem,
833 1963 877 1998 61
897 1958 1103 2010 Spiritum
1124 1962 1321 1998 sanctum
1347 1961 1486 2006 tuum,
1508 1959 1582 2010 qui
1602 1972 1654 1997 ex
1674 1962 1719 1998 te
1738 1971 1813 2010 per

210 2015 475 2066 vnigenitum
498 2014 652 2053 Filium
675 2017 752 2060 est,
777 2012 1055 2064 promerear’.
1112 2013 1225 2052 Nam
1251 2013 1319 2052 1110
1346 2026 1529 2065 quoque,
1558 2026 1691 2064 quum
1718 2025 1812 2064 pro-

209 2069 383 2108 1111110161
411 2068 584 2107 Ρ3116111
612 2072 656 2107 61
684 2067 880 2106 Filium‘
899 2067 1208 2115 adomndum’,
1238 2067 1297 2119 Sp
1298 2067 1445 2106 iritum
1483 2072 1680 2106 sanctum
1708 2067 1814 2106 nihil

211 2121 328 2162 aliud
358 2135 489 2173 quam
522 2121 906 2173 ‘promerendum’
939 2121 1056 2160 dicit.
1127 2121 1221 2161 Hoc
1253 2135 1384 2173 genus
1416 2121 1684 2173 appendices,
1717 2121 1813 2173 plus

210 2189 341 2228 quam
374 2177 552 2228 triginta
584 2176 686 2215 10018
720 2176 1000 2227 comperimus
1035 2175 1204 2214 additas
1237 2176 1282 2215 in
1316 2176 1494 2223 Hilario,
1529 2175 1703 2215 tametsi
1736 2189 1814 2215 nos

150 2248 190 2281 75
211 2230 393 2282 exempli
425 2243 554 2270 causa
585 2243 718 2269 vnum
751 2234 882 2281 atque
915 2229 1095 2269 alterum
1128 2230 1268 2268 locum
1301 2230 1517 2269 duntaxat
1548 2231 1592 2269 in
1625 2230 1812 2270 medium

211 2285 448 2332 attulimus,
476 2298 529 2324 ne
556 2284 723 2324 molesti
749 2285 880 2323 simus
906 2284 1065 2323 lectori.
1124 2284 1288 2323 Rursus
1315 2284 1500 2323 admiror
1525 2297 1612 2323 non
1638 2288 1682 2323 et
1707 2284 1813 2323 illud

210 2352 298 2378 esse
326 2343 574 2386 correctum,
603 2338 720 2390 quod
747 2338 894 2378 scribit
920 2338 1124 2389 Spiritum
1154 2342 1349 2377 sanctum
1377 2352 1429 2377 ex
1467 2338 1595 2377 Patre
1622 2351 1711 2377 esse
1738 2351 1813 2389 per

210 2393 377 2440 Filium,
406 2406 455 2433 ac
481 2406 568 2432 non
593 2394 736 2445 potius
763 2393 818 2432 ab
844 2396 1027 2443 vtroque
1052 2392 1286 2443 proficisci;
1329 2393 1414 2431 imo
1441 2393 1486 2431 in
1512 2405 1596 2431 vno
1623 2392 1811 2444 quodam

210 2448 454 2500 exemplari,
475 2447 520 2486 id
539 2451 775 2487 correctum
795 2447 993 2498 comperi,
1010 2459 1086 2497 per
1106 2459 1197 2486 eum
1216 2449 1385 2486 mutato
1404 2447 1449 2485 in
1468 2459 1560 2486 cum
1580 2459 1636 2486 eo.

150 2512 195 2543 80
267 2501 486 2550 Quaenam
510 2506 575 2541 est
601 2503 685 2541 ista
702 2502 921 2541 temeritas
943 2501 988 2540 in
1009 2501 1125 2540 libris
1149 2501 1307 2548 alienis,
1330 2502 1579 2552 praesertim
1602 2504 1809 2549 veterum,

211 2569 393 2607 quorum
420 2556 624 2595 memoria
651 2556 787 2602 nobis,
810 2559 860 2595 vt
888 2568 977 2595 esse
1007 2555 1147 2602 debet,
1172 2559 1441 2594 sacrosancta
1467 2559 1545 2602 est,
1571 2568 1705 2606 quum
1729 2555 1811 2607 ipsi

213 2610 356 2650 absint
384 2623 411 2649 a
438 2610 637 2662 periculo,
668 2610 875 2662 quemuis,
897 2613 1115 2660 vtcunque
1135 2609 1274 2649 visum
1295 2609 1437 2656 fuerit,
1458 2609 1618 2657 radere,
1649 2622 1810 2661 expun-

211 2677 318 2716 gere,
340 2664 508 2712 addere,
530 2664 709 2712 demere,
731 2668 911 2711 mutare,
934 2676 1170 2715 supponere
1190 2667 1206 2703 ‘3
1264 2663 1332 2702 An
1360 2664 1440 2703 hoc
1468 2664 1621 2715 agitur,
1642 2677 1695 2702 ne
1716 2664 1811 2715 quis

211 2722 337 2769 putet
363 2719 408 2758 in
429 2722 623 2758 veterum
647 2719 765 2758 libris
787 2731 875 2758 esse
897 2719 1126 2770 quicquam
1148 2718 1298 2757 erroris
1318 2721 1334 2757 ⁶?
1392 2718 1527 2769 Atqui
1547 2717 1737 2765 laterem,
1760 2722 1811 2757 vt

151 2782 191 2823 85
213 2773 346 2819 aiunt,
362 2773 528 2821 lauerit,
549 2774 741 2825 quisquis
759 2773 899 2813 isthuc
919 2776 1107 2812 conetur.
1166 2772 1289 2812 Hanc
1309 2772 1557 2812 felicitatem
1577 2772 1692 2811 Deus
1711 2771 1809 2810 solis

518 2865 569 2896 51
596 2855 669 2887 siue
687 2866 730 2887 α.
722 2866 730 2874 ·
760 2856 834 2888 sine
850 2857 884 2890 β.
1096 2856 1147 2887 81.
1174 2858 1215 2886 vt
1231 2864 1303 2887 esse
1320 2854 1426 2887 debet
1441 2853 1516 2887 add.
1535 2855 1569 2888 β.

255 2967 307 2998 43.
333 2955 520 2987 admiscuit·
535 2955 725 2997 quispiam]
741 2956 797 2988 No
814 2964 872 2988 MS.
890 2954 976 2988 with
992 2954 1076 2987 such
1089 2953 1360 2996 interpolations
1373 2962 1483 2986 seems
1497 2956 1535 2985 to
1548 2952 1590 2985 be
1604 2951 1740 2986 known

254 3009 309 3040 44.
334 2997 439 3042 paulo
456 2998 550 3040 post]
569 3000 668 3032 Trin
692 3008 741 3033 10
761 3008 814 3040 23.
