2012 3370
184 134 306 184 1393]
585 131 657 170 'ro
686 129 890 169 Josrus
922 125 1246 168 LUDovioUs
1276 124 1483 163 maenis
1695 122 1774 160 345

184 254 208 279 a
231 241 436 280 barbariei
452 240 606 292 probro
622 238 822 284 vindicet,
840 239 898 276 sic
913 237 1062 276 floreat
1079 240 1127 274 vt
1143 248 1238 274 eum
1254 233 1490 286 praecipuis
1506 245 1555 270 ac
1570 230 1773 269 laudatis·
1794 247 1836 270 20

184 296 299 334 simis
327 295 572 335 nationibus
601 296 761 332 certare
791 293 937 343 possit.
1000 291 1253 341 Quanquam
1288 293 1331 328 et
1365 288 1463 327 olim
1496 299 1630 338 quum
1665 286 1776 324 inter

184 348 294 388 feros
323 362 371 388 ae
401 349 603 388 barbaros
631 351 900 386 censerentur
922 346 1155 391 Sarmatae,
1179 349 1324 382 tamen
1354 355 1379 381 a
1407 353 1574 380 morum
1603 352 1774 379 censore

186 403 387 442 quenale
402 403 659 454 integritatis
675 402 845 440 nomine
862 400 1040 451 praelati
1060 403 1161 437 sunt
1176 398 1418 437 cultissimis
1434 393 1776 434 Atheniensibus.

185 458 333 509 Neque
352 458 560 503 Sarmata,
581 456 734 507 inquit,
755 469 832 494 nee
850 455 1007 501 Thrax,

403 529 483 576 Qui
513 528 694 579 sumpsit
722 540 896 578 pennas,
928 524 1076 564 mediis
1105 523 1178 562 sed
1208 527 1335 562 natus
1365 522 1557 560 Athenis.
1798 534 1836 566 25

186 599 250 638 Ne
289 612 612 639 commemorem
649 597 819 637 interim
858 596 1031 634 ditionis
1070 593 1410 645 amplitudinem,
1451 592 1611 630 Russos
1650 590 1777 629 etiam

186 654 304 693 albos
322 658 366 693 et
385 654 589 693 Lituanos
607 651 928 703 complectentis
948 663 956 696 ;
991 649 1147 700 quibus
1165 647 1361 687 omnibus
1378 646 1582 685 latissime
1598 646 1782 696 imperat

187 721 212 746 a
240 708 406 748 Vistula
431 707 603 747 flumine
630 706 683 745 ad
711 706 935 745 Tauricam
958 703 1277 748 Chersonesum,
1309 714 1334 739 a
1363 701 1469 739 inari
1499 699 1696 738 Balthico
1726 697 1779 736 ad

187 762 449 813 Carpathum
492 765 681 801 montem
723 758 1018 811 sigismundus
1060 757 1167 803 Rex,
1212 768 1345 807 quum
1389 754 1585 793 omnibus
1628 765 1782 804 magno

188 816 382 868 Principe
408 817 545 868 dignis
572 816 745 855 dotibus
772 813 990 859 excellens,
1020 816 1114 850 tum
1141 810 1287 850 multis
1315 822 1364 848 ac
1392 809 1555 859 magnis
1582 821 1633 845 ex
1661 807 1783 845 hoste
1803 822 1846 853 30

187 870 366 909 Tartaro
395 870 653 921 Moschoque
682 869 825 908 relatis
854 867 1043 906 victoriis
1073 865 1237 905 clarus:
1284 863 1439 914 quibus
1469 861 1583 901 haud
1614 862 1699 899 scio
1730 873 1784 899 an

189 924 299 963 vllae
326 925 460 976 magis
492 924 652 964 fuerint
684 923 941 963 necessariae
976 920 1146 960 tuendis
1180 919 1443 959 Christianae
1478 916 1651 955 ditionis
1680 914 1782 953 limi-

189 979 318 1018 tibus.

244 1033 400 1072 Verum
429 1033 532 1072 haec
561 1033 665 1072 alias
692 1032 872 1072 fortasse
900 1030 1197 1082 tempestivius
1225 1028 1432 1066 dicentur.
1490 1025 1614 1064 Nunc
1643 1024 1785 1075 accipe

191 1087 482 1126 Precationem
495 1087 763 1126 Dominicam
779 1088 823 1125 in
838 1089 1001 1137 septem
1016 1084 1176 1136 parteis
1187 1082 1409 1133 digestam,
1424 1083 1474 1119 vt
1489 1083 1533 1118 et
1545 1083 1594 1118 tu
1609 1077 1786 1117 iubebas
1806 1094 1843 1125 35

191 1146 235 1180 et
268 1142 323 1181 ab
357 1142 449 1181 aliis
482 1142 730 1181 factitatum
765 1141 917 1180 video:
968 1151 1216 1190 quanquam
1251 1136 1354 1175 mihi
1388 1135 1498 1173 duae
1531 1137 1785 1185 postremae,

194 1196 202 1209 ‘
222 1196 280 1235 Et
304 1209 357 1235 ne
382 1210 459 1236 nos
484 1196 660 1236 inducas
684 1197 729 1235 in
754 1195 1051 1240 tentationem,
1079 1192 1153 1232 sed
1177 1191 1309 1230 libera
1334 1203 1411 1229 nos
1437 1202 1461 1227 a
1488 1187 1628 1234 malo,’
1655 1186 1786 1226 nihilo

191 1251 346 1291 rectius
372 1251 572 1290 videntur
597 1250 828 1290 distractae
853 1261 983 1300 quam
1009 1249 1044 1286 si
1069 1248 1164 1298 quis
1191 1259 1243 1285 ex
1268 1245 1475 1297 proxima,
1506 1242 1513 1257 ‘
1534 1242 1593 1281 Et
1617 1242 1787 1280 remitte

193 1304 314 1345 nobis
343 1305 489 1344 debita
518 1309 677 1352 nostra,
707 1305 818 1343 sicut
846 1307 891 1342 et
919 1315 996 1341 nos
1023 1301 1282 1341 remittimus
1311 1297 1575 1338 debitoribus
1604 1294 1787 1341 nostris:

193 1358 300 1398 duas
324 1359 461 1398 facere
486 1359 603 1398 velit.
659 1358 781 1406 Quod
806 1359 841 1397 si
866 1361 967 1396 tuae
992 1356 1145 1408 pietati
1170 1367 1321 1406 parum
1347 1353 1427 1391 erit
1452 1355 1615 1403 septem
1641 1349 1790 1389 diebus
1807 1364 1851 1395 40

193 1417 331 1452 totam
366 1413 597 1460 absoluere,
633 1417 756 1465 potes
793 1411 924 1463 (quod
958 1412 1088 1449 etiam
1124 1422 1149 1448 a
1184 1407 1414 1448 maioribus
1449 1405 1574 1444 video
1607 1404 1788 1450 factum)

192 1467 377 1519 singulos
395 1468 485 1507 dies
503 1469 547 1507 in
566 1472 729 1519 septem
750 1465 949 1518 precandi
969 1469 1164 1516 tempora
1182 1463 1345 1515 partiri.
1414 1461 1528 1499 Bene
1548 1458 1656 1498 vale.

248 1522 451 1570 Basileae,
472 1536 584 1562 nono
603 1522 774 1562 Calend.
795 1519 1005 1560 Nouemb.
1027 1519 1106 1558 An.
1128 1529 1224 1557 M.D.
1245 1526 1377 1555 XXIII.

409 1668 531 1706 1394.
595 1665 734 1706 Fssom
766 1665 1012 1706 NlcfloLAs
1046 1675 1105 1704 oF
1137 1661 1578 1702 Hizffroemsscsffl.

243 1745 389 1790 Leipzig
404 1744 477 1780 Ms.
1447 1738 1633 1781 Antwerp.

244 1802 318 1838 BE.
340 1814 393 1844 19.
1379 1807 1394 1841 5
1414 1795 1624 1831 November
1642 1804 1741 1839 1523.

241 1882 310 1922 [An
339 1881 484 1924 original
512 1882 626 1920 letter,
656 1882 852 1924 autograph
882 1881 1109 1923 throughout.
1160 1880 1232 1912 The
1262 1878 1443 1921 year-date
1470 1877 1500 1908 is
1528 1875 1717 1908 confirmed
1747 1874 1793 1916 by

198 1926 256 1957 the
281 1929 454 1958 contente.
506 1926 574 1958 For
599 1926 774 1958 Nicholas'
803 1929 943 1968 present
968 1925 1123 1968 position
1149 1934 1204 1955 see
1231 1923 1296 1965 Ep.
1323 1924 1399 1955 616.
1432 1931 1507 1961 1411,
1535 1919 1605 1952 and
1630 1919 1673 1951 cf.
1701 1919 1791 1961 Epp.

202 1979 294 2010 1299.
316 1972 437 2010 89-92,
460 1978 556 2009 1302.
577 1971 679 2010 86—7,
703 1972 801 2013 1358.
823 1969 941 2012 32—3.]

251 2045 322 2084 SIS
351 2045 506 2092 saluus,
527 2045 696 2085 domine
724 2047 782 2084 mi
810 2050 855 2084 et
877 2049 1056 2096 patrone
1076 2045 1264 2083 Erasme.
1323 2042 1479 2082 Oblato
1505 2041 1608 2080 mihi
1628 2044 1795 2092 praeter

199 2112 315 2155 spem
342 2101 510 2148 nuncio,
538 2114 624 2139 non
650 2101 772 2152 potui
798 2101 902 2152 quin
928 2099 1152 2138 scriberem
1179 2098 1247 2137 vel
1273 2098 1420 2149 paucis
1446 2096 1498 2134 de
1525 2096 1629 2135 meis
1654 2094 1793 2134 rebus.

200 2153 328 2192 Eram
355 2154 493 2193 iturus
519 2154 675 2202 Liram,
703 2155 777 2194 sed
804 2155 929 2193 amici
955 2154 1101 2193 multis
1127 2152 1365 2192 rationibus
1392 2151 1625 2202 adegerunt
1652 2162 1719 2188 me
1746 2152 1796 2187 vt

200 2207 459 2259 Antuerpiae
509 2209 772 2260 aliquamdiu
823 2209 1095 2248 subsisterem
1146 2207 1224 2246 sub
1276 2206 1406 2245 oculis
1458 2205 1796 2244 aduersariorum

200 2275 402 2309 meorum,
417 2276 469 2301 ne
481 2263 561 2302 illis
574 2263 819 2315 praeberem
831 2276 988 2303 nouam
1001 2262 1208 2314 gloriandi
1221 2274 1382 2300 ansam.
1428 2260 1583 2310 Itaque
1595 2271 1729 2309 vsque
1742 2256 1797 2295 ad
1818 2267 1831 2298 5

201 2317 387 2378 natalem
401 2317 555 2357 Christi
569 2318 795 2357 continebo
808 2331 875 2357 me
889 2319 933 2357 in
946 2318 1144 2363 alueario,
1158 2316 1285 2355 domo
1299 2315 1489 2366 magistri
1503 2313 1619 2352 Petri
1633 2312 1772 2364 Egidii
1789 2325 1796 2357 ;

200 2372 369 2410 interim
395 2372 526 2411 aliubi
551 2373 654 2412 mihi
678 2373 932 2425 prospiciam
957 2372 1011 2410 de
1034 2371 1301 2410 habitatione
1326 2368 1564 2409 commoda.
1617 2366 1799 2406 Consilio

203 2430 292 2472 tuo,
333 2438 468 2477 spero,
503 2426 725 2478 obsequar,
766 2440 852 2466 non
886 2427 968 2465 alio
1001 2430 1128 2477 paeto
1162 2425 1426 2464 aduersarios
1459 2422 1635 2461 vleiscar
1668 2433 1796 2472 quam

201 2479 377 2519 honeste
408 2481 606 2520 viuendo.
666 2481 748 2522 Sed
779 2482 1022 2532 conquieuit
1056 2480 1238 2518 multum
1270 2491 1415 2518 eorum
1446 2478 1632 2527 impetus
1663 2478 1799 2513 morte

201 2536 355 2591 summi
395 2535 626 2574 PontificiS.
694 2536 936 2575 Scribonius
975 2536 1200 2574 restitutus
1239 2537 1304 2572 est
1324 2547 1332 2579 ;
1387 2532 1613 2571 restitutus
1652 2533 1716 2567 est
1755 2532 1799 2567 et
1825 2539 1862 2560 ω

201 2588 417 2627 Cornelius
430 2589 569 2636 Hoon,
587 2590 823 2629 aduoca-tus
836 2592 879 2628 in
892 2590 1016 2640 Haga
1029 2589 1208 2634 comitis,
1225 2586 1504 2626 frementibus
1518 2583 1799 2635 Egmondano

204 2655 300 2680 eum
320 2644 419 2682 suis.

258 2696 494 2744 Caeterum,
519 2698 576 2736 mi
598 2697 781 2744 domine,
805 2698 933 2736 miror
955 2696 1023 2736 vel
1043 2695 1364 2747 improbitatem
1387 2693 1454 2732 vel
1476 2692 1800 2745 incogitantiam

253 2792 349 2823 1393.
377 2794 426 2824 28.
454 2793 499 2825 B:
532 2792 763 2823 Cheronesum
783 2803 812 2822 u.
936 2802 986 2833 30.
1013 2790 1125 2831 (liguis
1143 2790 1300 2831 Principe
1320 2791 1352 2823 β.
1475 2798 1526 2830 43.
1553 2787 1617 2819 An.
1638 2798 1700 2819 0711.
1723 2799 1755 2827 7.

252 2882 349 2913 1393.
375 2891 424 2923 23.
438 2855 633 2919 1111100010]
653 2890 680 2920 3.
701 2890 756 2920 79,
775 2881 828 2911 So.
1042 2887 1138 2919 1523.

253 2926 351 2956 1394.
375 2936 404 2967 3.
432 2923 563 2964 Liram]
589 2924 714 2961 Lierre,
738 2934 758 2963 9
787 2933 849 2954 ms.
876 2933 903 2955 s.
931 2923 964 2954 of
1126 2919 1340 2960 Scribonius]
1366 2920 1427 2953 See
1455 2920 1544 2961 Epp.
1575 2920 1668 2960 1087.
1700 2929 1800 2961 355⁰·

216 2968 382 3010 Antwerp.
1044 2967 1136 3006 1358.
1156 2975 1207 3006 31.

255 3023 303 3045 10.
329 3010 521 3050 Pontifieis]
543 3010 673 3043 Adrian
699 3020 746 3048 vi,
773 3011 844 3050 †14
871 3012 965 3051 Sept
1088 3019 1135 3042 11.
1162 3009 1280 3047 Hoon]
1298 3010 1358 3039 §cc
1378 3008 1442 3049 Ep.
1465 3008 1556 3048 1358.
1577 3011 1657 3040 2011.
