2012 3370
228 137 306 175 322
702 137 956 177 LETTERS
989 138 1060 177 OF
1089 138 1353 178 ERASMUS
1704 140 1827 188 [1523

146 263 214 293 400
230 247 396 286 tiorem.
469 247 542 285 Ait
587 248 753 297 sapiens
799 246 1132 293 Ecclesiasticus,
1180 248 1355 287 Honora
1399 248 1609 287 medicum
1655 254 1828 299 propter

229 302 538 340 necessitatem.
599 301 770 348 Quanto
788 302 922 351 magis
939 301 1036 340 huic
1060 301 1223 341 medico
1241 316 1341 341 suus
1359 302 1580 341 habendus
1597 307 1662 342 est
1679 302 1826 351 honos,

231 356 305 406 qui
319 359 410 394 tam
425 355 573 394 efficax
589 355 865 406 pharmacum
882 355 1088 402 exhibuit,
1105 357 1220 407 quod
1234 357 1336 396 nulli
1353 371 1438 396 non
1453 361 1518 396 est
1532 358 1827 405 necessarium,

232 410 312 448 nisi
339 410 373 448 si
400 410 494 460 quis
521 413 585 448 cst
612 410 685 460 qui
712 414 840 448 vacat
867 411 981 448 omni
1009 412 1194 457 crimine,
1222 425 1298 451 nec
1326 425 1432 462 opus
1459 412 1590 450 habet
1616 415 1666 450 vt
1692 412 1828 463 seipso

232 463 377 502 melior
401 463 582 502 euadat!
639 464 733 502 Erit
758 468 901 502 autem
928 468 972 503 ct
997 465 1158 512 efficax,
1185 467 1218 505 si
1245 467 1425 517 pertaesi
1453 466 1622 505 morbos
1646 470 1827 512 nostros,

147 534 209 567 405
231 518 509 568 pharmacum
539 518 617 557 1100
647 518 890 569 frequentor
919 519 1176 567 arrodemus,
1208 522 1241 559 si
1271 521 1437 560 assidue
1466 520 1826 567 commandamus,

231 573 265 610 si
308 573 567 610 traiiciemus
609 574 653 612 in
698 573 965 612 stomachum
1005 576 1134 613 animi
1171 577 1318 621 nostri,
1361 576 1394 613 si
1436 588 1521 613 non
1562 588 1829 614 rcuomemus

231 625 346 676 quod
379 630 599 677 sumptum
627 631 704 674 cst,
733 628 805 666 sed
832 629 875 666 111
907 629 1037 667 animi
1064 629 1285 668 stomacho
1317 630 1661 675 continuerimus,
1695 629 1828 668 donec

230 680 414 731 explicet
435 682 523 720 vim
546 694 680 728 suam,
704 695 865 733 nosque
888 686 1004 722 totos
1025 684 1069 722 in
1092 697 1134 722 se
1156 684 1446 723 transformet.
1498 684 1712 735 Expertus
1735 696 1828 723 sum

231 734 310 774 hoc
334 735 379 774 in
403 736 578 786 meipso,
604 749 755 787 parum
781 750 870 776 esse
894 737 1059 776 fructus
1084 751 1136 776 ex
1162 738 1395 789 Euangelio
1420 739 1454 777 si
1479 740 1574 789 quis
1599 739 1830 777 oscitanter

147 805 214 836 410
231 801 280 827 ac
304 788 589 840 perfunctorie
613 790 739 841 legat.
793 790 875 831 Sed
901 793 934 830 si
959 793 1054 842 quis
1078 792 1166 843 iugi
1191 796 1234 831 et
1259 797 1459 832 accurata
1483 793 1762 832 meditatione
1786 794 1829 832 in

230 856 280 882 eo
301 847 506 891 versetur,
529 845 617 883 vim
639 845 857 896 quandam
879 848 1035 885 sentiet
1055 847 1223 897 qualem
1246 848 1290 886 in
1311 847 1437 886 nullis
1458 847 1550 886 aliis
1570 847 1700 886 libris.

286 897 394 945 Iam,
441 903 492 938 vt
537 899 756 938 hominum
803 901 1109 951 suspitionibus
1156 914 1437 948 occurramus,
1485 902 1600 953 quod
1645 902 1830 953 singulas

231 951 560 1004 Euangeliorum
578 954 862 1005 Paraphrases
878 955 1052 1005 singulis
1067 956 1328 1006 principibus
1344 956 1593 1003 dicauimus,
1613 969 1734 995 casus
1750 961 1829 1004 est,

231 1019 317 1046 non
348 1008 555 1054 ambitio,
604 1008 813 1059 siquidem
842 1009 954 1047 idem
984 1009 1106 1048 nobis
1135 1009 1203 1048 hic
1232 1011 1376 1049 euenit
1404 1011 1521 1061 quod
1551 1012 1595 1050 in
1628 1010 1830 1062 Epistolis

146 1076 208 1109 415
231 1060 499 1112 Apostolicis.
567 1061 707 1109 Quum
742 1063 1017 1102 scriberemus
1046 1064 1092 1103 in
1126 1063 1409 1111 Matthaeum,
1444 1065 1549 1104 nihil
1585 1066 1724 1104 minus
1760 1079 1828 1104 ex-

230 1115 510 1166 pectabamus
531 1129 661 1167 quam
683 1121 732 1155 vt
752 1117 1018 1168 flagitaretur
1038 1118 1220 1157 Ioannes
1241 1132 1289 1157 ac
1312 1132 1411 1158 mox
1433 1119 1581 1158 Lucas.
1632 1119 1756 1159 Nunc
1777 1134 1830 1159 ne

230 1182 316 1219 qua
334 1169 487 1208 lacuna
506 1184 643 1209 vacua
662 1171 859 1210 videatur
877 1173 988 1211 inter
1007 1172 1316 1224 Euangelistas,
1338 1174 1544 1212 addemus
1562 1178 1606 1213 et
1624 1174 1829 1215 Marcum.

233 1223 489 1275 Quanquam
522 1226 595 1275 qui
629 1225 797 1265 diuersa
830 1226 1063 1278 Euangelia
1095 1227 1272 1266 diuersis
1305 1228 1434 1275 dicat,
1469 1228 1600 1268 nihilo
1633 1229 1831 1268 Videatur

230 1277 368 1318 facere
387 1279 612 1318 absurdius
631 1293 761 1331 quam
776 1280 901 1320 diuus
916 1280 1019 1320 fecit
1033 1282 1333 1334 Hieronymus,
1354 1284 1426 1333 qui
1444 1282 1682 1334 Prophetas
1700 1284 1828 1323 etiam

147 1348 212 1378 420
231 1334 413 1372 minores
440 1333 616 1373 diuersis
644 1335 857 1374 attribuit.
914 1335 1225 1375 Admonuimus
1253 1337 1356 1376 alias
1384 1350 1433 1376 ac
1459 1351 1604 1376 rursus
1631 1338 1829 1377 admone·

232 1399 327 1426 mus
354 1387 568 1435 lectorem,
596 1401 649 1427 ne
672 1389 767 1439 plus
793 1390 959 1429 tribuat
985 1394 1155 1430 nostrae
1182 1390 1438 1442 Paraphrasi
1465 1405 1596 1442 quam
1623 1392 1830 1432 tribueret

231 1441 410 1480 aliorum
430 1444 757 1482 commentariis.
807 1444 903 1483 Non
924 1446 1036 1483 enim
1055 1446 1100 1484 in
1120 1445 1199 1484 hoc
1219 1446 1441 1485 scribimus
1461 1446 1758 1497 Paraphrases‚
1780 1452 1830 1486 vt

232 1495 513 1547 Euangelium
550 1498 818 1536 excutiamus
851 1512 873 1537 e
907 1499 1104 1538 manibus
1129 1499 1363 1547 hominum,
1392 1500 1465 1539 sed
1491 1505 1541 1540 vt
1567 1501 1830 1540 commodius

231 1554 276 1588 et
292 1551 451 1589 maiore
469 1564 565 1590 cum
583 1551 726 1590 fructu
744 1552 910 1603 legatur
929 1567 937 1592 ε
972 1554 1335 1604 quemadmodum
1353 1554 1611 1594 condiuntur
1629 1555 1724 1602 cibi,
1744 1569 1830 1606 quo

147 1619 208 1651 423
229 1603 431 1643 libentius
453 1618 501 1644 ac
522 1606 748 1645 iucundius
769 1611 1006 1646 sumantur.
1059 1607 1170 1655 Quin
1192 1613 1235 1647 et
1256 1608 1361 1647 illud
1382 1609 1486 1648 mihi
1507 1610 1744 1648 monendus
1766 1615 1830 1649 est

230 1657 363 1697 lector
394 1660 583 1706 crassior,
618 1673 685 1698 me
716 1673 929 1711 nusquam
961 1663 1006 1700 in
1038 1662 1293 1713 Paraphrasi
1323 1663 1441 1714 loqui
1461 1662 1571 1710 ;'?‘'ne
1602 1664 1719 1715 quod
1749 1665 1829 1703 sub

231 1712 531 1764 Euangelistae
560 1727 740 1764 persona
769 1715 959 1754 modeste
989 1729 1171 1767 vereque
1201 1717 1368 1764 dicitur,
1401 1716 1603 1771 subffmea
1633 1718 1830 1758 videatur

231 1771 477 1818 arroganter
497 1768 593 1807 dici.

286 1821 517 1873 Impartiat
546 1822 627 1874 tibi
659 1823 868 1863 Dominus
900 1825 1019 1864 Iesus
1051 1826 1246 1877 spiritum
1279 1839 1416 1873 suum,
1450 1827 1545 1866 Rex
1575 1827 1746 1879 inclyte,
1781 1832 1830 1866 vt

146 1891 213 1922 430
229 1875 308 1914 sub
327 1877 515 1928 principe
533 1890 631 1916 vere
650 1877 889 1917 Christiano
907 1880 1042 1918 indies
1060 1881 1194 1931 magis
1213 1893 1262 1919 ac
1280 1882 1414 1932 magis
1431 1885 1580 1932 regnet
1596 1881 1829 1932 floreatque

229 1931 388 1969 veritas
410 1930 679 1982 Euangelica.

284 1984 487 2033 Basileae,
512 1986 677 2024 decimo
699 1986 839 2026 Calen.
863 1987 1123 2039 Septembris
1145 1989 1269 2029 Anno
1289 2000 1522 2030 M.1).XXIII.

633 2129 755 2169 1382.
820 2127 960 2170 FRoM
992 2128 1125 2170 JOHN
1158 2128 1424 2172 ΒΟΤΖΗΕΙΜ.

275 2194 424 2238 Leipzig
438 2194 514 2231 MS.
1504 2198 1575 2232 Con
1582 2200 1720 2234 stance.

276 2251 353 2286 ΕΕ.
373 2253 426 2287 16.
1453 2267 1499 2301 24
1515 2256 1660 2301 August
1678 2266 1777 2301 1523.

272 2320 342 2360 [An
363 2321 508 2362 original
528 2320 642 2362 letter,
665 2323 861 2364 autograph
883 2323 1099 2365 throughout
1155 2324 1226 2355 The
1247 2324 1429 2366 year—date
1449 2325 1478 2356 is
1499 2324 1619 2367 amply
1639 2325 1827 2357 confirmed

228 2363 276 2405 by
291 2364 351 2396 the
367 2365 557 2405 contenta]

284 2429 325 2471 S.
383 2430 663 2482 Congratulor
691 2433 784 2479 tibi,
815 2435 1064 2473 suauissime
1093 2437 1354 2485 praeceptor,
1383 2447 1434 2472 ex
1470 2435 1624 2481 animo,
1662 2439 1704 2473 te
1739 2448 1827 2473 esse

229 2496 305 2534 pro
321 2498 406 2535 quo
422 2486 620 2525 habendo
636 2491 767 2538 atque
781 2487 967 2527 fouendo
983 2492 1147 2527 certent
1163 2489 1305 2539 capita
1320 2488 1469 2526 mundi
1485 2492 1529 2527 et
1543 2501 1659 2539 reges
1675 2493 1826 2535 terrae,

229 2540 366 2578 missis
389 2540 445 2579 ad
467 2544 511 2579 te
533 2541 819 2593 vndequaque
842 2547 886 2581 et
908 2542 1154 2594 diplomatis
1177 2547 1221 2581 et
1243 2542 1501 2589 muneribus,
1524 2544 1685 2581 maiora
1707 2556 1824 2594 prae-

229 2594 372 2632 stituri
393 2595 426 2632 si
447 2594 643 2634 volueris.
692 2596 791 2635 Non
810 2601 875 2636 est
895 2597 947 2635 de
966 2597 1098 2636 nihilo
1118 2600 1247 2635 natus
1265 2596 1389 2635 fauor
1404 2597 1637 2647 Anglorum
1654 2610 1752 2649 erga
1767 2602 1824 2643 te,

277 2678 369 2710 1381.
395 2690 468 2721 401.
495 2692 514 2710 α
530 2680 607 2713 LB:
633 2686 687 2713 cst
703 2682 885 2714 habendus
902 2687 929 2715 θ.
1012 2688 1085 2727 406.
1111 2685 1220 2716 animi
1237 2685 1349 2716 nostri
1364 2698 1402 2716 a:
1426 2686 1463 2716 in
1478 2686 1605 2716 intima
1623 2686 1774 2727 pectoris
1790 2689 1824 2720 β.

228 2731 301 2764 407.
327 2723 603 2756 continuerimus
626 2738 668 2757 a:
705 2726 963 2758 continebimus
986 2730 1011 2759 δ.
1227 2740 1301 2772 410.
1328 2729 1406 2770 quis
1426 2739 1489 2760 om..
1515 2728 1540 2768 ζ,
1561 2729 1596 2761 in
1613 2730 1683 2771 fine
1703 2729 1822 2763 lineae.

231 2775 305 2805 419.
330 2765 415 2797 fecit
435 2766 538 2798 diuus
560 2771 586 2799 0.
693 2780 766 2812 424.
793 2771 916 2801 maiori
940 2770 964 2810 ζ.
1169 2783 1241 2815 432.
1268 2772 1441 2814 Septemb.
1462 2774 1488 2803 δ.

278 2854 371 2886 1381.
397 2867 471 2897 400.
499 2858 777 2899 Ecclesiasticus]
797 2862 848 2900 38.
875 2871 900 2892 1.
1107 2862 1199 2893 1382.
1227 2872 1256 2895 2.
1284 2866 1419 2894 certent
1441 2863 1560 2904 capita
1583 2861 1719 2901 mundi]
1743 2863 1823 2894 Evi-

274 2908 350 2939 415.
376 2899 612 2940 Matthaeum]
629 2901 690 2934 See
708 2903 772 2945 Ep.
796 2913 888 2944 1255.
1060 2905 1182 2947 dently
1196 2905 1361 2937 Erasmus
1373 2905 1444 2938 had
1456 2906 1594 2938 written
1605 2905 1642 2937 in
1655 2905 1715 2937 the
1729 2915 1824 2938 same

275 2943 348 2982 416.
376 2941 539 2982 Ioannes]
560 2944 621 2977 See
641 2946 705 2987 Ep.
731 2956 824 2987 1333.
1058 2949 1169 2979 strain
1184 2959 1222 2980 as
1237 2949 1274 2980 in
1291 2949 1355 2990 Ep.
1378 2950 1470 2989 1386.

274 2994 348 3026 417.
375 2984 546 3025 Marcum]
565 2987 626 3019 See
644 2989 708 3030 Ep.
733 2998 826 3029 1400.
1101 3004 1130 3033 4.
1168 2991 1269 3023 fauor
1293 2991 1499 3033 Anglorum]
1526 2992 1575 3024 Cf.
1604 2992 1693 3033 Epp.
1727 2995 1819 3034 1383.

272 3037 348 3069 420.
376 3027 474 3069 alias]
492 3029 540 3061 Cf.
560 3031 624 3072 Ep.
647 3041 739 3072 1255.
762 3035 838 3073 3811.
1056 3036 1158 3072 28—o.
1183 3036 1279 3076 1386.
1298 3045 1377 3074 4011.
