2012 3370
83 150 205 200 1285]
543 148 702 188 111οΜ
730 148 884 188 JOHN
914 147 1211 187 BOTZHEIM
1621 149 1671 186 67

83 261 127 296 et
164 257 476 297 Coronellorum
515 257 765 296 cessandum
804 258 872 296 sit.
937 256 1191 296 Obstrictior
1220 257 1332 294 enim
1362 261 1514 307 Χριστῷ
1543 268 1673 306 quam

83 311 280 351 omnibus
305 312 583 363 quantumuis
610 311 859 350 illuminatis
885 311 942 350 M.
969 311 1022 350 N.
1051 311 1146 361 quis
1171 323 1258 349 non
1283 311 1379 349 est?
1436 309 1672 349 Subodora-

84 365 196 405 baris
220 370 264 405 et
285 369 399 405 recte
423 365 595 417 quidem
618 365 852 405 laconicam
873 365 990 404 illam
1014 365 1239 417 epistolam
1262 369 1384 404 tuam
1407 365 1548 403 nescio
1571 363 1675 415 quid

84 421 215 459 animi
230 420 275 459 in
292 433 359 459 me
374 421 438 459 tui
457 420 615 471 teporis
632 420 910 470 suspitionem
927 420 1176 471 parituram,
1195 420 1275 458 nisi
1292 419 1486 458 laborum
1502 422 1676 458 tuorum

86 476 208 525 (quos
238 474 375 513 habeo
405 475 777 525 compertissimos)
810 474 964 513 molem
993 474 1074 513 tibi
1105 473 1413 513 subindicasses
1442 473 1675 512 imminere.
1697 488 1737 519 50

84 529 172 568 Nec
203 529 315 568 enim
344 541 422 580 par
452 532 517 567 est
547 528 768 579 quibusuis
798 528 1043 568 Botzhemis
1073 532 1243 579 tempus
1272 527 1528 579 impendere,
1561 527 1677 578 quod

84 583 221 622 multo
239 583 395 622 rectius
414 582 594 633 publicis
614 582 846 621 commodis
865 586 1118 621 reseruatur.

139 637 206 676 En
221 636 314 684 tibi,
333 637 519 683 Erasme,
542 638 682 687 potior
702 637 832 675 animi
848 637 930 675 mei
949 649 1059 687 pars,
1085 636 1191 674 duos
1212 636 1419 674 bonarum
1438 635 1679 674 litterarum

86 690 218 742 (quod
250 690 457 730 familiare
491 691 747 742 colloquium
780 691 958 739 indicat)
994 690 1220 737 studiosos,
1255 703 1406 740 nempe
1441 690 1679 729 Chilianum

85 744 231 791 Praiis,
257 745 522 784 Benedictini
545 746 734 784 instituti
758 758 783 783 a
807 749 952 783 monte
976 745 1064 783 diui
1088 744 1255 795 Georgii
1278 745 1322 782 in
1347 745 1453 784 Oeni
1476 744 1586 783 valle
1610 744 1681 782 siti
1702 759 1737 790 53

86 799 354 846 monachum,
393 803 437 838 et
474 799 655 838 alterum
693 799 922 850 Symonem
959 799 1228 845 Mineruium,
1268 799 1348 837 tibi
1386 802 1526 844 antea,
1566 797 1681 849 quod

86 853 286 904 intelligo,
317 866 403 892 non
432 854 604 892 omnino
631 855 924 904 incognitum3
970 853 1073 892 mihi
1102 853 1275 903 quidem
1304 856 1432 891 antea
1460 865 1681 903 nunquam

87 908 210 954 visos,
249 907 322 946 sed
357 920 428 946 eos
464 908 550 958 qui,
589 921 686 946 cum
723 908 1019 947 Constantiam
1056 907 1333 958 appulissent,
1370 908 1416 945 in
1451 906 1682 945 diuersorio

86 961 256 1013 publico
292 963 608 1013 perquisissent,
647 963 681 1001 si
718 963 945 1013 quisquam
980 962 1064 1001 illic
1101 965 1212 1000 esset
1249 961 1413 1000 Erasmi
1452 961 1681 1000 studiosus,

88 1016 250 1064 Quibus
291 1029 367 1067 ego
409 1016 648 1055 denuntior.
721 1017 844 1064 Quod
886 1029 982 1055 cum
1023 1015 1337 1058 intellexissem.
1382 1016 1534 1054 vocaui
1574 1015 1681 1054 illos.
1702 1024 1745 1054 60

89 1070 277 1117 Quorum
299 1070 545 1109 humanitas
567 1075 804 1110 extorserat
826 1084 851 1109 a
874 1084 953 1117 me,
979 1070 1095 1121 quod
1117 1070 1230 1109 Vltro
1253 1070 1508 1116 ambiebam,
1532 1082 1685 1120 nempe

88 1126 253 1163 litteras
267 1129 315 1164 vt
331 1126 564 1175 reciperent
578 1125 659 1164 tibi
674 1125 943 1176 perferendas
958 1125 1113 1175 quibus
1129 1124 1509 1163 commendatiores
1525 1124 1604 1163 tibi
1619 1123 1683 1163 fu-

88 1184 207 1217 turos
227 1179 480 1229 sperabant3
512 1192 612 1217 nam
627 1181 692 1218 tui
707 1179 880 1218 videndi
895 1180 1033 1241 gratia
1053 1179 1265 1217 Basileam
1280 1178 1396 1217 adire
1412 1191 1455 1217 se
1470 1178 1683 1217 dicebant.

142 1232 362 1272 Postremo
391 1233 435 1271 id
465 1246 517 1272 ex
546 1237 590 1272 te
620 1234 724 1272 scire
753 1235 967 1284 percupio,
999 1233 1103 1284 quid
1132 1234 1324 1284 proxime
1356 1246 1381 1271 a
1410 1232 1686 1271 Frobenianis

89 1286 213 1337 prelis
238 1299 313 1337 per
336 1291 380 1326 te
406 1287 713 1338 diuulgandum
739 1289 807 1326 sit.
864 1287 1074 1338 Quicquid
1099 1288 1324 1338 partuiias,
1351 1288 1414 1326 ita
1439 1288 1610 1333 enitere,
1638 1290 1687 1325 vt
1703 1292 1744 1335 65

90 1340 347 1379 valetudinis
371 1345 472 1380 tuae
496 1342 706 1380 rationem
731 1341 902 1380 habeas.
958 1342 1072 1380 Bene
1098 1341 1192 1379 vale
1218 1345 1262 1380 et
1286 1354 1595 1391 nonnunquam
1620 1340 1688 1379 vel

90 1394 265 1434 verbulo
293 1395 576 1434 Botzhemum
604 1400 729 1434 tuum
759 1395 977 1446 compella,
1009 1397 1082 1446 qui
1112 1409 1154 1434 se
1183 1395 1263 1434 tibi
1293 1396 1411 1445 cupit
1440 1408 1528 1434 esse
1558 1407 1684 1445 quam

91 1449 570 1488 commendatissimum.

145 1503 210 1542 Ex
231 1503 482 1543 Constantia
506 1504 592 1553 †26
613 1503 699 1543 Gal.
723 1503 882 1543 Iunias.
905 1514 1120 1542 M.D.Xxil.

907 1558 941 1597 I.
974 1558 1236 1598 Botzhemus
1265 1562 1367 1597 tuus
1397 1571 1449 1597 ex
1479 1559 1635 1597 animo.
1710 1573 1752 1606 70

549 1730 671 1769 1286.
736 1728 878 1769 FRoM
910 1727 1234 1768 BAOOHUSIUS.

140 1801 292 1836 Breslau
309 1800 384 1837 MS.
406 1801 524 1837 Rehd.
545 1811 626 1847 254.
650 1813 702 1846 14.
1435 1803 1584 1848 Bruges.

139 1859 231 1895 EE2.
254 1861 308 1895 18.
1363 1870 1407 1903 27
1428 1859 1516 1904 May
1538 1871 1645 1903 1522.

135 1929 205 1971 [An
220 1929 365 1971 original
377 1929 493 1968 letter,
508 1929 705 1971 autograph
720 1929 946 1971 throughout.
985 1930 1058 1962 The
1072 1930 1254 1971 year-date
1267 1931 1296 1962 is
1311 1931 1431 1973 amply
1445 1931 1635 1964 confirmed
1650 1931 1698 1973 by

92 1974 151 2006 the
173 1976 344 2006 contente.
390 1973 463 2005 The
486 1973 623 2005 month-
627 1973 709 2004 date
730 1974 759 2004 is
782 1973 987 2014 misprinted
1008 1974 1045 2005 in
1067 1974 1151 2006 EE2.
1176 1984 1214 2006 as
1236 1984 1289 2012 21,
1313 1975 1349 2006 in
1372 1975 1551 2007 Horawitz
1571 1976 1619 2008 iii.
1647 1985 1697 2008 12.

91 2017 164 2050 ΕΕ.
181 2027 216 2059 p.
233 2026 298 2055 299
315 2027 352 2048 as
368 2026 421 2057 24.
463 2017 507 2049 Of
523 2016 735 2048 Bacchusius
752 2016 769 2047 I
785 2026 850 2048 can
866 2016 938 2048 find
953 2017 1101 2059 nothing
1117 2027 1211 2049 more
1228 2018 1338 2049 than
1330 2029 1359 2050 1s
1375 2019 1586 2050 contained
1577 2030 1613 2051 m
1629 2018 1699 2050 this

92 2061 205 2093 letter.
246 2060 300 2092 He
316 2070 387 2092 was
403 2060 552 2101 perhaps
569 2070 589 2091 a
605 2060 854 2091 schoolmaster
869 2064 908 2091 at
924 2060 1078 2102 Bruges;
1108 2061 1179 2093 and
1194 2061 1249 2093 for
1267 2065 1334 2093 two
1350 2072 1450 2104 years
1467 2062 1509 2094 he
1525 2062 1595 2094 had
1613 2062 1699 2094 been

96 2107 193 2136 tutor
210 2107 248 2135 to
264 2104 368 2135 Louis
386 2104 421 2135 of
438 2103 613 2135 Flanders.
619 2103 632 2142 ]

149 2161 190 2201 S.
216 2161 269 2199 D.
309 2160 525 2212 Cogitanti
541 2161 644 2200 mihi
659 2174 794 2212 nuper
809 2161 985 2200 vbinam
1006 2163 1208 2202 Erasmus
1231 2163 1300 2202 1110
1324 2163 1450 2212 foret,
1470 2165 1536 2203 Vir
1558 2165 1701 2203 litera-

97 2216 315 2265 tiss<ime>‚
336 2215 493 2266 quidue
512 2219 656 2267 ageret
674 2229 813 2266 quaue
833 2220 944 2256 esset
970 2217 1229 2266 valetudine,
1251 2219 1434 2257 occurrit
1451 2232 1473 2257 0
1491 2218 1701 2270 Bruganis

98 2270 254 2309 nostris
282 2270 609 2321 congerronibus
637 2270 827 2321 quidam,
857 2271 1031 2318 laetum,
1060 2273 1123 2310 ita
1151 2285 1218 2311 me
1246 2272 1305 2311 dii
1333 2277 1491 2319 ament,
1522 2273 1702 2312 afferens

99 2325 315 2363 nuncium.
382 2324 566 2363 Dicebat
603 2326 761 2375 quippe
800 2325 967 2364 Erasmi
1004 2327 1087 2365 mei
1125 2326 1377 2365 familiarem
1415 2341 1437 2366 e
1475 2305 1703 2366 Germania

99 2378 262 2429 Brugas
292 2378 518 2429 appulisse.
579 2379 661 2417 Vix
692 2392 759 2417 me
790 2380 987 2418 contineo
1017 2381 1121 2431 quin
1152 2382 1347 2432 protinus
1378 2394 1535 2432 susque
1566 2381 1703 2444 deque
1725 2399 1737 2422 ;

99 2434 307 2472 cursitans
321 2434 573 2484 inuestigem
588 2433 816 2479 hominem,
832 2438 1058 2485 rogaturus
1073 2440 1319 2497 portaretne
1333 2449 1446 2474 noua
1460 2437 1702 2487 quaepiam,

101 2486 258 2525 nihilne
273 2487 532 2538 stupendum
547 2487 734 2526 referret.
780 2465 932 2526 Illum
922 2490 1106 2536 inuenio,
1122 2502 1224 2540 rogo
1239 2491 1312 2540 qui
1328 2489 1471 2528 valeat
1487 2490 1702 2529 Erasmus.

105 2541 349 2580 ‘'Perbelle
392 2542 546 2592 inquit.
618 2541 793 2580 Gaudeo
836 2542 1033 2592 equidem
1075 2544 1127 2582 de
1168 2548 1246 2582 tua
1288 2544 1400 2583 bona
1442 2544 1700 2584 valetudine.

101 2596 244 2646 Atque
267 2596 410 2642 etiam,
436 2595 567 2634 nolim
591 2596 695 2634 mihi
718 2595 838 2642 fidas,
865 2598 898 2635 si
924 2598 1119 2644 mentior,
1145 2611 1390 2648 quenquam
1414 2602 1509 2636 tum
1532 2599 1705 2649 reperiri

101 2650 288 2701 potuisse
319 2653 417 2688 tuos
448 2651 560 2688 inter
591 2650 794 2688 amiculos
826 2652 959 2701 magis
991 2664 1058 2689 me
1089 2652 1245 2702 gaudio
1277 2652 1530 2691 delibutum.
1592 2652 1703 2700 Quid
1726 2669 1765 2692 10

101 2705 214 2742 enim
232 2716 386 2754 queam
405 2703 552 2742 audire
571 2705 799 2754 acceptius,
821 2705 923 2755 quid
942 2705 1171 2751 lubentius,
1193 2719 1323 2756 quam
1343 2706 1569 2745 Erasmum
1587 2711 1705 2746 recto

103 2757 257 2797 habere
279 2759 293 2797 2
357 2757 436 2796 Est
460 2759 572 2796 enim
596 2770 646 2796 ea
669 2758 885 2797 amiciciae
908 2759 989 2806 lex,
1016 2764 1066 2798 vt
1089 2760 1214 2798 rebus
1238 2761 1448 2811 prosperis
1471 2762 1703 2800 amicorum

150 2858 246 2889 1285.
265 2857 321 2897 46.
340 2857 613 2896 Coronellorum]
626 2857 676 2890 Cf.
691 2858 754 2899 Ep.
773 2859 865 2898 1256.
987 2858 1039 2897 56.
1066 2857 1292 2897 Mineruium]
1305 2859 1335 2891 A
1347 2858 1510 2891 kinsman
1523 2859 1558 2891 of
1575 2859 1684 2892 Praiis
1698 2873 1705 2894 :

107 2910 180 2941 19n.
939 2912 994 2933 sce
1011 2901 1183 2933 Addcnda
1200 2905 1238 2933 ‘to
1254 2902 1324 2933 this
1341 2902 1491 2934 volume.

147 2945 203 2983 48.
227 2944 430 2986 epistolam]
447 2945 518 2976 Not
535 2948 670 2977 extant.
988 2945 1082 2977 1286.
1107 2954 1139 2982 4.
1165 2945 1389 2984 familiarem]
1402 2945 1546 2988 Hilary3
1564 2946 1642 2979 who
1654 2958 1705 2979 ar-

155 2994 207 3027 55.
230 2987 354 3026 Praiis]
378 2987 440 3021 See
457 2988 521 3030 Ep.
544 2997 637 3030 1279.
660 2999 733 3022 10n.
940 2988 1035 3020 rived
1051 2992 1089 3020 at
1105 2989 1236 3031 Bruges
1250 2999 1277 3021 c.
1299 2999 1339 3030 14
1352 2989 1435 3031 May
1450 2990 1507 3031 (of.
1525 2990 1705 3032 Ep.f1281.

196 3034 313 3063 monte
330 3031 402 3063 diui
420 3031 572 3073 Georgii]
589 3031 650 3064 See
667 3043 701 3074 p.
724 3033 773 3072 56.
945 3043 995 3073 19,
1012 3041 1031 3064 2
1037 3034 1133 3073 3nn).
1595 3028 1605 3033 “

869 3099 890 3126 1³
915 3101 936 3129 2
