2012 3370
227 126 304 164 264
696 127 950 167 LETTERS
982 128 1053 167 OF
1083 128 1346 170 ERASMUS
1697 130 1818 178 [1523

225 229 480 267 necessitati.
546 229 624 266 Est
659 228 737 266 hoc
773 229 943 279 quidem
979 230 1230 269 immodicae
1265 230 1484 269 cuiusdam
1521 230 1742 269 charitatis
1775 234 1820 269 et

225 282 474 333 superfluae,
500 287 576 321 tuo
600 283 869 322 incommodo
894 285 1030 323 vitare
1055 285 1286 335 periculum
1310 285 1465 324 infirmi
1490 285 1684 335 proximi.
1738 284 1821 324 Sed

163 348 202 386 65
225 349 335 386 quae
355 337 530 375 tandem
553 336 736 376 charitas
757 340 822 376 est
842 339 1005 389 exigere
1026 344 1075 377 vt
1095 339 1149 378 ob
1170 339 1294 378 huius
1315 340 1382 378 vel
1396 339 1506 378 illius
1526 338 1818 378 infirmitatem

225 390 278 429 de
301 392 392 429 vita
415 391 676 442 periclitetur
699 393 917 442 proximus
939 398 954 430 ‘f
1008 393 1098 445 Ego
1121 394 1237 444 quod
1260 394 1375 445 apud
1399 398 1441 432 te
1465 407 1551 432 non
1574 406 1701 432 ausus
1724 406 1817 432 sum

224 444 374 491 facere,
411 446 470 484 mi
505 445 612 492 Zasi,
649 459 735 485 non
770 446 1033 486 dubitassem
1067 447 1204 487 facere
1240 449 1355 499 apud
1390 448 1502 486 hunc
1538 447 1817 493 Pontificem;

224 500 396 538 tametsi
424 512 510 538 non
537 512 708 550 prorsus
736 500 921 540 alienum
950 502 1004 541 ab
1033 502 1274 542 huiusmodi
1294 503 1608 553 superstitione,
1634 502 1708 541 sed
1735 515 1821 540 non

224 553 465 604 vsqueadeo
512 558 561 593 vt
600 554 655 593 ab
695 554 873 594 Erasmo
913 561 989 595 aut
1036 557 1201 596 Erasmi
1248 557 1454 596 similibus
1500 557 1556 596 sit
1595 560 1823 595 exacturus

161 624 206 656 70
224 608 414 646 carnium
435 608 753 648 abstinentiam.

279 662 450 709 Quanto
468 664 623 702 rectius
641 663 807 703 faciunt
825 664 1000 713 Romae,
1020 667 1106 705 imo
1124 667 1168 705 in
1186 670 1281 705 tota
1300 666 1428 705 Italia
1448 666 1455 704 !
1492 678 1541 704 ac
1559 678 1672 704 nunc
1691 666 1821 704 etiam

224 716 414 755 Basileac
442 717 687 757 venduntur
716 732 860 758 carnes
880 720 1021 771 palam
1050 722 1094 759 in
1122 721 1318 767 macellis,
1348 734 1400 759 ne
1421 720 1561 759 desint
1581 720 1737 771 quibus
1757 723 1822 758 est

224 784 342 822 opus.
399 772 407 786 ⁴
427 771 509 811 Sed
532 773 703 811 interim
727 778 957 813 vescuntur
981 775 1135 826 quibus
1159 789 1244 813 non
1269 779 1334 814 est
1358 775 1492 826 opus.’
1545 774 1822 813 Tolerabilius

223 829 288 864 est
308 830 529 865 sexcentos
550 828 662 866 vesci
683 828 838 878 quibus
857 841 943 867 non
963 833 1028 867 est
1049 842 1167 880 opus,
1190 843 1319 879 quam
1341 842 1473 868 vnum
1494 829 1709 868 hominem
1731 829 1822 867 vita

162 896 201 928 75
224 880 399 931 dignum
425 881 480 919 ob
507 881 697 920 ciborum
723 882 934 921 delectum
960 884 1145 922 interire.
1199 884 1353 922 Mirum
1381 888 1525 922 autem
1552 887 1617 922 cst
1643 896 1717 922 6111·
1742 882 1821 921 hac

223 935 491 984 potissimum
514 940 636 986 parte
658 936 1026 976 Christianismum
1049 939 1333 976 aestimemus.
1386 938 1428 977 Si
1450 939 1669 989 negotium
1691 937 1821 976 faces-

222 989 330 1027 situr
352 990 403 1028 iis
426 991 500 1040 qui
523 1003 609 1028 non
633 990 852 1030 abstinent
875 1005 900 1029 a
925 992 1133 1038 carnibus,
1160 992 1296 1031 multo
1320 994 1473 1031 iustius
1497 997 1562 1031 est
1585 993 1726 1043 puniri
1749 992 1822 1042 qui

222 1056 308 1082 non
340 1044 558 1082 abstinent
593 1058 618 1082 a
648 1058 791 1083 caena.
853 1045 957 1084 ‘Sed
989 1046 1262 1084 scandalum’
1292 1048 1495 1097 inquiunt
1526 1046 1776 1085 ‘vitandum
1798 1045 1821 1084 ⁹.

224 1097 398 1136 Crudele
419 1098 666 1136 scandalum
686 1104 751 1137 est
770 1100 804 1138 si
824 1099 878 1138 ob
898 1100 1023 1138 huius
1043 1105 1119 1139 aut
1137 1100 1248 1139 illius
1267 1101 1458 1152 iniquam
1478 1101 1822 1152 superstitionem

162 1157 206 1188 80
224 1156 400 1202 cogatur
431 1154 537 1190 mori
569 1154 799 1203 proximus.
861 1154 955 1193 Imo
987 1155 1066 1193 hoc
1098 1154 1313 1194 docendus
1345 1159 1410 1194 est
1440 1155 1623 1207 populus
1655 1154 1822 1194 assidue

223 1206 339 1256 quod
368 1206 493 1245 docet
522 1207 765 1257 Apostolus,
796 1221 849 1246 ne
878 1210 972 1259 quis
1001 1209 1161 1248 iudicet
1189 1209 1366 1249 fratrem
1395 1223 1519 1248 suum
1548 1210 1592 1248 in
1621 1209 1716 1248 cibo
1745 1213 1822 1248 aut

223 1264 342 1310 potu,
376 1264 420 1299 et
451 1262 495 1299 in
528 1261 684 1300 bonam
717 1267 883 1313 partem
915 1264 1220 1314 interpretetur
1251 1264 1367 1315 quod
1398 1268 1512 1304 recte
1543 1263 1632 1303 fieri
1664 1267 1820 1315 potest.

227 1314 337 1354 ·Sed
365 1315 525 1366 absque
555 1316 789 1367 diplomate
817 1317 965 1356 nefas.’
1024 1318 1117 1357 Imo
1146 1332 1343 1370 praesens
1372 1319 1600 1358 necessitas
1634 1331 1720 1357 non
1751 1331 1820 1357 ex-

223 1373 369 1419 pectat
392 1369 638 1420 diplomatis
661 1371 931 1422 praesidium.
985 1372 1115 1424 Vrget
1139 1373 1312 1412 morbus
1334 1373 1543 1420 laethalis,
1568 1377 1612 1412 et
1635 1386 1657 1412 e
1681 1373 1822 1411 Roma

162 1429 200 1468 85
223 1427 459 1462 accersetur
478 1424 679 1475 diploma,
701 1426 816 1476 quod
836 1432 1055 1466 succurrat
1074 1432 1244 1466 mortuo
1261 1432 1276 1466 Υ
1313 1440 1561 1479 quanquam
1580 1440 1667 1466 non
1687 1427 1821 1479 probo

223 1478 296 1528 qui
318 1478 533 1529 publicam
555 1480 918 1528 consuetudinem,
942 1481 1078 1532 qualis
1101 1482 1237 1532 qualis
1259 1486 1336 1529 est,
1360 1487 1518 1521 temere
1540 1482 1823 1533 seditioseque

223 1536 513 1572 contemnant.

276 1586 416 1626 Audio
453 1591 643 1626 vestrum
682 1588 887 1628 Senatum
924 1590 1003 1629 hac
1041 1592 1085 1629 in
1121 1595 1243 1642 parte
1281 1592 1679 1642 superstitiosiorem
1717 1604 1819 1630 esse.

225 1640 348 1688 Quod
370 1642 405 1680 si
426 1655 575 1680 verum
598 1647 675 1690 est,
699 1656 786 1682 non
807 1648 899 1682 tam
921 1645 1023 1696 ipsis
1045 1646 1213 1696 imputo
1236 1658 1366 1696 quam
1389 1645 1625 1684 Pharisaeis
1648 1645 1819 1696 quibus-

162 1706 208 1738 90
224 1695 336 1742 dam,
374 1697 460 1746 qui,
498 1710 594 1735 cum
629 1697 733 1736 nihil
767 1698 956 1738 habeant
992 1713 1116 1738 verae
1150 1700 1372 1751 religionis,
1410 1700 1560 1746 titulis,
1598 1699 1821 1746 coloribus,

225 1751 408 1789 vestium
450 1750 597 1790 formis
640 1752 860 1791 vindicent
901 1753 1113 1804 religionis
1154 1755 1395 1805 imaginem.
1467 1754 1637 1805 Alioqui
1679 1758 1822 1793 totum

224 1804 432 1843 mundum
448 1806 492 1843 in
509 1805 590 1844 illis
606 1807 801 1857 reperias.
849 1806 958 1847 Sunt
974 1808 1100 1847 luxus
1117 1809 1245 1855 auidi,
1263 1810 1350 1848 irae
1366 1813 1536 1848 tenaces
1553 1821 1603 1847 ac
1620 1808 1822 1855 vindices,

224 1858 337 1905 elati,
360 1859 532 1906 feroces,
556 1861 635 1898 sibi
658 1861 885 1911 placenteS,
909 1863 1057 1910 inuidi,
1081 1864 1212 1910 auari,
1236 1865 1361 1902 vacui
1382 1863 1540 1902 affectu
1562 1864 1677 1902 omni
1699 1876 1824 1902 verae

224 1913 457 1961 charitatis,
478 1914 633 1965 gloriae
652 1917 897 1967 ventrisque
916 1918 1141 1968 mancipia.
1191 1917 1302 1965 Quid
1321 1918 1527 1957 haberent
1545 1918 1617 1957 isti
1635 1918 1822 1968 pietatiS,

161 1976 200 2010 95
224 1968 258 2006 si
277 1967 478 2007 detrahas
498 1974 661 2008 vestem
681 1974 725 2009 et
745 1971 935 2009 ciborum
955 1972 1198 2010 discrimina
1219 1975 1234 2010 ’Β
1283 1972 1495 2011 Nimirum
1514 1972 1594 2011 hoc
1613 1972 1821 2011 Pharisai-

224 2035 320 2060 cum
341 2035 471 2073 genus
491 2023 733 2063 huiusmodi
752 2026 1096 2076 superstitionem
1122 2026 1302 2066 instillat
1321 2028 1365 2066 in
1383 2028 1547 2066 animos
1566 2027 1820 2078 principum,

225 2077 298 2127 qui
330 2077 615 2127 spiritualium
647 2091 787 2118 rerum
819 2081 1019 2131 imperiti,
1053 2085 1211 2132 putant
1243 2081 1322 2120 hoc
1355 2095 1444 2121 6886
1476 2086 1673 2120 sanctum
1705 2080 1821 2132 quod

225 2130 381 2170 docent
401 2131 611 2182 religionis
634 2133 868 2184 insignibus
892 2135 1191 2175 commendati.
1245 2136 1375 2175 Porro
1398 2149 1484 2187 quo
1506 2135 1735 2187 simplicior
1757 2140 1822 2175 est

225 2185 464 2236 principum
488 2187 741 2237 ingenuitas,
770 2188 849 2227 hoc
875 2190 1015 2228 minus
1040 2191 1164 2229 nouit
1188 2190 1240 2229 de
1266 2190 1404 2230 aliena
1428 2190 1579 2229 fraude
1604 2191 1821 2241 suspicari,

147 2252 210 2276 loo
227 2243 355 2289 atque
394 2240 473 2278 hoc
510 2240 676 2279 facilius
712 2243 959 2293 imponitur.
1027 2244 1287 2284 Laudandus
1324 2249 1390 2284 est
1427 2245 1552 2292 zelus,
1591 2244 1691 2284 licet
1736 2257 1822 2283 non

226 2293 459 2332 secundum
491 2295 740 2342 scientiam3
790 2297 863 2335 sed
895 2297 1007 2336 zelus
1039 2298 1195 2337 iudicio
1228 2312 1374 2338 carens
1405 2299 1460 2338 ad
1493 2312 1618 2338 verae
1649 2300 1824 2350 pietatis

226 2348 418 2387 studium
438 2350 708 2400 corrigendus
729 2355 806 2390 est.

280 2402 377 2441 Non
401 2415 574 2454 possum
598 2417 685 2443 non
709 2405 888 2456 probare
912 2406 1151 2457 religiosum
1177 2407 1365 2446 Caesaris
1389 2408 1592 2454 animum,
1619 2408 1705 2458 qui,
1732 2420 1822 2458 per-

269 2491 321 2530 63.
348 2490 385 2518 et
402 2488 596 2529 superfluae
614 2489 760 2529 scripsi:
793 2500 836 2520 ex
854 2490 1029 2531 superfluo
1049 2494 1126 2531 οβ’-γ.
1217 2496 1270 2534 64.
1298 2494 1360 2521 tuo
1380 2505 1398 2522 α
1415 2502 1422 2521 2
1456 2501 1519 2522 suo
1538 2493 1595 2531 By.
1688 2495 1741 2532 65.
1769 2490 1822 2521 vel

231 2542 273 2562 a:
306 2534 370 2562 aut
389 2534 446 2572 B7·
563 2537 616 2567 66.
643 2533 718 2574 Ego
739 2536 805 2568 (ιβε
839 2533 887 2564 Ε13
906 2547 939 2573 y.
1066 2537 1120 2576 67.
1148 2547 1210 2575 ay:
1238 2535 1413 2566 Ponficem
1430 2537 1461 2569 Β.
1588 2538 1640 2568 68.
1667 2534 1820 2565 alienum

233 2585 298 2613 ay:
336 2574 484 2606 aliorum
519 2578 553 2611 β.
647 2589 698 2621 70.
727 2589 792 2617 ay:
821 2576 1037 2610 abstinentia
1053 2581 1086 2613 β.
1181 2590 1232 2623 71.
1259 2581 1336 2608 tota
1354 2589 1420 2618 ay:
1453 2577 1525 2609 sola
1541 2580 1575 2613 β.
1670 2590 1720 2621 74.
1747 2587 1822 2609 sex-

232 2617 343 2649 centis
358 2622 415 2658 βγ.
533 2623 585 2663 84.
612 2630 630 2651 e
646 2630 709 2652 om.
728 2634 761 2661 y.
854 2634 917 2662 ay:
942 2622 1058 2654 Romo
1074 2624 1106 2657 β.
1231 2623 1281 2664 85.
1309 2623 1498 2654 accersitur
1512 2635 1543 2661 y.
1665 2625 1716 2665 87.
1743 2631 1823 2653 con-

231 2664 368 2692 temnat
383 2665 440 2702 By.
532 2667 585 2704 89.
612 2666 686 2695 tam
698 2676 760 2705 ay:
787 2667 864 2695 tum
878 2667 911 2700 β.
1004 2678 1057 2706 9ο.
1083 2665 1196 2696 titulis
1212 2677 1274 2704 ay:
1301 2665 1414 2698 sit-ulis
1434 2668 1468 2700 β.
1561 2677 1613 2706 91.
1641 2666 1823 2697 vindicant-

230 2708 287 2746 By.
387 2717 453 2755 93.
480 2716 582 2738 verae
602 2719 644 2739 a:
676 2707 747 2739 fere
766 2711 823 2748 βγ.
953 2720 1024 2742 100.
1049 2709 1174 2740 iisdem
1193 2713 1267 2741 ame
1281 2709 1476 2752 imponitur
1489 2709 1563 2741 add.
1586 2722 1618 2749 y.
1750 2720 1822 2743 102.

230 2760 274 2788 y:
308 2749 549 2790 corrigendum
569 2753 624 2785 (ιβ.

274 2852 325 2883 71.
351 2844 471 2883 Italia]
501 2844 550 2876 Cf.
582 2845 641 2876 the
671 2845 721 2876 De
749 2856 806 2877 esu
837 2845 992 2877 carnium

225 2886 314 2924 (LB.
346 2887 390 2918 ix.
429 2890 513 2920 1206
526 2890 583 2929 F):
619 2888 626 2900 ‘
642 2889 791 2920 Proinde
814 2889 900 2920 mihi
923 2900 993 2921 non

230 2929 390 2970 displicet
411 2940 484 2962 mos
506 2931 602 2972 apud
623 2932 743 2970 Italos,
765 2933 866 2963 iuxta
888 2943 992 2974 quem

229 2973 338 3004 etiam
380 2974 417 3004 111
459 2975 731 3015 Quadragesima
772 2975 911 3017 publice
956 2977 993 3008 in

231 3016 382 3048 macellis
411 3017 611 3048 venduntur
640 3029 758 3050 carnes
789 3019 991 3058 vitulorum,

232 3060 420 3092 hoedorum
440 3064 475 3091 61
497 3071 676 3101 agnorum,
699 3062 759 3093 scd
781 3073 801 3093 a
823 3063 991 3104 pauciori·

1061 2847 1135 2885 buS,
1158 2858 1201 2879 ne
1225 2848 1311 2889 quid
1333 2847 1423 2879 desit
1444 2848 1594 2888 aegrotis
1615 2851 1678 2879 aut
1698 2848 1740 2878 iis
1763 2848 1822 2888 qui

1062 2901 1161 2932 aegre
1186 2895 1306 2922 carent
1329 2901 1389 2923 esu
1415 2893 1580 2922 carnium.
1632 2891 1703 2923 Nec
1729 2892 1823 2932 quis-

1062 2944 1171 2975 quam
1189 2938 1294 2967 notat
1317 2938 1494 2968 ementem
1521 2937 1584 2966 aut
1607 2938 1821 2972 vescentem,

1062 2978 1172 3010 etiam
1188 2979 1216 3011 si
1231 2979 1320 3011 nihil
1340 2978 1451 3010 morbi
1470 2988 1552 3019 prae
1569 2987 1604 3010 se
1623 2977 1738 3010 ferat.’

1106 3024 1157 3064 78.
1185 3033 1206 3053 a
1221 3025 1342 3064 caena]
1360 3021 1410 3053 Cf.
1429 3021 1495 3063 Ep.
1518 3029 1612 3052 1211.
1632 3030 1731 3064 309n.

1105 3067 1155 3097 81.
1183 3064 1386 3106 Apostolus]
1407 3065 1508 3096 Rom.
1537 3074 1584 3104 14.
