2012 3370
211 115 333 164 1414]
762 114 835 153 ΤΟ
865 113 1132 153 CLEMENT
1162 113 1245 151 VII
1725 115 1799 154 391

207 222 319 263 enim
350 223 501 263 horum
533 228 772 275 temporum
803 222 1030 274 imaginem
1063 221 1338 273 contemplor,
1370 222 1564 273 protinus
1596 223 1803 261 succurrit

207 276 348 317 animo
373 291 542 318 carmen
564 277 761 323 Maronis,

368 342 430 383 Ac
453 343 586 383 veluti
609 354 762 393 magno
785 341 830 380 in
852 341 1023 393 populo,
1048 353 1182 392 quum
1205 353 1330 392 saepe
1354 344 1499 380 coorta
1523 345 1586 380 est
1821 355 1861 387 45

369 397 542 444 Seditio,
565 396 785 447 saeuitque
806 395 958 435 animis
979 394 1162 447 ignobile
1184 394 1348 446 vulgus,

368 451 545 503 Iamque
567 450 680 490 faces
704 454 748 489 et
771 462 874 488 saxa
898 449 1059 496 volant,
1085 448 1202 488 furor
1225 462 1344 488 arma
1368 449 1607 488 ministrat:

203 515 284 555 nisi
304 517 419 568 quod
440 515 693 556 exitiabilior
713 518 778 554 est
798 514 950 554 seditio
971 527 1080 566 quae
1100 527 1187 552 non
1207 514 1332 553 vnius
1351 518 1415 554 est
1437 515 1553 554 vrbis
1573 512 1649 555 sed
1668 515 1803 554 totius

203 570 329 617 orbis,
353 584 429 610 nec
450 570 645 623 ignobilis
666 569 782 620 vulgi
804 569 878 608 sed
900 569 1090 608 omnium
1112 580 1282 619 prorsus
1304 569 1514 607 ordinum.

257 625 420 664 Rursus
456 625 529 664 vbi
564 624 822 664 Clementem
858 623 1050 662 Medicen
1084 622 1252 661 intueor
1288 635 1341 661 ex
1374 622 1448 661 illa
1481 622 1605 662 fatali
1640 622 1802 662 familia
1823 640 1862 673 50

202 690 342 717 rerum
379 678 673 731 gubernaculis
708 677 945 724 admotum,
984 676 1085 715 felix
1124 689 1248 715 omen
1285 676 1441 716 habere
1478 677 1648 716 videtur
1685 677 1802 729 quod

201 733 317 783 apud
342 734 523 773 eundem
546 737 719 784 poetam
743 732 962 783 sequitur:

363 798 472 837 Tum
494 798 654 849 pietate
677 810 850 848 grauem
873 809 922 835 ac
946 795 1107 835 meritis
1129 795 1165 834 si
1187 794 1297 834 forte
1320 795 1460 834 virum
1484 809 1610 847 quem

363 852 637 904 Conspexere,
665 851 804 898 silent,
831 850 1089 901 arrectisque
1115 849 1288 888 auribus
1314 849 1503 889 adstant.

362 906 439 946 Ille
459 907 569 959 regit
591 906 716 946 dictis
739 905 903 945 animos
926 908 970 944 et
993 908 1166 956 pectora
1190 903 1347 943 mulcet
1368 917 1376 943 z
1821 923 1836 955 5
1843 923 1858 956 5

361 960 428 1001 Sic
453 964 631 1001 cunctus
655 960 793 1012 pelagi
816 959 970 999 cecidit
992 958 1146 1011 fragor,
1172 971 1358 1010 aequora
1382 962 1611 1010 postquam

360 1015 623 1067 Prospiciens
649 1015 826 1067 genitor,
854 1014 1055 1065 coeloque
1079 1013 1275 1053 inuectus
1301 1016 1450 1064 aperto

359 1069 515 1109 Flectit
540 1082 685 1122 equos,
714 1081 922 1120 curruque
949 1067 1098 1107 volans
1126 1067 1202 1106 dat
1228 1067 1318 1106 lora
1345 1066 1580 1119 sequundo.

253 1133 507 1186 Quanquam
539 1135 669 1187 igitur
701 1134 780 1173 hoc
813 1133 969 1173 laboris
1002 1132 1118 1185 quod
1155 1135 1247 1171 erat
1279 1145 1381 1183 prae
1414 1132 1624 1180 manibus,
1660 1133 1798 1173 decre-

197 1201 341 1228 ueram
360 1189 483 1228 alteri
501 1189 653 1236 dicare,
674 1189 765 1228 viro
784 1187 1017 1228 secundum
1036 1186 1305 1226 Pontificiam
1323 1186 1577 1238 dignitatem
1596 1187 1798 1235 maximo,
1816 1200 1860 1230 60

195 1246 341 1282 tamen
370 1243 555 1295 acceptis
583 1257 606 1282 e
635 1243 776 1282 Roma
802 1242 935 1281 literis
964 1255 1074 1293 quae
1103 1245 1148 1280 te
1176 1240 1298 1280 nobis
1328 1241 1447 1280 velut
1474 1241 1519 1280 in
1548 1241 1698 1280 tabula
1727 1242 1796 1281 de-

193 1296 440 1348 pingebant,
466 1297 592 1338 simul
615 1301 661 1336 et
682 1296 788 1336 illud
812 1296 1070 1342 adiicientes,
1097 1308 1228 1347 quam
1252 1308 1338 1334 non
1362 1295 1581 1347 vulgarem
1604 1295 1798 1335 fauorem

193 1354 237 1389 et
256 1351 302 1390 in
324 1350 551 1390 Erasmum
572 1354 649 1390 tua
669 1351 884 1391 Sanctitas
906 1350 1097 1389 oratione
1120 1362 1197 1388 sua
1220 1349 1598 1389 declarasset—cui
1618 1350 1653 1389 si
1674 1362 1798 1401 pares

193 1417 281 1444 esse
317 1418 404 1445 non
432 1405 591 1453 licebit,
624 1409 736 1445 certe
767 1404 964 1444 dabimus
995 1416 1167 1455 operam
1198 1407 1248 1442 vt
1278 1403 1424 1442 scdulo
1455 1404 1677 1443 videamur
1707 1417 1798 1443 esse

192 1459 401 1508 conati—‚
446 1460 652 1500 vertimus
695 1459 965 1505 sententiam,
1010 1471 1059 1497 ac
1101 1470 1263 1497 nouum
1306 1470 1413 1508 opus
1454 1470 1568 1497 nouo
1597 1458 1795 1498 Pontifici
1813 1470 1852 1509 65

192 1513 419 1554 maluimus
451 1527 541 1553 esse
578 1517 884 1553 consecratum.
949 1512 1043 1552 Iam
1077 1516 1121 1551 et
1153 1512 1225 1550 illa
1260 1524 1488 1564 congruere
1521 1512 1794 1562 videbantur,

191 1571 241 1607 vt
276 1567 413 1607 Lucas
442 1568 629 1608 medicus
664 1569 747 1608 stet
779 1568 835 1607 ad
870 1567 1076 1614 Medicen,
1113 1570 1208 1605 tum
1245 1570 1295 1605 vt
1330 1566 1544 1606 nascentis
1581 1566 1794 1606 Ecclesiae

190 1622 420 1672 primordia
457 1622 856 1662 commendarentur
890 1622 951 1660 illi
986 1634 1059 1673 per
1095 1634 1223 1673 quem
1258 1633 1478 1672 speramus
1513 1620 1708 1660 futurum
1744 1625 1794 1660 vt

190 1676 377 1716 Ecclesia
394 1677 579 1729 collapsa
595 1681 854 1716 renascatur.
902 1675 1272 1723 Quemadmodum
1289 1678 1434 1714 autem
1450 1679 1545 1714 tum
1560 1675 1794 1715 rebellante

190 1730 349 1770 mundo
397 1731 528 1771 nihilo
576 1731 710 1771 secius
757 1730 1047 1770 inualescebat
1096 1729 1307 1769 Ecclesiae
1354 1742 1544 1780 regnum,
1595 1729 1793 1769 videlicet
1810 1750 1853 1780 70

189 1783 356 1824 Christo
386 1790 662 1837 prosperante
692 1785 808 1837 quod
838 1797 912 1837 per
942 1784 1154 1824 Ecclesiae
1184 1796 1285 1822 suae
1315 1796 1508 1834 proceres
1536 1784 1791 1835 gerebatur;

188 1839 250 1878 ita
284 1853 370 1879 non
403 1840 540 1879 solum
574 1843 774 1891 optamus
809 1838 1089 1878 verumetiam
1125 1837 1376 1876 confidimus
1410 1837 1566 1877 Christi
1599 1837 1791 1878 fauorem

188 1893 273 1933 tuis
294 1894 452 1934 sanctis
474 1894 697 1934 conatibus
718 1907 805 1932 non
825 1893 1086 1932 defuturum.
1137 1892 1264 1931 Cuius
1286 1891 1509 1931 clementia
1530 1892 1790 1932 Clementem

186 1947 310 1987 nobis
336 1948 410 1988 diu
436 1952 578 1988 seruet
602 1948 871 1987 incolumem.

242 2001 432 2042 Basileae
457 2002 563 2053 prid.
591 2002 761 2043 Calend.
788 2002 910 2041 Febr.
936 2002 1060 2041 Anno
1086 2014 1110 2040 a
1135 2001 1301 2040 Christo
1326 2004 1432 2094 nath1
1453 2010 1725 2094 M.D.XX1{111.
1806 2022 1825 2053 7
1832 2020 1846 2052 5

1434 2068 1600 2094 rasmus
1655 2061 1732 2095 tot.

580 2163 701 2203 1415.
763 2160 832 2202 To
863 2160 1089 2202 LORENzo
1122 2159 1384 2201 CAMPEGIO.

232 2251 390 2287 Vatican
407 2251 482 2287 MS.
502 2251 603 2287 Arm.
619 2252 679 2295 64,
698 2251 771 2286 vol.
794 2260 846 2295 17,
866 2251 892 2286 f.
915 2261 993 2295 191.
1452 2249 1619 2290 <Basle.>

232 2309 350 2344 Balan
368 2320 403 2354 p.
423 2318 502 2355 305.
1286 2310 1338 2349 (c.
1359 2308 1381 2342 8
1400 2307 1591 2352 February
1612 2310 1736 2352 1524.)

229 2389 435 2432 [Evidently
456 2389 517 2422 the
539 2390 666 2422 second
686 2389 791 2422 letter
806 2393 844 2422 to
860 2389 1046 2432 Campegio
1063 2388 1264 2421 mentioned
1278 2388 1316 2421 in
1331 2388 1397 2430 Ep.
1418 2397 1512 2429 1423.
1542 2396 1646 2419 11-12
1664 2398 1673 2419 t
1710 2387 1785 2419 first

183 2433 323 2475 printed
354 2433 401 2475 by
428 2433 551 2472 Balan,
579 2444 636 2475 pp.
666 2442 787 2476 305-7,
813 2433 898 2466 with
925 2437 995 2465 two
1018 2433 1161 2465 notable
1185 2433 1367 2464 omissione
1390 2434 1430 2464 at
1451 2431 1486 2463 11.
1517 2440 1566 2470 14,
1591 2433 1689 2471 65-6,
1716 2430 1783 2462 due

183 2480 222 2509 to
243 2476 558 2516 homoeoteleuton,
580 2477 650 2509 and
670 2477 756 2509 each
777 2477 1014 2519 representing
1035 2476 1175 2518 exactly
1196 2487 1261 2508 one
1280 2475 1350 2507 line
1371 2475 1408 2507 of
1428 2475 1489 2507 the
1510 2473 1666 2516 original.
1710 2474 1784 2505 The

182 2530 303 2553 source
321 2521 350 2552 is
367 2521 405 2553 in
422 2521 484 2553 the
502 2521 652 2553 Vatican
670 2520 849 2558 Archives,
868 2531 890 2553 a
909 2524 1176 2562 contemporary
1195 2530 1285 2561 copy
1304 2519 1453 2561 perhaps
1473 2518 1574 2550 mado
1594 2518 1641 2558 by
1660 2527 1727 2549 one
1747 2517 1783 2549 of

183 2563 384 2596 Aleander's
408 2565 631 2603 secretaries;
668 2564 724 2597 for
746 2565 778 2596 it
800 2564 830 2596 is
854 2563 965 2596 found
989 2564 1026 2596 in
1051 2574 1072 2596 a
1097 2563 1236 2596 volume
1262 2562 1299 2595 of
1321 2563 1443 2595 letters
1468 2561 1538 2593 and
1563 2560 1781 2598 documents,

187 2615 327 2648 1520-4,
350 2607 481 2649 mainly
502 2608 693 2640 concerned
714 2607 800 2640 with
821 2607 1022 2640 Alcander's
1043 2607 1250 2639 nunciaturc
1272 2610 1311 2638 to
1332 2607 1479 2640 WVorms.
1525 2605 1607 2637 This
1629 2605 1733 2636 letter
1752 2605 1781 2636 is

182 2650 343 2683 followed
361 2651 601 2692 immediately
621 2651 658 2691 (f.
685 2660 744 2689 192
760 2652 814 2691 νο)
837 2650 884 2691 by
904 2661 925 2682 a
946 2661 1036 2692 copy
1055 2650 1093 2682 of
1112 2650 1193 2682 LE2.
1217 2659 1282 2692 710
1303 2649 1363 2693 (cf.
1381 2649 1404 2681 l.
1429 2650 1508 2688 39n)
1532 2648 1632 2679 made
1653 2647 1700 2689 by
1720 2647 1781 2680 the

181 2703 277 2726 same
302 2694 408 2733 hand,
434 2695 504 2726 and
529 2694 615 2727 then
640 2694 689 2734 (ff.
721 2696 841 2735 194-9)
869 2694 915 2735 by
941 2693 1116 2726 Erasmus’
1145 2694 1319 2725 Aduersus
1345 2692 1583 2724 conclusiones
1607 2691 1780 2730 Stzcnicae,

203 2779 283 2847 6531⁴5
305 2781 346 2803 ac
365 2782 407 2802 a:
435 2774 476 2846 ἕ,
492 2773 525 2847 ἔ.
557 2814 601 2847 dd
628 2816 650 2849 β
708 2772 762 2803 66.
788 2770 972 2803 maluimus
990 2782 1032 2802 a:
1063 2770 1237 2803 voluimus
1259 2773 1292 2805 β.
1469 2778 1520 2809 75.
1548 2769 1727 2801 Februarii
1744 2772 1777 2803 β.

183 2823 200 2854 7
227 2839 235 2847 .
285 2824 419 2847 rasmus
470 2824 556 2846 0.a
603 2838 662 2847 ..

224 2929 279 2960 44.
303 2919 471 2960 Maronis]
486 2918 570 2951 Aen.
592 2927 618 2951 1.
641 2920 779 2959 148—50.
1059 2927 1108 2958 52.
1136 2917 1310 2959 sequitur]
1322 2916 1406 2948 Aen.
1426 2925 1451 2948 1.
1472 2916 1586 2957 151-6.

227 2972 278 3004 50.
303 2963 453 3003 familia]
466 2963 516 2995 Cf.
533 2963 598 3004 Ep.
616 2970 689 3004 335.
711 2971 826 3002 19-24.
1056 2963 1109 2993 60.
1134 2961 1251 3001 alteri]
1279 2960 1440 3001 Wolsey:
1483 2960 1525 2992 cf.
1557 2959 1644 3000 Epp.
1681 2968 1775 3000 1415.

227 3016 276 3048 51.
304 3007 502 3047 admotum]
516 3007 566 3039 Cf.
585 3006 648 3048 Ep.
667 3014 740 3048 335.
759 3007 809 3047 76.
1012 3008 1134 3045 δ’ὁ-9ο,
1155 3007 1247 3045 1418.
1268 3013 1363 3045 52-3.
