2012 3370
245 128 323 168 328
719 128 973 167 LETTERS
1005 127 1077 168 OF
1107 127 1370 168 ER-ASMUS
1720 129 1844 178 [1523

246 238 378 290 prodo
396 238 618 277 veritatem
637 237 948 288 Euangelicam,
967 237 1038 276 sed
1056 251 1194 276 assero
1209 251 1295 289 qua
1309 238 1419 277 licet.
1465 238 1527 276 De
1544 238 1621 276 1100
1638 237 1843 277 Pontificc

245 305 519 344 conceperam
542 292 696 330 bonam
718 290 934 341 quandam
956 304 1087 342 spem.
1126 292 1249 331 Hunc
1271 306 1417 332 vereor
1437 306 1489 331 ne
1511 305 1577 331 me
1598 291 1733 331 fallat.
1783 291 1842 330 Et

244 351 389 386 tamen
407 347 519 386 hunc
538 345 741 384 admonui
759 345 883 384 officii
901 346 964 384 sui
985 359 993 392 ;
1029 346 1224 385 blandius
1242 347 1427 398 quidem,
1448 346 1521 385 sed
1538 346 1601 385 ita
1619 345 1839 385 credebam

184 417 224 450 25
244 401 453 452 expedire.
504 400 658 451 Scripsi
678 399 737 437 illi
758 400 960 450 priuatim
982 400 1188 451 prolixam
1211 401 1433 452 epistolam
1455 401 1676 440 liberrime.
1726 399 1841 438 Nihil

243 455 470 507 respondet
490 467 497 492 :
537 467 682 493 vereor
703 467 755 493 ne
777 454 833 492 sit
854 454 1050 493 offensus.
1102 455 1208 494 Eam
1231 456 1265 494 si
1286 456 1465 507 legisses,
1489 455 1648 494 diceres
1669 468 1735 494 me
1757 467 1842 493 non

243 523 331 548 esse
357 508 575 555 blandum,
602 521 736 559 quum
761 521 804 547 se
830 508 907 547 dat
931 510 1107 548 occasio.
1163 510 1220 549 Et
1244 510 1412 549 liberior
1437 522 1568 548 essem
1595 509 1629 547 si
1654 508 1839 548 viderem

243 577 310 602 me
337 562 640 614 profecturum.
697 562 946 602 Dementiae
975 567 1039 602 est
1066 564 1144 602 tibi
1172 565 1397 615 perniciem
1427 577 1647 609 accersere,
1677 563 1710 602 si
1738 562 1842 602 nulli

243 618 389 668 prosis.
447 617 538 668 Ego
566 617 907 656 florentissimam
935 619 1145 669 regionem
1175 619 1336 670 reliqui,
1367 632 1418 657 ne
1448 619 1641 657 miscerer
1668 617 1840 669 negocio

184 687 227 720 30
244 672 499 710 Pharisaico.
553 672 665 710 Nam
699 671 782 710 alia
813 671 903 723 lege
935 685 1021 711 non
1053 672 1237 711 licuisset
1271 673 1353 712 illic
1388 674 1543 711 viuere.
1607 672 1665 710 Et·
1693 684 1743 710 ea
1771 675 1836 711 est

243 726 443 765 valetudo
462 738 558 765 mea
576 730 625 765 vt
643 738 729 764 non
747 727 903 777 possim
923 727 1074 778 quouis
1092 727 1183 765 1000
1203 728 1357 766 viuere.
1405 726 1629 765 Pontificia
1647 726 1841 777 tyrannis

242 794 317 820 1100
347 781 412 819 1113
441 780 581 831 placet
611 780 765 831 quibus
795 780 985 832 displicet
1019 781 1242 820 Lutherus.
1302 781 1534 833 Epist-opos
1565 795 1615 819 ex
1646 779 1839 831 patribus

241 835 378 874 factos
405 835 613 886 principes
640 835 894 886 prophanos,
923 841 961 874 01
994 849 1088 874 eum
1118 836 1355 874 monarchis
1383 836 1604 881 colludere,
1634 835 1728 885 quis
1755 847 1838 873 non

241 889 372 935 videt,
395 890 490 940 quis
510 902 596 927 non
617 889 733 928 dolet
753 896 768 927 ’ί

184 958 222 992 35
295 943 385 982 Hec
418 943 521 982 mihi
552 956 637 982 non
670 956 754 981 vno
786 943 877 982 loco
909 943 1024 982 dicta
1056 948 1168 982 sunt.
1232 944 1320 991 Que
1347 957 1458 983 nunc
1492 948 1689 996 aguntur,
1716 943 1840 982 video

240 1002 357 1037 recta
395 997 450 1036 ad
488 997 724 1036 tumultum
763 997 947 1036 tendere.
1018 998 1120 1036 Eius
1153 997 1248 1036 finis
1281 999 1355 1049 qui
1392 999 1448 1037 sit
1480 998 1650 1037 futurus
1684 998 1838 1037 nescio.

240 1051 426 1091 Mundus
450 1056 515 1091 est
538 1052 686 1103 plenus
710 1052 914 1102 pessimis.
969 1051 1026 1090 Hi
1050 1065 1214 1103 semper
1234 1057 1463 1103 erumpunt
1487 1053 1676 1091 excitata
1700 1065 1837 1091 rerum

241 1110 510 1157 tempestate.
563 1106 676 1145 Satis
700 1105 903 1144 admonui
922 1106 1153 1157 episcopos,
1178 1107 1282 1145 satis
1306 1108 1528 1158 principes,
1549 1107 1617 1146 vel
1636 1107 1680 1145 in
1699 1106 1839 1145 libello

239 1160 290 1199 de
327 1160 550 1211 Principe;
603 1160 730 1199 homo
767 1160 922 1199 nullius
960 1161 1218 1200 autoritatis.
1285 1161 1397 1208 Quid
1433 1175 1501 1200 me
1537 1161 1664 1200 velles
1701 1160 1838 1200 facere

178 1230 224 1261 40
240 1218 465 1265 preterea?
534 1214 716 1253 Etiamsi
753 1215 890 1254 Vitam
929 1219 1256 1262 contemnerem,
1296 1229 1383 1254 non
1421 1215 1545 1255 video
1584 1215 1688 1267 quid
1727 1219 1837 1254 esset

237 1270 408 1320 insuper
427 1268 687 1308 faciundum.
736 1268 801 1307 Tu
820 1270 864 1307 in
884 1269 1096 1308 nonnullis
1116 1269 1313 1309 dissentis
1333 1283 1359 1308 a
1379 1269 1579 1309 Luthero.
1629 1270 1837 1309 Dissentit

238 1327 282 1362 et
312 1323 676 1374 Oecolampadius.
733 1323 802 1362 An
830 1336 906 1375 ego
935 1328 1109 1375 propter
1136 1324 1247 1363 illius
1276 1324 1514 1364 doctrinam
1544 1324 1739 1364 obiiciam
1769 1336 1837 1363 me

238 1390 437 1428 meosque
465 1377 594 1417 libros
622 1377 853 1429 periculis?
914 1378 1067 1417 Omnia
1095 1379 1286 1418 recusaui
1315 1392 1397 1430 que
1426 1379 1530 1418 mihi
1558 1379 1637 1418 hoc
1666 1378 1837 1417 nomine

238 1431 537 1479 offerebantur,
566 1436 616 1471 vt
642 1431 844 1471 aduersus
869 1432 989 1471 illum
1016 1433 1252 1472 scriberem.
1308 1433 1347 1472 A
1373 1433 1591 1479 Pontifice,
1620 1446 1647 1472 a
1672 1433 1836 1480 Cesare,

177 1501 217 1534 45
239 1500 263 1524 a
288 1486 456 1538 regibus
482 1490 526 1526 et
551 1486 823 1537 principibus,
852 1499 878 1525 a
903 1486 1157 1526 doctissimis
1184 1488 1313 1526 etiam
1340 1491 1384 1526 et
1410 1487 1663 1526 charissimis
1690 1487 1836 1526 amicis

238 1541 319 1579 huc
355 1553 573 1591 prouocor.
637 1540 695 1579 Et
728 1545 875 1580 tamen
909 1545 1072 1580 certum
1107 1545 1172 1581 cst
1205 1546 1280 1580 aut
1315 1554 1401 1580 non
1435 1542 1627 1588 scribere,
1664 1546 1741 1580 aut
1772 1542 1837 1580 ita

237 1595 416 1634 scribere
439 1599 489 1634 vt
512 1607 607 1633 mea
629 1595 802 1646 scriptio
825 1608 911 1634 non
934 1596 990 1634 sit
1012 1595 1223 1647 placitura
1245 1595 1468 1635 Phariseis.
1520 1596 1619 1635 Non
1642 1600 1706 1635 est
1729 1608 1836 1647 opus

237 1653 288 1688 vt
319 1649 500 1688 testibus
534 1649 675 1688 citatis
708 1649 789 1688 tibi
819 1650 885 1688 ius
918 1663 1078 1689 asseras
1111 1650 1369 1689 admonendi
1401 1651 1496 1690 mei.
1559 1650 1834 1689 Erudjtorum

238 1703 473 1742 admonitio
491 1703 594 1742 mihi
611 1716 775 1755 semper
791 1703 875 1742 fuit
891 1704 1143 1755 gratissima.
1191 1704 1542 1756 Oecolampadius
1560 1708 1839 1756 proposuerat

844 1812 896 1843 25.
921 1802 1083 1845 expedire
1102 1802 1181 1834 MS.

1064 1912 1183 1939 tamen
1225 1907 1419 1950 pulchellus
1459 1908 1517 1940 ille
1559 1909 1732 1941 151103ῃὰ01-
1771 1920 1834 1952 per

239 1917 334 1948 1523,
351 1908 442 1939 from
460 1907 562 1939 Basle
579 1907 661 1947 (Zw.
681 1907 733 1939 E‘2.
752 1916 818 1947 270
834 1919 841 1938 :
872 1907 1005 1948 quoted

1062 1955 1177 1983 totam
1201 1951 1439 1992 Germaniam,
1465 1956 1529 1984 aut
1552 1957 1644 1985 certe
1667 1964 1830 1995 magnam

235 1951 309 1983 also
334 1952 371 1983 111
397 1951 462 1993 Ep.
494 1959 576 1991 1327
602 1950 774 1991 introd.):
817 1949 1006 1983 ‘Erasmus

235 1995 322 2036 quid
348 1995 539 2036 scripserit,
561 1995 598 2025 in
627 2003 734 2026 manu
758 1995 916 2026 omnium
939 1999 1004 2027 est.

235 2039 347 2071 Senex
357 2042 423 2077 est,
436 2039 611 2080 quiescere
623 2038 739 2069 vellet.
776 2038 843 2070 Sed
854 2042 1005 2081 vtraque

234 2092 315 2122 pars
327 2091 407 2114 eum
420 2082 558 2113 trahere
571 2085 728 2113 conatur.
766 2082 829 2113 Ille
842 2082 1006 2114 humanis

233 2125 448 2157 sectionibus
455 2125 575 2157 adesse
581 2135 653 2157 non
663 2125 751 2157 vult.
779 2125 827 2157 Et
838 2126 916 2167 quis
923 2136 1003 2158 eum

234 2169 380 2200 trahat?
414 2169 525 2208 Quem
546 2169 661 2210 fugiat
681 2168 799 2207 videt3
824 2180 930 2211 quein
952 2180 1003 2201 se-

233 2216 365 2254 quatur
379 2223 451 2244 non
466 2213 563 2244 item.
598 2211 777 2244 Christum
793 2223 912 2245 omnes
928 2214 1002 2245 eius

232 2256 314 2288 libri
335 2259 476 2288 sonant.
516 2255 566 2287 Ac
589 2256 701 2297 magis
723 2256 911 2288 verisimile
935 2256 1002 2289 Lu-

234 2300 373 2332 therum
399 2298 527 2331 studiis
549 2299 686 2331 Erasmi
709 2300 871 2332 adiutum
894 2311 1000 2341 quam

234 2343 420 2374 Erasmum
435 2343 538 2375 illius.
564 2342 723 2374 Timidus
734 2347 788 2376 est
803 2344 887 2385 quia
900 2354 1001 2376 cunc-

233 2390 338 2418 tator.
363 2387 556 2428 Nunquam
573 2387 764 2428 quicquam
780 2397 823 2419 ex
835 2387 930 2419 illius
943 2398 1000 2419 ore

231 2430 339 2462 audio
359 2429 455 2471 quod
477 2440 548 2461 non
570 2430 748 2462 Christum
770 2434 882 2463 sonet.
919 2430 1000 2473 Opi-

230 2474 352 2506 niones
368 2474 540 2506 humanas
562 2473 735 2515 quasdam
758 2474 876 2506 habet.
894 2474 1001 2506 Fran·

231 2517 280 2549 cis
293 2516 370 2558 plus
393 2517 511 2549 fauere
528 2517 669 2549 videtur
684 2527 792 2559 quam
805 2518 1000 2557 Germanis,

232 2570 437 2602 quanquam
468 2570 587 2592 omnes
621 2560 771 2593 adiuuat
800 2571 843 2593 ex
874 2572 998 2604 aequo.

233 2603 430 2645 Displicent
445 2604 475 2635 ei
491 2604 753 2637 concionatores
766 2605 923 2647 quidam,
940 2607 1001 2647 qui

232 2651 268 2679 et
290 2647 356 2679 tibi
378 2647 514 2689 placere
536 2657 607 2679 non
629 2652 800 2689 possunt:
836 2650 897 2690 qui
919 2660 998 2681 cum

230 2690 367 2723 indocti
390 2691 464 2723 sint
490 2691 705 2733 Lutherique
732 2702 874 2724 causam
901 2693 999 2725 adiu-

233 2744 316 2766 uare
338 2734 475 2773 volunt,
498 2745 570 2767 non
592 2735 697 2767 modo
719 2746 791 2768 non
813 2736 1000 2775 adiuuant,

233 2777 294 2809 sed
307 2778 417 2809 etiam
433 2778 627 2820 Euangelio
641 2783 780 2811 nocent.
829 2780 999 2812 Lut-hera-

233 2831 299 2852 nus
315 2831 388 2853 esse
404 2832 475 2853 non
498 2823 577 2854 vult
600 2822 777 2862 Erasmus,
801 2823 863 2855 sed
884 2834 998 2866 neque

233 2864 547 2898 Antilutheranus:
592 2866 660 2898 nisi
689 2866 778 2899 adeo
807 2866 1001 2909 flagelletur

233 2907 279 2939 ab
292 2908 334 2939 iis
348 2911 389 2940 vt
402 2909 490 2940 ferre
504 2909 656 2950 amplius
668 2913 832 2951 nequeat.
870 2911 999 2943 Mirum

233 2960 317 2983 vero
337 2961 397 2983 cur
416 2952 581 2984 Germani
599 2952 687 2985 adeo
707 2953 854 2986 Erasmo
870 2955 999 2987 infensi

231 2995 315 3034 sint,
334 3005 422 3036 quos
441 2995 528 3027 adeo
544 2996 654 3028 literis
673 2997 885 3030 illustrauit:
918 3008 995 3030 cum

1060 1996 1271 2036 portionem,
1303 2006 1412 2038 prope
1443 2000 1484 2028 vt
1513 1997 1688 2029 insultans
1719 1998 1833 2030 victor

1057 2040 1176 2078 iuerit,
1205 2050 1227 2071 a
1254 2041 1393 2072 nemine
1415 2040 1519 2079 lesus,
1543 2041 1673 2073 multos
1695 2041 1829 2073 interea

1059 2083 1188 2115 ledens.
1221 2083 1325 2115 Fumi
1339 2087 1423 2116 sunt
1438 2084 1554 2116 minae
1570 2084 1645 2116 hae.
1672 2085 1715 2117 In
1728 2086 1828 2117 inno:

1059 2131 1197 2158 centem
1208 2127 1395 2160 Erasmum
1407 2128 1582 2167 saeuiunt,
1596 2132 1633 2160 et
1644 2132 1829 2171 propterea

1059 2181 1152 2202 nunc
1168 2171 1211 2202 de
1227 2181 1268 2203 00
1285 2171 1374 2203 tales
1389 2181 1546 2204 rumores
1561 2173 1760 2214 spargunt.’

1107 2226 1155 2257 23.
1182 2215 1424 2256 conceperam]
1445 2215 1494 2248 Cf.
1518 2215 1583 2257 Ep.
1610 2225 1705 2258 1314.
1733 2227 1782 2250 12.

1106 2259 1475 2344 2³h⁷izliillsi=cels³plblddEetq
1492 2268 1627 2344 (31f3.>Ep.
1650 2305 1743 2343 1416.
1764 2305 1825 2341 263

1058 2344 1128 2375 and
1141 2345 1205 2386 Ep.
1229 2347 1329 2387 1690,
1349 2344 1356 2357 ‘
1372 2346 1454 2387 Egi.
1471 2371 1477 2377 .
1498 2369 1505 2378 .
1524 2356 1587 2388 per
1597 2347 1734 2378 litteras
1746 2357 1824 2378 cum

1057 2388 1213 2420 Adriano
1242 2389 1436 2421 Pontifice:
1478 2390 1626 2422 coniicio
1656 2401 1726 2422 non
1752 2390 1825 2432 pla-

1056 2432 1166 2462 cuisse
1188 2432 1382 2471 consilium,
1406 2433 1461 2464 vel
1482 2442 1525 2464 ex
1548 2433 1613 2465 hoc
1635 2434 1719 2474 quia
1739 2433 1828 2466 nihil

1056 2475 1238 2516 respondit
1251 2476 1270 2507 ².

1103 2523 1153 2552 26.
1180 2518 1346 2559 offensus]
1366 2519 1415 2552 Cf.
1437 2519 1502 2561 Ep.
1525 2522 1619 2560 1496.
1644 2521 1740 2561 55-8.

1103 2574 1155 2602 29.
1181 2563 1477 2604 florentissimam]
1491 2564 1561 2595 For
1570 2563 1748 2596 Erasmus'
1765 2574 1824 2606 ap-

1058 2607 1250 2647 preciation
1274 2607 1310 2638 of
1335 2607 1495 2639 Brabant
1518 2617 1574 2639 see
1600 2607 1692 2650 Epp.
1723 2619 1822 2641 1111.

1061 2660 1161 2691 77—9‚
1184 2653 1282 2684 1208.
1306 2660 1360 2688 1n,
1382 2661 1482 2689 1221,
1505 2661 1602 2694 1237.

1145 2693 1284 2735 reliqui]
1301 2693 1362 2726 See
1377 2694 1441 2735 Ep.
1462 2703 1542 2733 1242
1557 2693 1688 2726 int-rod.

1103 2748 1153 2779 39.
1179 2737 1221 2768 de
1236 2737 1410 2779 Principe]
1426 2737 1487 2769 See
1502 2737 1592 2779 Epp.
1609 2747 1684 2778 393,
1699 2739 1719 2769 8
1723 2748 1738 2779 5
1746 2747 1776 2778 3.

1101 2785 1152 2823 46.
1178 2781 1246 2812 huc
1261 2781 1446 2823 prouocor]
1463 2781 1512 2813 Of.
1532 2781 1597 2823 Ep.
1618 2783 1711 2822 1383.
1733 2792 1813 2824 34n.

1100 2836 1154 2867 49.
1182 2824 1392 2864 admonitio]
1412 2825 1462 2857 Cf.
1484 2825 1550 2867 Ep.
1574 2827 1667 2865 1076.
1687 2827 1742 2856 611.

1181 2867 1485 2910 Oecolampadius]
1532 2867 1693 2900 Kohler's
1738 2872 1822 2900 note

1053 2910 1246 2944 elucidates
1265 2912 1338 2943 this
1361 2912 1512 2955 episode.
1558 2911 1601 2943 In
1623 2910 1763 2942 defence
1786 2911 1822 2943 of

1054 2954 1114 2986 the
1144 2954 1370 2997 Evangelical
1399 2958 1505 2997 party
1530 2954 1821 2996 Oecolampadius

1057 2998 1126 3030 had
1147 2999 1262 3031 issued
1278 2998 1528 3036 Comlzoeiones,
1552 2997 1665 3030 which
1687 2998 1729 3030 he
1752 3009 1821 3030 was
