2012 3370
101 123 223 171 1334]
558 121 630 160 To
659 119 815 160 ι101111
844 119 1229 159 CARONDELET
1614 120 1690 158 185

97 235 325 280 receperat,
364 230 438 282 qui
474 229 528 268 ab
566 228 731 267 Arianis
768 241 854 267 non
891 229 1133 279 recipiebat.
1193 228 1460 279 Quanquam,
1499 242 1552 267 ne
1589 229 1692 279 quid

97 283 369 331 dissimulem,
396 285 579 323 incertus
605 296 699 321 sum
726 296 780 321 an
806 283 908 321 haec
935 283 986 321 de
1012 283 1091 322 hoc
1117 287 1262 322 nostro
1289 283 1451 321 Hilario
1478 283 1693 334 praedicet

99 337 396 390 Hieronymus,
418 337 664 389 praesertim
684 350 817 388 quum
837 337 1039 376 librorum
1060 350 1166 388 quos
1195 338 1261 376 hic
1282 338 1401 384 citat,
1432 351 1519 376 non
1547 338 1690 376 memi-
1713 346 1773 384 565

96 392 207 431 nerit
239 393 283 431 in
316 392 516 443 Catalogo
552 391 827 442 Scriptorum.
886 391 946 430 Ac
981 391 1224 430 Gennadius
1259 396 1447 431 recenset
1481 391 1691 431 Hilarium

96 447 340 498 episcopum
381 445 595 497 quendam
637 445 954 484 Arelatensem:
1013 446 1186 484 tametsi
1228 446 1279 484 de
1320 446 1470 485 libellis
1511 459 1693 497 quorum

97 501 290 540 meminit
329 501 627 551 Hieronymus,
668 500 828 538 nullam
868 500 972 538 facit
1012 501 1283 538 mentionem.
1342 500 1406 540 Sit
1446 501 1524 540 hoc
1564 501 1693 552 igitur

95 559 267 593 tantum
287 555 332 593 in
352 555 430 593 hoc
451 555 729 605 propositum,
753 558 802 592 vt
823 554 1052 604 probabilis
1074 555 1312 605 argumenti
1332 554 1499 605 pondus
1520 555 1691 594 habeat.

151 609 267 648 Haec
282 621 551 660 nequaquam
566 608 660 646 ideo
676 608 797 646 nobis
813 608 1026 655 dicuntur,
1042 612 1093 646 vt
1106 609 1360 647 sanctissimi
1376 608 1692 660 doctissimique
1713 623 1777 656 570

95 663 175 701 viri
216 663 390 715 gloriam
433 663 704 701 obscuremus
746 661 991 713 famamque
1033 662 1315 713 suggillemus,
1360 663 1433 701 sed
1475 668 1525 702 vt
1567 664 1692 702 huius

94 717 296 768 temporis
322 718 539 768 episcopos
566 730 614 755 ac
641 716 858 767 theologos
885 716 1201 763 admoneamus,
1230 730 1281 755 ne
1308 717 1412 767 quid
1438 717 1523 755 tale
1549 718 1693 756 sinant

94 771 195 821 ipsis
238 771 475 822 subrepere,
520 770 645 822 quale
689 770 882 809 videmus
925 774 1050 809 tanto
1094 771 1185 809 viro
1231 771 1443 810 accidisse.
1502 771 1692 810 Primum

94 825 373 877 Euangelicae
414 825 698 876 simplicitatis
740 829 805 864 est
846 825 1028 864 fratrum
1070 825 1187 864 facta
1229 826 1470 876 scriptaque
1513 826 1692 865 candide

91 879 373 930 interpretari.
432 879 594 918 Deinde
618 880 652 917 si
676 880 770 930 quis
794 879 936 930 lapsus
961 884 1025 918 est
1049 880 1123 930 qui
1147 879 1400 918 dissimulari
1424 893 1510 918 non
1534 883 1691 930 potest,
1713 894 1773 926 575

92 946 178 972 non
192 934 286 972 ilico
302 934 575 973 saeuiendum
590 934 635 972 in
650 947 745 972 eum
762 935 835 984 qui
850 934 992 984 lapsus
1009 938 1085 980 est,
1103 947 1235 984 quum
1251 947 1374 973 nemo
1391 947 1476 972 non
1491 934 1662 973 labatur
1682 947 1690 980 ;

92 987 165 1026 sed
195 988 474 1027 adnitendum
504 993 553 1026 vt
582 988 751 1026 homine
780 988 898 1026 saluo
928 988 1104 1027 tollatur
1132 1001 1258 1027 error.
1316 988 1510 1039 Denique
1540 989 1597 1027 sic
1627 993 1693 1027 est

93 1041 385 1081 admonendus
416 1043 647 1093 proximus,
679 1042 1040 1093 quemadmodum
1072 1055 1148 1081 nos
1180 1042 1397 1081 admoneri
1429 1056 1690 1094 cuperemuS,

90 1096 126 1134 si
166 1096 270 1147 quid
309 1097 530 1136 accidisset
569 1097 829 1135 humanitus.
887 1097 1011 1135 Nunc
1052 1096 1245 1135 videmus
1285 1097 1493 1147 quosdam
1534 1098 1608 1148 qui
1647 1098 1691 1136 in

91 1150 237 1189 alienis
260 1150 376 1189 libris
401 1151 505 1189 nihil
528 1164 614 1189 non
638 1151 964 1197 calumniantur,
991 1151 1064 1202 qui
1088 1151 1204 1190 rabie
1228 1151 1415 1202 quadam
1441 1151 1692 1190 desaeuiunt
1712 1158 1777 1198 580

90 1204 134 1242 in
159 1204 319 1243 famam
345 1206 540 1256 proximi,
568 1218 700 1256 quum
726 1206 770 1243 in
795 1206 983 1256 ipsorum
1008 1205 1125 1244 libris
1150 1206 1414 1256 reperiantur
1440 1206 1692 1245 manifestae

93 1258 378 1309 blasphemiae
406 1260 450 1297 in
479 1260 705 1298 Christum.
764 1259 829 1299 Sit
857 1259 937 1298 hoc
966 1273 1139 1306 vanum,
1161 1260 1241 1298 nisi
1269 1273 1314 1298 re
1333 1261 1425 1311 ipsa
1445 1260 1621 1299 doceam
1642 1261 1687 1299 in

89 1311 239 1351 libellis
269 1313 550 1364 quorundam,
582 1314 656 1363 qui
686 1314 771 1351 iam
802 1314 925 1351 annis
955 1314 1119 1364 aliquot
1148 1314 1246 1352 111110
1277 1319 1407 1365 atque
1438 1315 1535 1353 hinc
1566 1315 1692 1353 multi

90 1367 382 1418 prouolarunt,
424 1367 672 1406 Pontificiae
712 1368 948 1406 maiestatis
995 1370 1286 1418 ὑπερασπισταί,
1339 1382 1428 1406 csse
1476 1369 1689 1419 quaedam

88 1433 211 1472 quae,
243 1421 345 1460 dum
373 1422 562 1473 impense
591 1425 768 1460 tuentur
797 1422 979 1460 hominis
1008 1422 1276 1473 dignitatem,
1308 1427 1501 1474 apertam
1531 1423 1693 1462 habent
1712 1429 1772 1470 585

89 1475 389 1514 contumeliam
426 1477 471 1514 in
507 1476 734 1515 Christum.
794 1476 886 1515 Hoc
924 1476 1004 1514 nisi
1040 1489 1105 1515 res
1142 1477 1316 1516 euicerit
1352 1477 1458 1528 ipsa,
1496 1477 1576 1516 sim
1613 1490 1689 1529 ego

89 1542 225 1568 vanus
249 1534 385 1569 autor.

140 1584 238 1623 Non
278 1584 434 1623 damno
474 1584 664 1623 studium
704 1584 871 1623 illorum
911 1585 985 1635 qui
1018 1585 1154 1624 sobrie
1194 1585 1431 1624 defendunt
1470 1585 1689 1625 Pontificis

87 1639 363 1678 autoritatem
385 1638 586 1678 aduersus
608 1639 876 1689 quorundam
898 1639 1142 1678 seditiosam
1164 1640 1447 1690 petulantiam
1469 1653 1476 1678 :
1515 1641 1688 1679 tametsi

87 1693 220 1744 magis
258 1694 441 1744 optarim
481 1694 539 1732 sic
577 1693 831 1732 efflorescere
871 1694 1025 1733 Christi
1063 1694 1239 1744 gloriam
1278 1698 1328 1732 vt
1365 1695 1500 1733 totius
1538 1695 1687 1733 mundi
1709 1710 1775 1742 590

85 1746 260 1797 gloriam
289 1748 499 1794 obscuret,
530 1748 673 1794 etiam,
705 1748 739 1786 si
767 1747 856 1786 fieri
885 1749 1032 1798 possit,
1063 1748 1178 1787 Petri
1207 1752 1252 1787 et
1280 1748 1414 1795 Pauli,
1445 1762 1531 1787 non
1560 1749 1687 1788 modo

86 1801 270 1840 Romani
309 1802 539 1841 Pontificis.
598 1802 665 1842 Sic
704 1802 816 1840 enim
856 1802 1084 1849 obscurati,
1125 1815 1223 1841 vere
1261 1802 1465 1841 fuerimus
1504 1803 1686 1854 gloriosi,

84 1855 119 1894 si
140 1869 218 1894 nos
239 1869 291 1895 ex
313 1856 435 1895 nobis
457 1856 561 1895 nihil
583 1869 780 1902 essemus,
805 1856 878 1894 sed
901 1856 1090 1895 Christus
1112 1860 1223 1895 esset
1244 1857 1388 1896 omnia
1409 1858 1452 1896 in
1474 1858 1685 1897 omnibus.

85 1909 149 1948 De
171 1911 316 1961 paucis
338 1911 507 1949 interim
529 1910 691 1961 loquor,
716 1911 789 1961 qui
812 1910 914 1948 dum
936 1910 1161 1949 immodice
1183 1911 1360 1950 student
1381 1912 1542 1950 homini
1563 1925 1685 1951 suam

84 1977 266 2003 asserere
297 1964 564 2016 dignitatem,
598 1977 684 2003 non
715 1965 818 2003 satis
851 1964 1153 2004 consuluerunt
1184 1965 1384 2016 dignitati
1416 1966 1583 2012 Christi,
1618 1967 1685 2005 cui
1708 1980 1767 2013 595

84 2018 161 2056 soli
193 2018 372 2057 debetur
404 2019 540 2057 omnis
573 2019 770 2069 dignitas.
829 2018 880 2057 In
913 2019 977 2057 his
1009 2032 1142 2070 quum
1176 2020 1255 2058 sibi
1287 2021 1510 2071 ignoscant
1541 2021 1682 2067 Meuii,

84 2076 176 2110 tam
202 2072 373 2119 feroces,
402 2077 493 2112 tam
520 2073 718 2120 immites,
747 2077 838 2111 tam
865 2074 1000 2124 iniqui
1026 2078 1128 2112 sunt
1155 2074 1356 2113 aduersus
1385 2075 1501 2113 alios.
1561 2075 1684 2122 Quod

84 2126 167 2164 illic
193 2126 396 2166 iudicium
423 2141 511 2166 esse
538 2131 693 2178 potest,
722 2127 795 2165 vbi
821 2132 912 2165 tam
939 2129 1151 2178 impotens
1178 2133 1243 2167 est
1269 2128 1414 2167 odium
1436 2135 1452 2167 Υ
1511 2129 1685 2180 Semper

84 2180 255 2231 quidem
275 2181 546 2220 ventilandus
565 2186 630 2220 est
648 2181 811 2232 gladius
831 2183 1034 2221 sermonis
1053 2183 1297 2234 Euangelici
1317 2183 1519 2222 aduersus
1538 2197 1684 2223 omnes

83 2248 241 2274 errores
257 2235 421 2287 impios,
440 2240 484 2275 ct
500 2236 628 2282 omni,
646 2236 762 2287 quod
778 2236 912 2282 aiunt,
931 2236 1038 2287 pede
1055 2237 1256 2276 standum
1274 2237 1476 2277 aduersus
1493 2238 1684 2277 haereses
1702 2246 1771 2277 600

83 2289 433 2340 suppullulanteS.
491 2290 574 2330 Sed
589 2291 704 2329 illam
720 2294 890 2341 oportet
905 2292 1086 2342 primam
1102 2304 1190 2330 esse
1207 2305 1364 2338 curam,
1382 2305 1434 2331 ne
1450 2293 1684 2343 reperiatur

83 2343 126 2382 in
159 2344 280 2383 nobis
313 2344 429 2396 quod
461 2345 505 2383 in
538 2345 629 2383 aliis
662 2345 947 2384 insectamur:
998 2346 1163 2392 deinde,
1197 2359 1250 2385 ne
1284 2348 1471 2397 corrupti
1504 2347 1684 2398 priuatis

83 2397 319 2445 affectibus,
337 2399 454 2450 quod
471 2399 629 2438 bonum
647 2403 724 2445 est,
743 2399 934 2438 dicamus
951 2400 1110 2439 malum
1131 2413 1139 2447 3
1173 2401 1289 2451 quod
1306 2401 1440 2447 dulce,
1460 2414 1651 2439 amarum
1673 2414 1682 2447 ;

82 2452 199 2503 quod
232 2452 432 2500 lucidum,
468 2454 752 2492 tenebrosum.
812 2454 891 2492 Est
924 2455 1035 2493 enim
1070 2455 1149 2493 hoc
1183 2456 1440 2505 pertinaciae
1474 2455 1683 2506 plerisque

84 2506 327 2546 mortalium
358 2508 534 2560 ingeniis
564 2509 753 2554 insitum,
788 2512 836 2546 vt
866 2508 982 2559 quod
1013 2509 1141 2547 semel
1172 2522 1425 2560 quocunque
1457 2522 1557 2548 casu
1588 2523 1681 2560 pro·
1700 2518 1765 2556 605

84 2561 392 2609 nunciauerint,
426 2575 645 2613 nunquam
679 2563 789 2601 tueri
819 2562 1029 2609 desinant,
1060 2564 1189 2602 etiam
1219 2564 1254 2602 si
1283 2564 1566 2614 compererint
1593 2577 1682 2603 sese

84 2627 303 2666 perperam
341 2617 653 2667 pronunciasse.
712 2616 901 2655 Primum
940 2617 1078 2668 pudor
1115 2617 1285 2663 obstat3
1325 2619 1359 2656 is
1398 2630 1471 2668 per
1509 2622 1680 2657 conten-

111 2718 207 2785 §7¹5
228 2707 428 2750 famamque
459 2708 679 2751 suggillemus
697 2709 770 2741 add.
791 2711 823 2743 β.
990 2721 1063 2752 573.
1092 2714 1192 2742 tanto
1218 2711 1290 2742 viro
1309 2723 1327 2740 α
1345 2723 1351 2742 :
1384 2711 1528 2742 summis
1552 2711 1681 2753 alioqui

84 2761 167 2783 viris
211 2775 217 2782 .

130 2875 201 2913 504.
227 2871 378 2902 incertus
404 2870 496 2910 sum]
528 2872 753 2912 13y1530oef.
780 2872 844 2912 Ep.
918 2870 1086 2909 Poiticrs;
1129 2872 1199 2904 and
1228 2872 1264 2904 in
1294 2883 1528 2914 consequence
1555 2874 1584 2905 it>
1612 2885 1680 2906 was

88 2922 182 2946 1000.
215 2917 313 2954 128n)
343 2916 507 2946 Erasmus
536 2915 603 2946 had
631 2915 845 2946 ascertaincd
915 2925 1093 2956 necessary
1112 2920 1148 2946 to
1165 2917 1251 2946 omit
1270 2916 1338 2947 this
1355 2916 1462 2948 whole
1480 2928 1633 2959 passage.

86 2957 165 2989 that
190 2958 313 2999 Hilary
339 2959 398 2990 the
424 2959 554 2991 deacon
581 2959 615 2990 of
640 2959 751 2991 Rome
779 2968 847 2990 was
962 2963 1034 2999 500.
1061 2959 1276 2998 Gennadius]
1296 2961 1357 2992 stoc
1378 2961 1443 3002 Ep.
1463 2966 1539 3001 070.
1561 2972 1638 3002 3311.

85 3010 106 3031 a
140 3001 301 3033 different
335 3012 458 3044 person
492 3002 581 3034 from
617 3002 676 3035 the
711 3003 775 3044 Bp.
812 3001 847 3034 of
960 3013 1034 3044 593.
1059 3002 1230 3042 Christus]
1248 3004 1387 3037 (theol.
1406 3015 1437 3045 3.
1459 3014 1508 3036 11.
