2033 3395
359 105 410 141 48
832 102 1087 143 LETTERS
1118 102 1190 143 OF
1220 102 1484 142 ERASMUS
1834 105 1956 152 [1522

351 216 391 248 de
411 216 446 248 la
467 215 516 247 vie
538 214 708 252 humatae,
731 214 855 251 which,
876 223 914 244 as
936 213 1128 245 translated
1148 213 1225 244 into
1246 212 1409 250 Flemish,
1431 223 1500 244 was
1522 212 1719 254 prohibited
1741 217 1780 245 at
1801 213 1961 245 Louvain

354 260 389 291 in
413 268 520 300 155();
541 258 612 290 and
629 258 728 289 other
747 257 859 289 works
879 256 991 288 which
1010 256 1186 288 remained
1205 257 1241 287 in
1261 265 1325 287 ms.
1369 256 1430 288 See
1450 256 1636 298 Wadding‚
1655 257 1746 288 Arm.
1769 256 1960 296 minorum,

355 303 415 335 xvi
432 304 561 343 (1736),
580 311 621 343 50
637 301 707 333 and
728 310 865 341 115-17,
884 300 953 331 and
970 299 1092 339 Script.
1111 300 1188 332 Ord.
1209 299 1398 337 Minormn,
1418 301 1514 337 1806,
1531 311 1564 341 p.
1581 301 1667 340 4263
1689 299 1960 332 Geldenhauer's

355 346 574 383 collectanea,
591 345 643 376 ed.
665 346 697 376 J.
721 344 877 381 Prinsen‚
898 353 975 381 1901
996 355 1004 380 ;
1038 343 1125 379 BN;
1160 343 1211 375 Al.
1232 343 1272 374 E.
1291 343 1312 374 i.
1334 351 1371 384 52
1390 356 1397 380 ;
1431 344 1500 375 and
1520 344 1624 375 ZKG.
1644 344 1869 384 xviii(1898)‚
1887 353 1958 385 131.

356 391 521 422 Erasmus
540 392 612 420 met
628 389 699 420 him
717 387 799 428 only
817 398 912 424 once,
931 390 969 418 at
987 386 1140 418 Brussols
1157 387 1193 418 in
1211 387 1270 418 the
1287 397 1439 418 summer
1456 388 1491 419 of
1511 396 1604 428 1521,
1624 387 1689 419 but
1705 388 1958 429 correspondet!

354 434 439 465 with
450 433 521 464 him
533 431 730 472 frequently
741 431 810 462 and
823 430 930 462 found
944 430 1016 461 him
1028 440 1049 461 a
1060 430 1252 462 consistent
1263 433 1399 471 patron.
1435 431 1506 462 The
1518 431 1624 463 abuse
1636 432 1669 463 oi
1681 430 1753 462 him
1764 431 1960 463 attributed

355 482 393 508 to
415 477 580 508 Erasmus
604 475 650 516 by
675 475 811 506 Hutten
833 475 870 506 in
893 474 952 505 the
974 473 1207 514 Expostulatio
1230 475 1298 513 (see
1321 473 1446 514 above)
1470 475 1498 505 is
1520 474 1667 516 entirely
1690 475 1815 506 denjed
1841 475 1877 506 in
1901 475 1960 506 the

353 519 517 561 Sponqia‚
534 519 604 551 LB.
622 529 654 550 x.
678 519 760 559 1647
773 518 973 549 B—r=HE.
997 527 1072 558 333,
1095 519 1126 557 ἓξ
1150 525 1265 558 151-5.
1310 517 1371 549 See
1392 517 1481 559 Epp.
1507 527 1600 558 1241,
1626 520 1721 558 1256,
1745 520 1841 557 1269,
1865 528 1960 559 1302.

361 572 478 604 13—14,
500 571 592 603 1331,
613 572 707 603 1342.
728 561 848 602 245-8‚
868 563 962 602 1482.
985 561 1115 602 17-18:
1145 560 1219 592 also
1233 569 1258 601 1,
1276 571 1309 602 p.
1328 569 1379 602 35.
1402 563 1517 602 15—18,
1535 562 1606 593 and
1623 561 1693 594 OE.
1711 572 1770 604 pp.
1789 560 1914 603 351‚2.]

606 668 824 699 ERASMVS
857 668 1097 699 ROTEROD.
1129 668 1305 698 IOANNI
1336 668 1566 698 GLAPIONI
1599 668 1635 698 S.
1659 669 1704 698 D.

410 737 506 776 EGO
530 750 630 776 vero
651 741 707 784 te,
741 737 799 776 mi
821 736 1015 788 Glapion‚
1040 738 1119 776 hoc
1141 738 1312 777 nomine
1332 737 1400 776 vel
1423 737 1544 776 vnice
1565 737 1754 788 gratulor
1773 738 1960 789 optimae

354 792 509 831 mentis
539 792 717 839 Caesari,
749 792 865 843 quod
894 792 1024 831 talem
1054 793 1193 831 virum
1223 791 1355 831 habet
1384 805 1409 830 a
1438 792 1632 831 consiliis.
1691 791 1818 843 Spem
1848 793 1960 831 enim

355 846 633 885 certissimam
651 847 841 898 concipio
859 846 1052 886 futurum
1071 851 1120 886 vt
1138 860 1246 885 vnus
1265 846 1390 885 nullis
1407 847 1532 885 huius
1550 846 1698 885 mundi
1716 846 1960 898 cupiditati—

355 901 435 939 bus
458 906 682 952 corruptus
704 901 898 940 consulas
921 914 971 940 ea
993 902 1289 952 potentissimo
1312 901 1567 940 monarchae
1590 914 1699 952 quae
1721 900 1884 940 faciant
1906 900 1961 940 ad

320 970 336 1003 5
356 955 570 1006 publicam
601 955 713 995 orbis
742 956 975 994 vtilitatcm
1005 960 1049 995 et
1078 956 1133 994 ad
1163 956 1337 1007 gloriam
1369 955 1552 1001 Christi;
1598 955 1961 1006 quemadmodum

356 1010 575 1056 hactenus,
600 1013 651 1049 vt
673 1023 807 1061 spero,
832 1010 949 1049 facis.
1002 1010 1225 1049 Caeterum
1248 1023 1324 1061 pro
1347 1009 1491 1048 studio
1513 1010 1596 1048 isto
1619 1010 1664 1048 in
1686 1022 1754 1049 me
1776 1013 1852 1049 tuo
1876 1011 1961 1049 iam

356 1064 490 1114 pudet
512 1065 640 1103 toties
662 1065 820 1115 gratias
844 1077 977 1115 agere.
1030 1063 1296 1115 Contemptis
1318 1064 1444 1103 rebus
1466 1063 1676 1111 omnibus,
1700 1063 1960 1111 valetudine,

356 1118 519 1169 prolixo
545 1119 707 1165 itinere,
733 1118 979 1165 latrociniis,
1005 1118 1056 1157 iis
1080 1131 1189 1169 quae
1215 1132 1327 1157 nunc
1351 1119 1396 1157 in
1421 1118 1618 1157 manibus
1643 1122 1744 1157 sunt
1768 1123 1812 1158 et
1837 1132 1960 1158 excu-

357 1172 530 1219 duntur,
557 1172 739 1224 denique
763 1173 915 1212 scrinio
939 1186 1078 1212 rerum
1104 1186 1308 1220 mearum,
1333 1172 1450 1224 quod
1472 1185 1586 1212 nunc
1610 1172 1780 1212 demum
1806 1173 1961 1213 Franc-

299 1241 340 1266 10
355 1226 537 1265 fordiam
560 1227 785 1278 perlatum,
809 1227 1000 1266 nondum
1023 1227 1078 1266 ad
1100 1241 1167 1266 me
1188 1231 1436 1278 peruectum
1459 1231 1536 1274 est,
1559 1228 1670 1267 istuc
1692 1227 1962 1279 cupidissime

357 1281 637 1329 aduolassem,
670 1282 733 1320 ita
765 1295 832 1320 me
864 1282 971 1321 bene
1003 1286 1120 1321 amet
1151 1282 1361 1321 Dominus
1393 1281 1524 1320 Iesus.
1586 1281 1668 1322 Sed
1700 1282 1877 1321 verebar
1908 1296 1962 1321 ne

356 1340 637 1387 posteaquam
664 1337 807 1375 omnia
830 1336 1035 1383 fecissem,
1061 1337 1157 1375 istic
1181 1350 1268 1375 non
1292 1336 1529 1375 offensurus
1554 1349 1687 1376 essem
1713 1336 1960 1376 Caesaream

356 1390 654 1436 maiestatem;
700 1403 809 1442 quae
839 1390 1061 1430 dicebatur
1088 1391 1174 1430 iam
1204 1391 1367 1430 dudum
1396 1390 1566 1430 haerere
1595 1391 1639 1430 in
1667 1391 1824 1438 littore,
1855 1390 1961 1430 nihil

355 1449 586 1496 expectans
614 1445 694 1484 nisi
720 1444 916 1484 fauentes
943 1449 1108 1492 ventos,
1139 1446 1213 1497 qui
1241 1445 1319 1484 soli
1346 1458 1432 1484 non
1460 1449 1697 1497 agnoscunt
1724 1445 1959 1485 Caesarem.

300 1513 336 1547 15
356 1499 588 1550 Cupiebam
604 1503 648 1538 et
662 1499 812 1539 Caletii
825 1499 1011 1539 salutare
1024 1499 1292 1539 Mecoenates
1307 1500 1471 1551 aliquot
1485 1512 1614 1547 meos,
1630 1512 1737 1551 quos
1752 1500 1958 1539 coniecta-

356 1554 457 1593 bam
474 1553 558 1593 illic
578 1567 674 1593 cum
693 1553 871 1594 Caesare
889 1554 1047 1594 adesse.

411 1608 454 1648 Si
478 1608 582 1659 quid
605 1612 671 1647 est
693 1608 737 1647 in
760 1621 846 1659 quo
870 1609 1028 1660 possim
1052 1612 1222 1660 gratum
1245 1608 1383 1648 facere
1407 1608 1593 1660 Principi
1616 1621 1724 1656 mee,
1750 1613 1827 1648 aut
1849 1609 1960 1648 illius

356 1662 557 1714 dignitati
579 1666 657 1701 aut
678 1662 868 1714 religioni
890 1663 1154 1703 Christianae
1176 1663 1405 1710 consulere,
1429 1663 1566 1702 tribus
1588 1663 1728 1703 verbis
1751 1675 1826 1714 per
1847 1663 1960 1702 hunc

355 1717 552 1757 iuuenem
579 1716 870 1756 fidelissimum
897 1717 1082 1757 scribito.
1138 1717 1229 1770 Ego
1256 1731 1356 1757 sane
1382 1731 1476 1756 sum
1502 1718 1536 1757 is
1563 1718 1637 1768 qui
1662 1717 1782 1757 silere
1807 1718 1958 1757 norim.

296 1785 340 1809 20
356 1771 450 1810 Iam
471 1784 689 1823 aggressus
708 1785 823 1811 eram
843 1772 1035 1811 nonnihil
1054 1772 1183 1811 libelli
1203 1772 1267 1811 De
1287 1771 1471 1811 finiendo
1491 1773 1664 1823 negocio
1684 1771 1930 1811 Lutherano
1950 1785 1960 1818 ς

356 1826 430 1865 sed
456 1826 659 1865 valetudo
686 1826 914 1877 interrupit
940 1827 1084 1865 omnia
1110 1826 1265 1865 studia.
1322 1827 1499 1866 Interim
1527 1827 1718 1866 oratione
1744 1826 1960 1878 literisque

356 1880 590 1931 permultos
632 1881 881 1931 temperaui,
927 1881 1030 1920 mire
1073 1880 1260 1920 Luthero
1304 1881 1511 1920 addictos.
1583 1879 1786 1932 Epistolis
1828 1881 1959 1920 etiam

357 1934 507 1974 aeditis
538 1934 751 1974 declaraui
769 1935 872 1974 mihi
891 1935 995 1974 nihil
1015 1948 1205 1986 vnquam
1224 1935 1403 1974 foederis
1422 1935 1551 1974 fuisse
1571 1948 1666 1974 cum
1696 1935 1782 1974 vllo
1802 1934 1958 1974 Luthe-

356 2002 474 2035 rano,
496 1989 570 2028 sed
590 1989 837 2028 seditiosum
865 1990 1086 2041 negocium
1114 1990 1217 2028 mihi
1245 2001 1409 2040 semper
1429 1989 1702 2040 displicuisse.
1758 1989 1852 2028 Iam
1880 1989 1960 2028 hoc

297 2055 337 2089 25
356 2043 440 2082 toti
463 2043 718 2083 Germaniae
739 2044 796 2082 sic
817 2048 969 2082 notum
989 2048 1066 2090 est,
1092 2048 1142 2083 vt
1164 2044 1305 2083 nullus
1324 2043 1540 2095 impendio
1565 2043 1832 2083 Lutheranus
1856 2044 1959 2082 mihi

356 2097 463 2136 bene
476 2097 592 2144 velit,
607 2097 782 2148 quidam
796 2098 1047 2137 minitentur
1061 2098 1260 2137 dentatos
1272 2098 1447 2144 libellos,
1463 2098 1732 2151 aliirlacerent
1745 2099 1958 2145 conuiciis,

356 2151 632 2202 Pelagianum
665 2152 929 2203 appellantes
961 2156 1004 2192 et
1036 2152 1275 2203 palponem,
1309 2166 1395 2191 non
1427 2152 1709 2203 Euangelicae
1740 2152 1959 2192 doctrinae

358 2218 623 2256 praeconem.
673 2206 740 2245 Me
757 2210 869 2245 certe
882 2219 1018 2257 neque
1031 2207 1124 2246 vita
1137 2219 1274 2257 neque
1288 2219 1400 2246 mors
1414 2207 1624 2246 distrahet
1645 2207 1699 2246 ab
1714 2207 1959 2246 obedientia

358 2260 571 2299 Ecclesiae
591 2264 635 2299 et
655 2274 680 2299 a
701 2262 957 2312 synceritate
978 2260 1076 2300 fidei
1096 2261 1373 2301 Christianae.

298 2326 341 2359 30
411 2314 494 2355 Sed
514 2318 661 2354 tamen
680 2315 798 2362 illud,
821 2316 887 2353 Vir
907 2316 1080 2366 optime,
1102 2320 1245 2355 tecum
1266 2315 1482 2367 expendas
1502 2315 1642 2362 velim,
1664 2327 1794 2366 quam
1815 2316 1959 2366 inique

358 2382 524 2408 mecum
538 2373 702 2420 agatur,
717 2370 996 2421 qui,—-quum
1011 2371 1145 2409 tantis
1158 2371 1261 2410 meis
1277 2370 1501 2409 sudoribus
1513 2369 1710 2421 prodesse
1723 2369 1959 2409 studuerim

403 2466 435 2498 6.
461 2465 593 2505 studio]
610 2466 659 2498 Cf.
679 2467 743 2507 Ep.
765 2467 858 2505 1269.
878 2471 952 2509 5-6.
1194 2467 1344 2499 madein
1356 2467 1416 2499 the
1428 2467 1621 2500 Consilium
1633 2467 1669 2499 of
1683 2468 1858 2510 1520(Ep.
1875 2477 1959 2508 1149

403 2519 433 2550 7.
458 2509 676 2548 valetudine]
695 2510 744 2542 Cf.
765 2511 829 2550 Ep.
854 2513 946 2551 1248.
972 2519 1045 2543 1011.
1192 2511 1361 2551 introd.);
1403 2511 1471 2543 but
1499 2511 1559 2542 the
1589 2512 1725 2552 project
1753 2522 1824 2543 was
1853 2521 1959 2543 never

404 2554 433 2584 8.
459 2553 665 2593 latrociniis]
708 2553 758 2586 Cf.
799 2554 889 2595 Epp.
934 2556 1026 2594 1248.
1067 2563 1125 2593 211,
1193 2554 1400 2595 completed.
1450 2554 1518 2586 For
1541 2556 1766 2595 expectation
1791 2555 1827 2586 of
1850 2556 1881 2586 it
1904 2565 1960 2586 see

363 2605 457 2637 1274.
479 2608 528 2639 17.
1192 2598 1260 2630 Zw.
1276 2599 1328 2630 ΕΖ.
1346 2599 1464 2636 198-9,
1481 2607 1540 2630 201
1562 2598 1619 2638 (cf.
1639 2599 1712 2630 also
1729 2598 1834 2630 BRE.
1854 2600 1933 2639 213)
1949 2610 1958 2636 ς

403 2648 434 2676 9.
460 2639 600 2679 scrinio]
624 2639 674 2672 Cf.
692 2640 783 2681 Epp.
804 2649 958 2681 125417,
977 2642 1072 2681 1258.
1094 2651 1120 2673 1.
1193 2641 1266 2674 also
1281 2642 1371 2683 Epp.
1394 2643 1486 2674 1268.
1506 2644 1625 2684 ‘so-80,
1646 2650 1739 2681 1290.
1757 2651 1809 2684 37.

407 2691 418 2712 1
430 2690 456 2722 5.
483 2682 716 2722 Mecoenates]
752 2683 944 2725 Evidently
979 2684 1124 2726 English
1238 2693 1291 2716 21.
1316 2683 1440 2723 literis]
1455 2684 1545 2717 Such
1557 2695 1596 2716 as
1608 2685 1672 2726 Ep.
1691 2694 1772 2717 1202
1786 2697 1793 2717 :
1808 2685 1850 2716 cf.
1865 2685 1956 2726 Epp.

357 2728 516 2766 patrous,
533 2726 648 2758 whom
667 2727 710 2758 he
728 2727 898 2768 expected
917 2731 956 2759 to
974 2738 1066 2759 cross
1086 2731 1124 2760 to
1195 2738 1206 2760 1
1217 2737 1288 2768 143.
1298 2737 1379 2765 2211,
1390 2737 1484 2766 1290.
1495 2729 1550 2770 38,
1562 2728 1764 2768 1352.67——8‚
1778 2727 1955 2767 1386.7—8.

359 2767 473 2800 Calais
492 2772 530 2800 to
548 2773 639 2801 meet
657 2770 805 2802 Charles.
1237 2780 1291 2804 22.
1318 2771 1499 2813 Epistolis]
1538 2771 1630 2804 Such
1669 2781 1708 2803 as
1747 2771 1836 2813 Epp.
1877 2771 1955 2809 961,

407 2820 457 2849 19.
483 2812 659 2852 iuuenem]
710 2813 835 2855 Hilary
885 2813 1121 2856 Bertulphus:
1188 2816 1267 2857 967,
1285 2824 1381 2855 1033,
1399 2824 1477 2855 1041
1497 2827 1504 2847 :
1531 2815 1575 2847 cf.
1592 2815 1656 2855 Ep.
1676 2823 1769 2854 1225.
1790 2822 1824 2854 15
1832 2821 1906 2854 3—5.

358 2853 400 2886 cf.
419 2855 484 2896 Ep.
505 2859 596 2888 1281.
617 2867 669 2898 23.
1234 2866 1288 2898 25.
1314 2856 1535 2896 Germaniae]
1555 2858 1604 2890 Cf.
1628 2858 1692 2899 Ep.
1718 2866 1812 2898 1274.
1835 2860 1932 2899 57—8.

359 2941 366 2947 ¹
403 2906 456 2948 20.
481 2897 604 2949 libelli]
620 2899 650 2930 A
667 2898 818 2931 detailed
834 2903 984 2932 account
1000 2901 1036 2932 of
1052 2901 1123 2932 this
1234 2902 1288 2933 26.
1312 2899 1480 2951 lacerent]
1497 2900 1547 2933 Cf.
1567 2901 1632 2941 Ep.
1655 2901 1748 2942 1276.
1768 2911 1824 2941 9n.

356 2943 1122 3028 ξῗοὲὲὶῐῗῗὴὲἒέὲέἒριῗΞθῖἶῖἐὲιὶξὲθζὶῗὲἶὲ
1234 2953 1288 3029 ΞΞΙ
1311 2944 1539 3027 ἷὲὲῖῗῖἶῧὲῗ
1528 2942 1670 3028 (101Εέ
1672 2943 1942 3030 13·233?⁵.·..².{³⁴¹²·
