2012 3370
273 126 353 166 230
742 129 997 169 LETTERS
1028 129 1101 169 OF
1131 130 1395 171 ERASMUS

1753 134 1875 182 [1523

326 238 406 277 Vix
430 238 631 285 eredcreS,
656 239 710 276 mi
737 239 925 286 Erasme,
948 244 1158 291 quantum
1182 244 1271 279 tam
1294 241 1520 291 impudens
1542 241 1808 280 mendacium
1832 245 1876 279 et

270 293 435 332 facinus
452 297 543 331 tam
562 293 704 332 audax
721 293 939 333 Pontificis
954 296 1113 346 pariter
1130 299 1173 334 et
1190 295 1337 347 Legati
1355 296 1589 334 detraxerit
1607 296 1874 342 authoritati,

270 353 565 399 quantumque
604 349 815 399 pepererit
852 353 1132 396 contemtum,
1171 363 1257 389 non
1294 351 1429 389 solum
1474 349 1589 400 apud
1636 349 1875 389 Nurenber-

207 415 252 445 40
268 415 415 453 genses
442 402 516 440 sed
543 415 731 441 summos
758 403 888 441 ctiam
916 404 1155 455 principes;
1183 417 1419 455 parumque
1446 404 1586 442 abfuit
1606 404 1711 455 quin
1730 405 1877 456 ingens

269 456 555 495 concitaretur
579 457 805 503 tumultus,
833 471 919 496 non
945 459 1032 497 sine
1059 471 1212 509 magno
1237 459 1423 510 periculo·
1450 458 1598 510 Legati
1623 462 1668 497 et
1692 472 1876 510 quorun-

269 510 381 556 dam,
411 514 668 559 coactusque
694 515 760 550 est
785 512 967 551 Senatus
992 513 1352 565 Nurenbcrgensis
1382 513 1556 552 diurnas
1589 513 1795 552 stationes
1829 526 1878 552 ac

268 569 499 604 nocturnas
521 578 643 616 agere
664 566 877 611 excubias,
901 571 952 606 vt
972 570 1097 606 tanto
1119 568 1292 607 obuiam
1313 569 1395 607 iret
1416 567 1542 606 malo.
1593 567 1695 618 Egit
1722 571 1768 606 et
1796 567 1879 606 alia

269 619 480 669 quaedam
511 619 696 672 Legatus
725 620 938 660 leuissima
968 625 1011 661 et
1041 635 1191 673 parum
1222 623 1432 673 probata:
1479 635 1531 661 ex
1562 622 1716 672 quibus
1746 621 1876 660 talem

206 686 244 718 45
269 673 348 712 sibi
379 674 544 725 peperit
575 679 855 722 contemtum,
887 680 938 715 vt
967 690 1053 715 non
1083 677 1172 715 sine
1202 677 1354 716 rubore
1384 678 1428 715 in
1459 676 1678 728 publicum
1709 676 1876 727 prodire

268 728 438 767 audeat.
502 728 638 768 Nemo
673 730 798 776 enim,
834 744 972 777 nemo,
1007 731 1197 781 inquam,
1233 731 1300 770 vel
1334 732 1509 770 minimo
1544 743 1641 769 eum
1676 730 1878 782 dignatur

268 782 438 829 honore,
463 783 536 822 sed
558 784 755 823 vniuerso
777 785 935 835 populo
957 785 1139 824 ludibrio
1161 791 1206 824 et
1227 786 1463 825 contemtui
1485 790 1562 824 est.

322 837 381 876 Et
393 837 497 876 haec
511 839 655 876 omnia
668 839 728 877 illi
742 852 918 878 euenere
932 839 1154 878 fraudibus
1169 841 1487 887 monachorum,
1503 839 1658 891 quibus
1674 840 1874 878 maiorem

267 904 397 942 quam
425 891 587 939 debuit,
619 893 820 932 attribuit
847 894 986 933 fidem.
1039 893 1107 932 Illi
1135 895 1247 932 enim
1275 895 1557 933 infensissimo
1586 894 1683 933 odio
1712 894 1875 933 Nuren-

209 958 249 990 50
268 946 489 997 bergenses
520 952 847 998 persequuntur,
879 961 927 986 ac
956 948 1223 987 Lutheranos
1257 949 1490 999 appellant,
1521 949 1622 1000 quia
1651 949 1730 987 hoc
1764 961 1876 987 anno

266 1013 412 1039 omnes
433 1001 640 1040 sustulere
661 1002 890 1049 mendicos,
913 1002 1019 1041 adeo
1041 1006 1091 1041 vt
1111 1016 1235 1041 nemo
1257 1003 1439 1054 amplius
1459 1004 1503 1041 in
1523 1003 1694 1054 publico
1715 1002 1875 1041 mendi-

267 1068 361 1093 care
381 1055 518 1093 ausit:
549 1056 704 1106 quibus
719 1060 866 1095 tamen
886 1057 1096 1103 omnibus,
1114 1061 1158 1095 et
1173 1057 1287 1108 large
1307 1057 1492 1108 quidem,
1510 1057 1740 1108 prouident
1754 1058 1877 1096 iuxta

266 1109 553 1148 conditionem
571 1110 915 1162 vniuscuiusque.
964 1111 1087 1159 Quod
1104 1112 1278 1162 pietatis
1302 1112 1487 1150 officium
1512 1124 1658 1150 omnes
1680 1111 1875 1158 laudant,

266 1168 310 1202 ct
343 1163 516 1214 largiter
551 1164 663 1203 bona
697 1178 774 1204 sua
809 1165 1062 1212 conferunt3
1114 1167 1311 1205 monaehi
1347 1180 1459 1212 vero,
1497 1166 1701 1217 quicquid
1736 1166 1876 1217 egenis

207 1230 221 1261 5
229 1228 244 1261 5
266 1218 444 1264 accedit,
471 1219 677 1258 auaritiae
702 1233 751 1258 ac
775 1220 997 1259 ventribus
1022 1233 1167 1259 eorum
1193 1221 1394 1260 decedere
1418 1225 1589 1272 putant.
1644 1220 1755 1259 Hinc
1779 1220 1875 1259 illae

265 1272 463 1312 lacrimae
484 1277 528 1312 et
542 1273 794 1313 Acherontis
816 1275 1059 1314 commotio.
1107 1275 1322 1314 Admonui
1343 1275 1551 1326 Legatum
1572 1288 1646 1327 per
1667 1275 1875 1314 amicos—

267 1327 369 1365 mihi
389 1328 502 1368 enim
520 1329 640 1367 illum
660 1329 749 1368 sine
769 1329 953 1381 periculo
974 1331 1198 1370 conuenire
1218 1343 1304 1368 non
1323 1330 1549 1369 licuit—vt
1569 1329 1873 1369 monachorum

266 1386 437 1421 caueret
463 1383 666 1422 insidias:
712 1384 786 1423 sed
813 1388 857 1423 et
885 1397 951 1423 me
979 1384 1039 1422 illi
1067 1388 1311 1435 suspectum
1339 1384 1588 1431 reddidere3
1633 1397 1744 1423 nune
1774 1397 1874 1422 vero

267 1437 422 1475 sentire
443 1438 602 1488 incepit
623 1451 754 1488 quam
776 1439 934 1477 sincere
956 1452 1098 1478 secum
1120 1440 1288 1491 egerim.

322 1490 498 1542 Scripsit
523 1492 723 1531 Pontifex
748 1493 925 1533 Senatui
949 1493 1315 1545 Nurembergensi,
1343 1497 1387 1532 et
1411 1493 1623 1544 quaedam
1647 1492 1875 1531 falsissima

267 1544 451 1593 obiecit3
502 1546 546 1585 id
581 1560 706 1585 omne
740 1548 785 1586 in
821 1547 1028 1598 Legatum
1063 1548 1257 1595 refertur,
1295 1548 1362 1586 eui
1396 1561 1473 1586 nec
1508 1561 1672 1586 summe
1707 1548 1872 1598 petenti

266 1612 515 1650 responsum
550 1600 650 1640 dare
685 1602 822 1640 voluit
857 1602 1052 1641 Senatus.
1116 1602 1395 1641 Insimulatur
1430 1603 1560 1641 etiam
1594 1603 1735 1641 nescio
1769 1601 1874 1652 quid

266 1666 429 1693 summe
457 1655 661 1694 scelerati.
719 1655 896 1708 Scripsit
923 1660 966 1695 et
993 1656 1193 1696 Pontifex
1221 1657 1332 1695 inter
1359 1661 1499 1695 cetera
1527 1656 1801 1707 principibus,
1831 1669 1875 1694 se

266 1708 446 1759 ingenue
480 1709 607 1748 fateri
642 1710 780 1749 multa
814 1711 1043 1761 nephanda
1078 1712 1234 1750 scelera
1269 1711 1529 1762 quibusdam
1564 1711 1650 1749 iam
1680 1711 1803 1749 annis
1831 1711 1874 1749 in

267 1767 417 1802 sancta
454 1763 554 1803 sede
591 1764 788 1803 Romana
826 1769 1074 1816 perpetrata
1111 1779 1199 1805 esse
1237 1770 1281 1804 et
1319 1766 1373 1803 ob
1413 1779 1463 1804 ea
1501 1769 1679 1816 peccata
1716 1765 1872 1804 clerum

267 1816 512 1857 Lutherana
535 1818 663 1873 plecti
688 1819 874 1858 haeresi:
907 1833 1052 1859 omnes
1076 1821 1202 1868 enim,
1227 1821 1382 1871 inquit,
1405 1820 1653 1867 errauimus,
1679 1824 1721 1858 et
1750 1833 1873 1858 vnus-

204 1492 250 1523 60

206 1765 244 1803 65

311 1919 362 1957 37.
390 1911 463 1939 tam
477 1908 662 1950 impudens
678 1922 697 1939 a
714 1921 721 1940 ε
748 1909 818 1941 tale
834 1913 867 1945 β.

370 1954 392 1987 β
1028 1914 1063 1941 et
1078 1935 1085 1941 .
1103 1934 1109 1941 .
1127 1934 1134 1942 .
1155 1913 1207 1954 38.
1234 1910 1414 1942 Pontificis
1430 1924 1449 1940 (ι
1466 1922 1472 1941 :
1501 1910 1743 1952 sump<tibus>
1760 1911 1874 1952 ponti-

269 1952 353 1983 licils
396 1978 402 1985 .

541 1956 593 1994 38.
621 1952 832 1984 authoritati
846 1956 868 1989 β
885 1965 891 1984 :
919 1953 1142 1986 auctoritatis
1156 1968 1184 1984 α.
1315 1966 1366 1997 39.
1393 1957 1637 1995 quantumque
1650 1980 1658 1987 .
1671 1978 1679 1985 .
1694 1978 1701 1985 .
1720 1958 1872 1986 contem-

269 1998 345 2026 tum
363 2008 381 2025 α
399 2007 406 2027 :
433 1995 632 2037 pariterque
652 1999 896 2038 contemptum
915 1997 1090 2038 pepererit
1108 2001 1142 2032 β.
1279 1997 1311 2029 N
1315 1997 1583 2039 urenbergenses
1604 2010 1622 2027 a
1639 2009 1646 2028 :
1680 2000 1818 2029 nostros
1838 2001 1870 2033 β.

268 2050 319 2080 40.
345 2040 453 2071 etiam
471 2052 490 2069 α
506 2052 513 2071 :
542 2040 712 2081 quosdam
730 2043 762 2075 β.
998 2053 1049 2084 41.
1075 2052 1145 2074 non
1161 2043 1234 2074 sine
1250 2066 1257 2073 .
1277 2066 1283 2073 .
1304 2067 1310 2073 .
1331 2053 1384 2084 49.
1410 2041 1513 2074 fidem
1531 2054 1550 2071 α
1567 2054 1573 2073 :
1600 2043 1652 2073 ita
1668 2046 1708 2074 vt
1724 2042 1873 2074 Senatus

270 2086 459 2114 nocturnas
489 2093 628 2124 quoque
657 2084 822 2116 excubias
851 2095 951 2125 agere
980 2089 1167 2126 cogeretur.
1221 2086 1293 2117 Nec
1323 2086 1474 2126 Legatus
1503 2096 1539 2117 sc
1568 2096 1678 2128 paruo
1712 2087 1874 2127 exposuit

270 2126 442 2166 periculo3
487 2128 548 2168 qui
580 2128 630 2159 ita
666 2129 902 2160 contemnitur
932 2132 971 2160 vt
1003 2140 1105 2162 nemo
1135 2133 1250 2171 preter
1280 2140 1410 2171 paucos
1439 2130 1489 2161 illi
1525 2129 1690 2162 honorem
1725 2129 1870 2161 deferat.

268 2170 391 2202 Fertur
423 2174 457 2202 et
491 2171 559 2202 alia
594 2171 743 2211 quedam
770 2172 945 2203 leuissima
974 2174 1094 2213 egisse,
1117 2175 1374 2205 circumuentus
1404 2174 1716 2213 wroxo<rvpdvzwv>
1741 2173 1874 2205 insidiis

267 2215 300 2247 13.
456 2225 508 2256 50.
534 2219 801 2256 persequuntur,
823 2227 863 2247 ac
880 2216 1097 2249 Lutheranos
1121 2230 1162 2248 a:
1199 2219 1361 2258 prosequi
1382 2220 1559 2258 ceperant,
1585 2217 1872 2258 Lutheranosque

267 2259 300 2290 β.
542 2259 624 2298 quia
646 2284 653 2290 .
680 2284 686 2290 .
712 2284 718 2290 .
745 2270 796 2301 53.
823 2260 1094 2300 vniuscuiusque
1117 2273 1158 2292 a:
1195 2262 1360 2301 quoniam
1382 2262 1557 2292 neminem
1580 2271 1622 2292 ex
1644 2260 1778 2292 ciuibus
1801 2262 1872 2292 suis

267 2300 416 2342 amplius
443 2301 639 2333 mendicare
676 2303 808 2341 sinunt,
842 2303 901 2334 sed
940 2305 1075 2335 cunctis
1112 2303 1347 2345 indigentibus
1386 2305 1576 2336 necessaria
1617 2304 1785 2346 prebent:
1826 2304 1870 2336 ad

267 2346 299 2377 13.
444 2356 495 2387 53.
522 2345 668 2377 laudant
689 2371 694 2377 .
718 2371 724 2377 .
748 2371 755 2378 .
779 2358 831 2388 55.
857 2350 986 2388 putant
1005 2360 1023 2376 α
1041 2360 1046 2379 :
1072 2347 1220 2379 libenter
1240 2347 1331 2380 bona
1351 2358 1413 2380 sua
1433 2348 1685 2385 contribuunt3
1710 2347 1803 2388 quod
1823 2348 1872 2380 illi

267 2387 509 2420 molestissime
529 2389 658 2429 ferunt,
679 2391 828 2421 auaricie
847 2401 908 2422 sue
928 2390 1035 2422 adimi
1056 2395 1222 2432 putantes
1242 2402 1309 2432 que
1329 2393 1364 2423 in
1385 2402 1554 2433 pauperes
1579 2391 1706 2423 Chm'sti
1729 2402 1882 2432 erogan-·

266 2435 323 2464 tur
349 2434 382 2466 Β.
543 2437 594 2476 56.
621 2437 655 2465 et
673 2433 878 2467 Acherontis
894 2459 901 2466 .
921 2460 928 2467 .
948 2459 955 2466 .
977 2446 1027 2477 72.
1053 2435 1313 2477 amplectuntur
1329 2447 1348 2465 a
1364 2447 1370 2467 :
1399 2435 1527 2467 Verum
1544 2445 1647 2467 nemo
1663 2445 1742 2467 vere
1759 2435 1871 2467 dicere

267 2542 390 2583 Scripc.
414 2554 474 2574 rer.
502 2543 607 2575 Germ.
631 2544 655 2574 ii
679 2546 806 2585 (1728),
829 2547 918 2583 620:
955 2547 1032 2578 ME.
1103 2547 1406 2588 Reichstaqsamen,
1428 2549 1477 2587 iii,
1502 2560 1534 2590 p.
1559 2560 1660 2591 40411.
1710 2550 1811 2582 Some
1835 2551 1871 2582 of

268 2596 355 2626 2343
389 2586 425 2617 F.
447 2587 555 2624 Roth,
575 2586 795 2628 Einfiihxruvq
811 2589 842 2620 d.
864 2588 1034 2630 Reforma-

268 2629 338 2660 Ιίοη
369 2629 407 2660 in
436 2630 625 2669 Niirnberq,
661 2633 755 2672 1885,
787 2642 845 2673 pp.
882 2635 1011 2675 108-17
1027 2647 1034 2671 ;

267 2672 338 2704 and
351 2673 512 2704 Deutsche
526 2674 829 2715 Reichstaqsakten,
843 2676 864 2716 j.
879 2687 904 2707 r.
917 2677 966 2715 iii,
981 2677 1035 2708 ed.

269 2716 308 2747 A.
330 2715 465 2754 Wrede,
488 2726 584 2755 1901,
604 2728 636 2758 p.
656 2727 731 2757 411.

314 2770 364 2800 39.
392 2760 626 2799 contemtum]
647 2761 716 2792 For
736 2761 795 2793 the
815 2762 1036 2803 indignation

268 2803 406 2833 excited
429 2803 464 2834 in
492 2804 709 2845 Nuremberg
736 2815 790 2836 see
819 2816 840 2836 a
867 2806 970 2838 letter
998 2806 1034 2838 of

270 2844 329 2875 the
357 2845 531 2878 Ratisbon
556 2847 724 2888 delegate,
752 2848 850 2880 Hans
876 2850 1035 2888 Pcrtner,

270 2900 290 2929 4
309 2889 389 2919 Jan.
414 2899 496 2930 1523
513 2903 520 2922 :
555 2891 648 2922 cited
665 2891 701 2922 in
721 2891 883 2924 Deutsche
902 2893 1036 2925 Reiclzs-

270 2932 452 2972 taysakten,
470 2934 519 2971 iii,
541 2944 570 2974 p.
596 2944 697 2975 925n.

313 2977 366 3007 60.
393 2974 553 3015 Senatui]
581 2977 649 3008 For
671 2978 834 3010 Adrian⁷s
864 2980 976 3012 Briefs
1000 2984 1039 3011 at

270 3017 340 3050 this
357 3018 441 3049 time
459 3021 496 3050 to
514 3020 654 3052 various
674 3024 785 3053 towns
803 3032 857 3054 see
875 3023 1039 3055 Deutsclce

1104 2591 1201 2622 them
1223 2591 1313 2623 have
1337 2591 1423 2624 been
1446 2593 1610 2633 printed3
1647 2593 1713 2625 but
1734 2598 1809 2631 not,
1831 2604 1870 2626 so

1101 2634 1155 2665 far
1173 2644 1211 2665 as
1230 2634 1247 2666 I
1266 2635 1380 2673 know,
1400 2636 1471 2667 this
1491 2647 1565 2668 one.

1145 2680 1197 2719 63.
1224 2678 1455 2720 principibus]
1474 2680 1546 2711 The
1566 2680 1771 2721 quotations
1790 2681 1870 2712 here

1104 2731 1161 2752 are
1200 2720 1291 2752 from
1329 2722 1389 2753 the
1422 2723 1651 2755 instructions
1690 2724 1791 2765 given
1832 2728 1870 2756 to

1103 2764 1318 2806 Chieregato,
1343 2777 1370 2797 c.
1398 2776 1437 2807 25
1465 2767 1554 2798 Nov.
1585 2776 1690 2807 1522:
1729 2768 1868 2807 printed

1104 2807 1151 2848 by
1170 2808 1278 2850 Peyp,
1298 2809 1525 2851 Nuremberg,
1549 2819 1643 2851 1523,
1662 2810 1699 2841 in
1717 2810 1870 2842 German

1103 2851 1173 2882 and
1190 2852 1306 2890 Latin,
1324 2853 1384 2884 the
1400 2853 1507 2884 latter
1520 2854 1558 2884 in
1574 2857 1644 2884 two
1659 2853 1767 2884 issues
1784 2853 1870 2885 with

1103 2894 1163 2926 the
1181 2895 1391 2927 Grauamina
1409 2897 1442 2936 (l.
1464 2897 1564 2936 165n)
1581 2896 1759 2927 attached.
1807 2897 1870 2929 See

1103 2937 1265 2970 Deutsclze
1297 2939 1599 2980 Reichstaqsakten,
1621 2939 1671 2979 iii,
1698 2950 1756 2982 pp.
1791 2950 1868 2981 391,

1147 3001 1199 3057 ἑὸ.
1227 3024 1433 3064 errauimus]
1453 3025 1502 3058 Cf.
1525 3025 1569 3058 Is.
1593 3034 1644 3067 53.
1665 3027 1696 3058 6.
