2012 3370
179 1111 218 1142 45
239 1107 326 1132 non
357 1093 535 1132 licuerit.

245 116 296 154 96
718 115 972 155 LETTERS
1004 116 1075 155 oF
1105 116 1369 157 ERASMUS

1718 117 1839 166 [1522

298 224 356 264 Et
390 237 484 264 ecce
519 225 668 263 statim
704 224 978 263 Vuormatiae
1013 225 1068 264 ad
1102 226 1291 265 nidorem
1327 227 1689 277 hypocaustorum
1725 227 1843 278 coepi

186 295 226 327 30
242 279 453 330 languere.
502 277 553 317 Id
575 278 674 317 mali
702 278 899 317 discussit
919 280 1141 330 equitatio,
1163 284 1207 319 et
1227 280 1371 332 Spirae
1393 280 1480 319 (lies
1508 280 1672 331 aliquot
1699 281 1843 319 curaui

243 333 537 385 corpusculum
566 332 681 383 apud
710 333 798 371 eius
828 332 1039 372 Ecclesiae
1069 334 1302 374 Decanum.
1351 335 1538 373 Rursum
1567 334 1759 374 Basileae
1788 335 1843 374 ad

241 388 415 426 odorem
437 387 692 439 hypocausti
715 387 828 437 cepit
851 401 917 426 me
940 401 1025 426 non
1048 390 1207 439 pituita
1229 390 1302 429 sed
1325 403 1440 428 mera
1462 389 1606 439 pestis.

241 443 321 481 hoc
355 441 455 480 mali
488 446 656 480 natura.

241 605 436 655 impetat.

241 663 448 710 perpetua
465 663 530 698 est
548 658 866 710 superfoetatiO.

1665 389 1778 428 Vicit
1800 393 1844 428 et

716 441 848 481 Olfeci
881 443 1022 489 tertie,
1057 447 1101 482 et
1133 444 1261 482 incidi
1294 445 1338 482 in
1371 444 1567 482 morbum
1601 443 1841 494 capitalem,

242 497 315 547 qui
337 509 403 534 me
425 495 660 546 complures
682 508 844 534 menses
865 496 1066 536 habebat.

183 567 220 598 35
241 550 442 589 successit
468 550 666 596 calculus,
694 550 768 601 qui
795 550 900 589 adeo
927 564 1012 590 11011
1039 551 1193 591 deserit
1220 566 1286 591 me
1313 557 1363 591 vt
1388 552 1522 591 indies
1548 552 1843 591 inclementius

495 604 583 643 Nec
618 607 683 643 est
717 603 811 643 finis
846 618 922 643 1100
957 606 1241 653 interuallum,
1279 611 1427 658 partus
1462 610 1634 657 partum
1670 607 1841 657 excipit,

924 659 1060 699 Nixus
1079 674 1203 712 saepe
1221 675 1318 700 cum
1336 674 1490 713 magno
1508 661 1624 700 vitae
1642 661 1841 712 periculo.

1126 498 1236 537 Huic
1257 499 1427 537 iunctus
1448 502 1541 536 erat
1561 502 1691 548 atquc
1712 498 1841 536 etiam

241 713 463 753 Cruciatus
488 713 585 752 talis
612 717 677 752 est
702 717 752 752 vt
777 713 855 752 hac
883 714 934 753 de
961 728 1088 754 causa
1114 719 1294 755 mortem
1320 729 1406 754 non
1432 716 1621 762 timeam,
1648 719 1693 754 et
1718 728 1843 766 saepe

239 767 455 806 inuideam
480 768 530 807 iis
555 768 629 819 qui
653 772 771 819 peste
798 772 874 807 aut
898 770 1111 820 quarceris
1135 770 1333 809 laborant
1356 769 1557 809 febribus

180 839 224 869 40
240 822 483 873 quindecim
509 835 615 873 pene
642 823 686 861 in
712 826 839 873 partu
866 824 982 874 perii.

240 877 365 928 plane
396 877 606 927 collapsus
636 890 688 915 ne
718 890 830 916 nune
861 878 1033 928 quidem
1065 883 1207 930 potest
1237 879 1417 918 restitui.

239 931 345 970 nihil
365 934 431 970 est
452 935 620 982 praeter
641 931 792 982 pellem
815 935 858 970 et
880 945 987 971 ossa.

1616 770 1729 809 Ant-e
1754 769 1844 808 dies

1042 824 1235 863 Calculus
1261 828 1354 863 erat
1378 826 1525 876 ingens
1546 838 1554 871 ;
1597 823 1843 863 stomachus

1475 879 1608 918 Totus
1640 878 1843 917 Erasmus

295 985 374 1024 His
399 985 524 1024 rebus
548 985 713 1024 factum
738 990 803 1024 est
828 990 878 1024 vt
902 999 1034 1037 quum
1060 987 1334 1038 intelligerem
1361 1000 1455 1026 mea
1482 987 1665 1026 maxime
1690 987 1843 1026 referre

240 1039 385 1078 adesse
410 1040 455 1078 in
479 1039 715 1078 Brabantia
740 1044 839 1078 ante
865 1039 1053 1079 Caesaris
1078 1041 1257 1088 abitum,
1284 1046 1429 1080 tamen
1454 1054 1528 1092 per
1552 1041 1841 1080 valetudinem

594 1094 875 1132 Perueneram
908 1108 1040 1145 vsque
1073 1095 1128 1133 ad
1161 1095 1452 1141 Sletstadium,
1486 1096 1565 1134 hoc
1598 1100 1663 1134 est
1694 1096 1843 1134 itinere

240 1147 371 1194 bidui,
401 1147 474 1186 sed
500 1147 628 1186 febris
655 1148 807 1186 oborta
833 1162 885 1187 ex
913 1153 1034 1188 aestu
1061 1150 1198 1200 coegit
1225 1163 1292 1188 me
1318 1149 1452 1188 redire
1480 1149 1654 1188 domum
1676 1163 1683 1188 :
1727 1149 1843 1200 quod

238 1203 379 1252 ipsum
401 1215 521 1253 aegre
542 1202 665 1253 potui
684 1202 914 1253 quatriduo
935 1203 1193 1242 refocillatus
1214 1203 1330 1255 apud
1350 1204 1534 1243 Beatum
1555 1204 1810 1243 Rhenanum
1833 1218 1841 1251 ;

237 1256 370 1295 literis
396 1260 544 1295 tamen
569 1269 658 1295 rem
685 1257 751 1307 egi
777 1261 827 1295 vt
852 1258 988 1308 potui.

1046 1257 1186 1297 Facile
1213 1258 1460 1297 diuinabam
1488 1258 1771 1298 Caracciolam
1798 1264 1844 1297 et

240 1310 513 1357 Aleandrum‚
555 1323 661 1362 quos
700 1311 1048 1351 mendacissimae
1085 1312 1254 1364 linguae
1291 1313 1655 1364 sycophantarum
1692 1313 1737 1351 in
1775 1326 1842 1351 me

184 1381 224 1413 50
240 1366 519 1411 concitarant,
547 1365 684 1403 moliri
709 1365 935 1404 aduersum
961 1380 1029 1406 me
1052 1366 1097 1405 in
1121 1367 1220 1405 aula
1244 1366 1444 1406 Caesaris.

1504 1367 1561 1406 Et
1586 1371 1679 1406 erat
1702 1368 1842 1406 nescio

240 1420 335 1470 quis
360 1420 405 1458 in
431 1419 528 1458 aula
557 1420 660 1457 mihi
685 1419 991 1459 infensissimus
1013 1434 1020 1460 :
1063 1422 1158 1472 quis
1184 1422 1241 1460 sit
1267 1421 1458 1460 nondum
1484 1421 1664 1460 olfacere
1689 1422 1812 1472 potui
1833 1435 1841 1468 ;

240 1474 430 1524 suspicor
467 1473 708 1524 Hispanum
746 1487 847 1520 esse,
887 1479 931 1513 et
968 1476 1090 1514 aiunt
1127 1488 1215 1514 esse
1253 1489 1431 1527 magnae
1469 1475 1584 1527 apud
1622 1475 1842 1515 Caesarem

241 1528 500 1567 autoritatis.

558 1527 640 1567 Sed
680 1528 956 1579 Paraphrasis
996 1530 1040 1568 111
1079 1530 1349 1569 Matthaeum
1389 1531 1615 1569 renouauit
1655 1530 1842 1569 Caesaris

240 1583 284 1621 in
318 1595 384 1620 me
418 1581 622 1629 fauorem,
659 1583 880 1622 commode
913 1597 1001 1621 rem
1037 1584 1341 1623 adiuuantibus
1377 1584 1594 1635 Glapione,
1631 1585 1842 1636 Episcopo

181 1654 216 1686 55
240 1635 468 1675 Palantino
496 1637 756 1687 eaeterisque
784 1637 1037 1677 fautoribus.

1095 1638 1207 1677 Nam
1236 1638 1388 1678 Caesar
1416 1652 1512 1677 cum
1542 1639 1657 1690 apud
1684 1638 1843 1690 Anglos

240 1690 468 1742 pranderet
500 1704 596 1729 cum
629 1691 757 1742 Rege,
792 1696 887 1730 orta
917 1691 1028 1731 forte
1059 1694 1274 1732 mentione
1306 1693 1359 1732 de
1391 1693 1582 1740 Erasmo,
1615 1693 1844 1732 honorifice

241 1745 445 1796 loquutus
475 1750 540 1784 est
573 1744 624 1784 de
658 1758 739 1792 me,
775 1759 975 1797 meosque
1007 1746 1172 1786 labores
1213 1760 1468 1798 magnopere
1510 1747 1840 1786 commendauit.

240 1799 298 1838 Et
320 1799 444 1838 certis
467 1800 727 1850 argumentis
749 1805 1015 1851 compertum
1036 1801 1173 1840 habeo
1195 1801 1355 1853 Regem
1376 1801 1552 1853 Angliae
1575 1802 1678 1840 mihi
1699 1801 1844 1841 fauere

239 1867 291 1893 ex
313 1854 469 1892 animo.

528 1853 658 1892 Porro
681 1854 968 1893 Cardinalium
990 1855 1093 1894 ordo
1115 1857 1218 1895 satis
1240 1856 1474 1895 declarauit
1494 1870 1538 1895 se
1560 1856 1663 1894 mihi
1684 1856 1841 1903 fauere,

175 1918 220 1949 60
240 1909 314 1959 qui
350 1907 550 1948 Stunicae
584 1908 786 1954 libellum,
825 1922 951 1959 quem
986 1910 1201 1961 inscripsit
1235 1924 1335 1950 vero
1370 1910 1498 1949 titulo
1534 1910 1841 1961 Blasphemias,

239 1962 406 2001 aedicto
420 1963 560 2002 vetuit
572 1962 737 2010 excudi,
750 1963 857 2002 clam
871 1977 1073 2002 excusum
1091 1966 1229 2003 vetuit
1242 1964 1433 2004 distrahi.
1465 1959 1697 2004 Cardinalis
1712 1965 1840 2005 Sedu-

242 2089 354 2122 hands
369 2101 376 2122 ε
409 2089 475 2121 but
492 2089 547 2121 for
564 2100 658 2122 some
676 2089 762 2121 time
781 2090 920 2122 Charles
939 2090 1007 2122 had

242 2133 313 2165 laid
335 2132 489 2164 schemas
512 2136 550 2164 to
572 2136 715 2174 capture
737 2134 777 2164 it.
823 2133 895 2165 The
918 2135 1008 2175 siege

243 2177 355 2218 began
377 2177 414 2207 in
438 2175 533 2217 Sept.
561 2185 656 2217 1521,
681 2177 752 2208 and
775 2176 914 2208 Charles
939 2188 1008 2208 was

243 2223 282 2251 at
308 2218 555 2253 Valenciennes
585 2229 691 2252 12—20
718 2219 795 2251 Oct.
824 2220 1007 2260 observing

242 2264 292 2295 it:
335 2263 400 2294 but
426 2262 470 2294 he
497 2272 567 2294 was
595 2262 716 2294 driven
744 2273 844 2305 away
872 2263 919 2305 by
948 2264 1008 2297 the

243 2306 688 2381 affigatusjdfizmts
730 2307 1007 2391 ἷέἒὲῗὲξέῗὶθῗξ

244 2393 335 2425 until
357 2393 521 2434 Tournay
545 2393 770 2424 surrendered
794 2397 832 2424 at
856 2393 915 2425 the
939 2395 1007 2425 end

249 2437 284 2468 of
330 2436 419 2468 Nov.
470 2437 622 2476 (Brewer
666 2437 713 2467 iii.
766 2439 873 2477 1819).
947 2437 1007 2469 See

244 2481 283 2512 E.
303 2480 521 2520 Armstrong,
538 2479 675 2512 Charles
696 2489 727 2516 ι’,
742 2481 763 2512 1.
786 2489 902 2520 132-4.

288 2534 341 2563 29.
366 2524 680 2565 hypocaustorum]
714 2523 766 2555 Cf.
801 2524 868 2565 Ep.
912 2525 1005 2566 1248.

252 2576 327 2599 1011.

292 2619 346 2649 31.
371 2610 567 2650 Decanum]
596 2610 699 2642 Thos.
728 2609 919 2643 Truehses:
952 2621 1007 2642 see

247 2654 337 2695 Epp.
357 2660 433 2694 355.
449 2662 532 2693 49n,
550 2655 627 2693 867.
647 2661 747 2693 31—2‚
769 2654 935 2693 128011,
952 2658 1003 2687 26.

292 2705 345 2735 32.
372 2696 518 2738 pituita]
534 2696 586 2729 Cf.
605 2697 670 2737 Ep.
691 2698 785 2737 1248.
807 2708 881 2730 10n.

290 2747 344 2779 35.
370 2739 537 2779 calculus]
555 2739 605 2772 Cf.
625 2740 691 2781 Ep.
714 2741 806 2781 1267.
832 2750 906 2772 1011.

290 2791 343 2822 39.
368 2782 557 2824 quarceris]
607 2781 615 2796 ‘
629 2783 803 2825 shivering
818 2784 826 2797 ’
843 2796 851 2816 z
913 2794 1008 2815 more

244 2825 437 2900 usuallyGin
457 2826 517 2858 the
538 2827 629 2858 form
649 2837 833 2868 quercerus,
854 2827 896 2859 cf.
921 2827 1006 2859 Gell.

244 2877 296 2900 20.
318 2877 344 2900 1.
364 2878 381 2900 2
410 2894 416 2900 .

287 2919 342 2951 45.
370 2911 611 2952 Sletstadium]
627 2913 687 2945 See
702 2924 735 2954 p.
752 2925 805 2956 43.

288 2955 343 2993 48.
367 2954 490 2993 literis]
527 2956 615 2997 Epp.
658 2959 808 2998 1273-6:

244 2997 355 3029 doubt
374 2997 499 3029 others.

858 2957 927 2988 and
963 2967 1009 2988 no

1167 2092 1415 2131 Caraeciolam]
1433 2092 1494 2125 See
1507 2093 1571 2134 Ep.
1587 2094 1661 2134 865.
1679 2094 1761 2134 67n,
1772 2093 1842 2124 and

1078 2135 1120 2167 cf.
1141 2136 1231 2177 Epp.
1254 2137 1347 2176 1263.
1370 2147 1443 2173 1-2,
1464 2138 1557 2168 1268.
1576 2137 1629 2171 68.
1651 2147 1745 2178 1305.
1766 2139 1815 2169 16.

1126 2188 1176 2219 52.
1204 2178 1416 2220 Hispanum]
1431 2179 1478 2212 Cf.
1497 2180 1563 2221 Ep.
1581 2181 1673 2211 1268.
1692 2191 1743 2222 70.

1125 2231 1177 2262 53.
1203 2223 1445 2264 Paraphrasis]
1464 2223 1526 2255 See
1544 2224 1609 2265 Ep.
1631 2231 1730 2263 1255.

1124 2273 1175 2305 54.
1202 2265 1372 2305 fauorem]
1387 2266 1436 2299 Cf.
1454 2266 1544 2308 Epp.
1564 2276 1656 2308 1305.
1677 2278 1727 2310 17,
1747 2275 1839 2306 1314.

1125 2360 1176 2392 55.
1203 2352 1403 2391 Palantino]
1424 2352 1485 2384 See
1506 2353 1570 2393 Ep.
1597 2362 1688 2393 1273.

1126 2396 1177 2435 56.
1204 2395 1404 2434 honorifice]
1428 2396 1477 2427 Cf.
1507 2396 1572 2437 Ep.
1602 2405 1694 2436 1342.
1721 2397 1839 2427 260-2.

1077 2438 1216 2470 Charles
1236 2449 1306 2470 was
1326 2439 1476 2480 Henry's
1496 2442 1597 2480 guest
1616 2439 1743 2470 almost
1763 2449 1841 2471 con-

1076 2481 1256 2523 tinuously
1282 2482 1372 2514 from
1400 2482 1453 2513 his
1479 2482 1622 2523 landing
1649 2486 1688 2514 at
1714 2483 1842 2520 Dover,

1077 2527 1119 2557 26
1148 2525 1231 2567 May
1263 2535 1358 2566 1522,
1387 2525 1479 2557 1111111
1506 2526 1549 2557 he
1577 2525 1641 2557 left
1668 2525 1842 2561 Windsor.

1077 2579 1115 2601 21
1139 2569 1243 2606 June,
1265 2579 1309 2600 on
1329 2568 1382 2601 his
1401 2579 1479 2611 way
1499 2573 1537 2601 10
1557 2569 1816 2611 Seuthampton
1833 2583 1839 2601 :

1076 2622 1131 2643 see
1148 2612 1309 2644 Gachard
1323 2613 1357 2644 ii.
1377 2622 1428 2653 32.

1125 2656 1176 2696 58.
1203 2655 1288 2687 mihi
1304 2655 1436 2695 fauere]
1452 2656 1501 2688 Cf.
1523 2656 1588 2698 Ep.
1613 2664 1704 2696 1313.
1722 2657 1840 2696 67—83.

1125 2706 1176 2739 59.
1203 2699 1438 2731 Cardinalium
1454 2698 1552 2738 ordo]
1568 2699 1618 2732 Of.
1637 2700 1728 2741 Epp.
1747 2708 1840 2740 1305.

1077 2746 1153 2785 6-7,
1170 2743 1263 2782 1306.
1283 2746 1380 2785 25-6,
1400 2752 1493 2783 1312.
1516 2754 1632 2785 10—14‚
1653 2752 1747 2783 1314.
1767 2744 1840 2782 5-6.

1076 2785 1147 2817 and
1169 2786 1344 2817 Erasmus’
1362 2786 1528 2826 Apoloyia
1548 2787 1592 2818 ad
1608 2785 1843 2826 Βῖαερῆεφγιὶαὸἱ

1077 2828 1247 2867 Stunicae,
1264 2838 1299 2870 15
1313 2829 1406 2861 June
1420 2839 1500 2871 1522
1516 2829 1600 2869 (LB.
1612 2830 1657 2860 ix.
1672 2838 1734 2869 357
1749 2831 1840 2868 A—c).

1078 2871 1182 2904 Their
1206 2873 1324 2904 action
1350 2883 1420 2904 was
1445 2872 1649 2914 supported,
1674 2871 1774 2903 while
1800 2871 1842 2903 he

1077 2915 1182 2953 lived,
1201 2916 1248 2957 by
1265 2916 1335 2947 Leo
1352 2926 1400 2952 x;
1431 2926 1485 2947 see
1503 2916 1568 2956 Ep.
1591 2924 1682 2953 1213.
1706 2923 1780 2954 3511.

1124 2959 1178 2990 60.
1206 2958 1368 2991 Stunicae
1386 2957 1555 2997 libellum]
1576 2958 1636 2989 See
1657 2959 1721 2999 Ep.
1748 2960 1839 2990 1288.

1078 3012 1132 3045 71]-
