2012 3370
208 227 246 249 10

209 499 243 530 15

206 1313 248 1344 30

207 1585 243 1616 35

204 1855 248 1885 ,10

265 102 344 139 450
737 99 991 139 LETTERS
1022 100 1094 139 OF
1124 100 1387 140 ERASMUS
1735 102 1859 152 [1524

267 212 522 262 Euangeliea
557 212 791 255 maiestate,
829 208 924 247 fidit
958 211 1043 248 suis
1077 211 1262 249 inuentis
1296 212 1468 257 moritis,
1505 210 1703 261 neglectis
1738 211 1858 250 bonis

265 266 460 316 operibus
492 278 573 315 que
605 263 795 302 Christus
826 264 1068 314 prescripsit
1098 268 1143 302 et
1172 264 1330 311 docuit,
1363 264 1694 315 posthabitaque
1725 266 1858 304 solida

265 319 419 358 fiducia
435 321 479 358 in
498 318 710 357 Christum
729 317 884 364 Iesum,
905 318 1076 356 vnicum
1094 322 1138 356 et
1155 319 1419 358 verissimum
1437 323 1630 358 nostrum
1648 319 1857 358 vindicem

265 378 309 413 et
332 374 601 412 saluatorem.
652 372 799 410 Tereia
821 384 903 422 que
927 372 1029 410 mihi
1053 385 1305 424 magnopere
1329 374 1480 424 placet,
1506 373 1857 424 euange[n]licam

266 428 503 466 doctrinam
528 425 713 466 inculcat
738 430 782 465 et
807 430 952 465 sancte
978 426 1286 466 obseruandam
1313 428 1509 466 hortatur
1529 441 1537 474 ;
1579 440 1655 465 1160
1681 427 1859 466 damnat

266 483 434 534 penitus
471 481 679 520 humanas
716 480 970 519 tradiciones
1008 492 1089 531 que
1126 494 1222 520 eum
1260 482 1389 520 verbo
1427 482 1506 520 Dei
1543 494 1731 532 pugnare
1773 494 1858 520 non

266 536 477 582 videntur,
510 548 658 574 verum
689 534 811 573 nobis
843 534 1055 575 Christum
1087 537 1259 574 vnieum
1289 540 1431 574 nostre
1463 535 1612 575 salutis
1643 540 1858 574 auctorem

265 591 447 636 statuit;
490 593 535 628 et
560 589 748 628 humana
774 594 973 640 precepta
999 602 1085 629 non
1111 591 1380 637 exterminat,
1410 603 1557 628 verum
1584 602 1634 628 ea
1659 602 1745 628 non
1771 602 1858 628 esse

266 643 530 683 obseruanda
579 643 658 682 sub
706 647 894 695 peceato,
946 648 996 682 vt
1045 649 1214 690 vocant,
1266 644 1448 690 mortali,
1499 644 1860 695 quemadmodum

265 700 450 750 episcopi
486 698 692 737 hactenus
729 702 1020 749 preceperunt,
1059 700 1132 749 qui
1170 699 1224 737 ob
1262 699 1519 737 lenissimam
1556 698 1861 749 ridiculamque

265 765 436 792 causam
456 765 534 792 nos
553 752 735 792 terrifico
756 754 1205 792 excommunicationis
1226 752 1401 791 fulmine
1422 756 1731 803 percusserunt.

318 807 496 847 Nouiter
514 807 734 846 nobiscum
750 807 894 855 laicus,
911 811 962 846 vt
977 807 1218 846 elericorum
1236 811 1334 846 vtar
1349 807 1500 855 verbis,
1517 819 1660 859 pugno
1674 806 1866 858 pulsauit

265 862 494 901 sacerdotis
521 861 760 900 iniuriantis
791 861 941 900 leuiter
971 865 1128 912 eaput:
1167 863 1558 900 excommunicatus
1588 861 1684 900 fuit.
1744 860 1863 900 Alius

266 918 446 967 pugione
482 920 567 955 tres
603 915 806 967 agricolas
842 917 1049 967 peremit:
1102 929 1154 954 ex
1190 916 1525 955 Christianorum
1561 916 1862 955 eommertione

265 972 423 1009 eiectus
452 983 537 1009 non
567 975 660 1016 est;
707 982 840 1021 quum
870 974 1016 1008 tamen
1046 969 1235 1009 Christus
1266 972 1499 1021 preceperit
1531 970 1539 985 ‘
1558 970 1622 1009 Ne
1653 970 1816 1009 occides
1837 970 1859 1017 ',

1163 1024 1170 1040 9

233 1042 244 1052 ν
266 1025 339 1063 sed
359 1026 579 1076 episeopus
601 1024 610 1039 ‘
629 1024 693 1063 Ne
712 1024 908 1062 clericum
928 1025 1142 1075 percucias
1178 1055 1185 1063 .
1234 1023 1373 1063 Huius
1394 1024 1610 1072 mandato,
1632 1037 1718 1063 non
1735 1024 1859 1070 illius,

266 1078 471 1117 obediunt
512 1078 636 1117 multi
677 1078 889 1117 mortales.
960 1078 1116 1117 Verum
1157 1078 1474 1130 VVittenbergae
1516 1091 1651 1118 canon
1692 1079 1727 1117 si
1768 1079 1861 1129 quis

265 1133 469 1171 suadente
496 1132 665 1171 diabolo
691 1133 948 1171 incineratus
975 1136 1052 1179 est,
1080 1133 1177 1172 hinc
1204 1133 1424 1172 vobiscum
1452 1132 1601 1180 clerici,
1629 1137 1679 1171 vt
1704 1132 1859 1179 ferunt,

264 1199 349 1225 non
379 1187 566 1238 gaudent
594 1187 729 1225 tantis
757 1186 986 1238 priuilegiis
1015 1191 1145 1238 atque
1175 1187 1303 1234 olim;
1349 1187 1540 1226 fortassis
1569 1191 1613 1226 et
1641 1186 1861 1226 nobiscum

265 1241 491 1293 paulopost
516 1253 662 1280 omnes
682 1240 908 1280 Christiani
927 1245 1052 1280 erunt
1071 1242 1202 1289 vneti,
1223 1246 1268 1280 et
1285 1255 1370 1280 non
1390 1241 1517 1281 modo
1534 1243 1566 1280 ii
1587 1242 1660 1293 qui
1680 1240 1862 1281 terrifico

265 1296 416 1335 habitu
446 1296 601 1347 prediti
631 1300 732 1334 sunt
761 1299 838 1334 aut
866 1297 911 1334 in
940 1297 1097 1335 vertice
1128 1297 1281 1347 capitis
1310 1295 1458 1347 glabri.
1516 1296 1593 1343 Tu,
1625 1308 1711 1343 oro,
1742 1297 1862 1335 iuues

266 1349 579 1402 Euangelicam‚
603 1351 667 1389 vti
686 1349 803 1397 facis,
825 1351 1065 1397 veritatem,
1087 1354 1131 1389 et
1150 1354 1194 1389 te
1213 1363 1299 1389 non
1319 1351 1432 1389 sinas
1452 1363 1522 1389 eos
1542 1351 1586 1389 in
1606 1351 1859 1389 sententiam

266 1417 411 1443 eorum
430 1404 582 1443 ducere
601 1405 674 1455 qui
693 1417 782 1451 sua,
803 1417 889 1443 non
909 1404 1064 1443 Christi
1083 1408 1268 1455 querunt
1287 1404 1476 1456 gloriam,
1507 1409 1584 1443 aut
1607 1405 1680 1455 qui
1707 1404 1863 1443 timent

265 1471 335 1497 eos
364 1459 437 1510 qui
465 1463 644 1510 possunt
673 1471 824 1510 eorpus
847 1458 1048 1506 occidere,
1074 1472 1160 1498 non
1189 1459 1389 1498 animam.
1434 1458 1768 1498 Christianorum
1797 1464 1858 1497 est

265 1513 473 1564 intrepide
493 1513 671 1551 verbum
691 1513 769 1552 Dei
796 1512 998 1564 profiteri,
1019 1517 1063 1552 et
1082 1514 1125 1552 in
1146 1513 1225 1552 hac
1244 1526 1288 1551 re
1313 1526 1399 1552 non
1424 1513 1615 1552 fauorem
1640 1513 1860 1552 hominum

265 1580 428 1618 semper
450 1580 635 1618 querere,
659 1567 732 1606 sed
753 1567 929 1618 gloriam
951 1567 1105 1606 Christi
1128 1580 1313 1619 querere,
1337 1580 1410 1618 per
1432 1580 1559 1618 quem
1581 1566 1694 1606 salus
1715 1571 1861 1606 eterna

265 1622 392 1660 (latur
414 1622 622 1660 omnibus.

322 1675 412 1714 Hee
434 1689 519 1714 non
542 1676 602 1714 rei
624 1676 863 1722 necessitas,
890 1676 963 1714 sed
986 1688 1104 1714 amor
1127 1679 1171 1714 et
1195 1675 1469 1714 obseruaneia
1493 1688 1587 1714 mea
1610 1688 1740 1726 quam
1764 1688 1860 1726 erga

267 1735 309 1769 te
323 1729 472 1776 habeo,
488 1729 667 1768 seribere
679 1729 872 1781 impellit.
916 1729 1025 1769 Sunt
1037 1729 1229 1768 nonnulli
1243 1731 1315 1781 qui
1329 1730 1409 1768 tibi
1421 1731 1636 1781 imponere
1649 1731 1859 1768 nituntur.

269 1784 427 1823 Dicunt
442 1788 485 1822 te
500 1783 609 1823 male
625 1783 770 1822 audire
785 1797 810 1822 a
825 1783 1010 1823 Martino
1025 1788 1070 1823 et
1084 1783 1294 1836 Philippo,
1311 1788 1534 1835 querentes
1550 1783 1617 1822 vel
1632 1784 1862 1823 mendaciis

266 1838 496 1877 discordias
527 1839 638 1877 inter
670 1851 759 1885 vos,
798 1842 849 1877 vt
886 1843 1069 1877 noceant
1109 1838 1389 1889 Euangelicae
1429 1839 1656 1877 maiestati.
1725 1838 1859 1890 Rogo,

267 1892 436 1944 patulas
456 1905 577 1932 aures
598 1892 840 1932 huiusmodi
861 1892 1120 1932 delatoribus
1140 1906 1193 1931 ne
1214 1893 1299 1931 des.
1350 1892 1571 1944 Philippus
1592 1905 1758 1931 mecum
1777 1892 1862 1931 fuit

267 1951 364 1997 post
401 1946 591 1986 Pascatis
627 1947 737 1985 festa
776 1946 949 1998 Liptzs;
999 1946 1122 1986 aliter
1154 1947 1205 1986 de
1238 1951 1282 1986 te
1315 1948 1446 1986 sentit
1478 1960 1608 1998 quam
1640 1947 1861 1998 predicant

266 2001 508 2048 nebulones,
541 2014 690 2052 neque,
723 2002 804 2040 nisi
835 2014 901 2039 me
934 2014 1028 2039 mea
1059 2001 1181 2040 fallat
1213 2002 1367 2052 opinio,
1401 2001 1609 2040 Martinus
1639 2001 1720 2040 tibi
1751 2001 1860 2039 male

267 2059 475 2106 precatur.
535 2055 615 2102 Qui
653 2056 765 2094 enim
804 2054 891 2094 fieri
929 2060 1072 2106 posset
1101 2060 1151 2094 vt
1178 2060 1221 2094 te
1251 2056 1347 2094 odio
1376 2060 1696 2106 persequeretur
1723 2056 1758 2094 is
1787 2056 1860 2106 qui

232 2121 411 2152 ;omnes
455 2114 574 2148 amat
618 2122 666 2148 ac
711 2110 910 2148 obseruat
955 2110 1175 2161 Euangelii
1218 2114 1566 2161 propugnatores,
1612 2123 1635 2148 e
1679 2122 1857 2161 quorum

266 2176 441 2201 numero
468 2167 517 2201 tu
543 2176 599 2210 es,
627 2167 672 2202 et
698 2164 870 2214 quidem
896 2165 1197 2215 antesignanus
1224 2177 1272 2203 ae
1299 2165 1489 2203 omnium
1516 2165 1715 2215 optimus.

321 2217 384 2256 De
408 2218 472 2256 his
494 2217 619 2256 rebus
642 2217 763 2268 plura
787 2230 917 2268 quam
940 2218 1149 2257 volebam.
1202 2218 1265 2256 Tu
1289 2218 1540 2269 loquacitati
1564 2231 1655 2256 mee
1677 2219 1857 2269 ignosce.

268 2271 370 2310 Vale
383 2272 428 2310 in
443 2271 538 2310 Iesu
551 2271 729 2318 Christo,
741 2273 813 2322 qui
824 2276 866 2310 te
879 2272 1001 2310 nobis
1015 2272 1269 2310 incolumem
1283 2277 1327 2311 et
1340 2274 1384 2311 in
1399 2274 1488 2311 eius
1502 2274 1627 2311 vinea
1640 2272 1860 2311 scribendo

265 2325 530 2364 laborantem
538 2326 773 2365 diutissime
781 2330 932 2365 seruet.
954 2326 1021 2364 Me
1028 2330 1071 2365 te
1078 2327 1375 2377 suspicientem
1384 2326 1729 2366 commendatum
1736 2325 1857 2365 habe.

321 2380 465 2431 Liptzs
485 2380 695 2419 celerrime
716 2380 858 2419 Prima
878 2381 979 2418 Maii
998 2380 1122 2418 Anno
1141 2381 1343 2419 MDxxiiii.

967 2434 1082 2473 Tuus
1103 2434 1310 2473 Henrieus
1331 2434 1581 2481 Stromerus,
1603 2434 1803 2473 medicus.

321 2499 439 2538 Inter
463 2500 611 2538 doctos
636 2500 882 2538 doctissimo
902 2503 945 2538 et
965 2500 1076 2538 inter
1095 2499 1341 2551 eloquentes
1360 2500 1483 2551 longe
1502 2499 1846 2550 eloquentissimo

266 2554 371 2615 viro,
394 2553 435 2615 d.
460 2553 637 2593 Erasmo
659 2553 990 2600 Rhoterodamo,
1013 2553 1210 2605 theologo
1232 2567 1345 2600 vero,
1369 2554 1540 2593 domino
1561 2558 1605 2593 et
1626 2554 1762 2593 amico
1784 2567 1860 2593 suo

265 2619 477 2658 primane.

936 2671 983 2694 1o.
1012 2662 1095 2694 fidet
1114 2662 1192 2694 MS.

309 2757 361 2786 24.
389 2746 562 2786 Christus]
578 2747 683 2779 Matt.
704 2756 731 2787 5.
752 2757 803 2779 21.
1141 2755 1157 2786 3
1163 2757 1191 2788 3.
1217 2757 1342 2788 eorpus
1355 2747 1524 2788 occidere]
1540 2747 1590 2780 Cf.
1605 2747 1709 2780 Matt.
1727 2756 1775 2778 10.
1787 2748 1840 2779 28.

309 2791 361 2821 26.
388 2791 516 2830 canon]
541 2790 674 2822 Luther
700 2790 808 2822 burnt
834 2790 894 2822 the
921 2790 1030 2822 books
1141 2799 1192 2830 39.
1216 2790 1385 2831 Martino]
1422 2790 1471 2823 Cf.
1512 2791 1601 2833 Epp.
1645 2791 1738 2831 1384.
1781 2799 1858 2831 5311,

264 2832 301 2864 of
320 2833 381 2864 the
402 2832 521 2865 Canon
542 2833 625 2865 Law
645 2833 802 2875 publicly
821 2837 861 2866 at
881 2834 1029 2867 Witten-
1098 2842 1188 2876 1397.
1204 2842 1303 2873 9-10,
1320 2843 1414 2875 1443.

265 2875 357 2917 berg,
386 2884 425 2907 10
449 2876 531 2909 Dec.
561 2885 656 2918 1520,
680 2887 719 2909 as
742 2887 763 2909 a
786 2876 885 2918 reply
907 2880 946 2909 1ο
969 2876 1030 2909 the
1182 2877 1359 2919 Philippo]
1374 2878 1438 2910 See
1454 2877 1518 2919 Ep.
1542 2886 1634 2917 1313.
1656 2879 1731 2918 56n.

266 2918 411 2960 buming
426 2920 462 2950 of
474 2919 527 2951 his
537 2930 615 2952 own
625 2919 735 2952 books
748 2920 797 2962 by
806 2920 979 2953 Aleander
991 2926 1031 2953 at
1136 2930 1188 2959 42.
1215 2920 1388 2962 Pascatis]
1399 2929 1419 2953 2
1423 2929 1442 2960 7
1455 2920 1575 2953 March
1590 2932 1598 2952 :
1626 2920 1691 2952 but
1702 2920 1859 2953 Stromer

266 2961 379 2993 Mainz
397 2973 423 2993 (·.
443 2964 482 2993 28
498 2963 586 2994 Nor.
603 2976 610 2994 ε
637 2974 691 2994 see
707 2964 781 2995 ΗΕ.
798 2973 872 3003 203,
889 2965 953 2995 ΖΨ.
971 2964 1024 2995 1132.
1092 2965 1119 2995 is
1149 2964 1277 3005 clearly
1305 2964 1468 3006 referring
1497 2967 1535 2996 to
1563 2963 1623 2996 the
1651 2964 1735 2995 visit
1763 2975 1855 2997 men-

270 3007 341 3037 166.
359 3005 440 3037 LE2.
462 3014 536 3046 373,
555 3016 633 3046 375.
646 3007 750 3038 BR-E.
775 3017 846 3047 194,
861 3007 932 3038 VE.
948 3016 1024 3047 240.
1092 3008 1209 3039 tioned
1225 3009 1260 3039 in
1276 3007 1296 3040 l.
1314 3017 1368 3040 211.
