2012 3370
226 138 304 175 522
702 140 952 178 LETTERS
984 140 1055 179 OF
1086 140 1347 179 ERAsMUs
1698 142 1822 190 [1524

168 259 205 282 10
225 246 396 286 cedunt.
452 249 579 288 Mitto
608 249 943 299 tibrimaginem
971 261 1109 288 meam
1138 248 1317 296 fusilem,
1350 254 1397 288 vt
1429 263 1481 288 ex
1512 249 1585 288 illa
1611 249 1822 300 intelligas

226 301 328 340 mihi
353 315 439 341 non
458 303 596 341 minus
615 303 659 341 in
679 304 850 353 negotio
871 304 1041 354 proprio
1061 316 1191 355 quam
1211 305 1255 343 in
1275 304 1412 343 alieno
1433 303 1542 342 male
1562 304 1821 342 successisse.

278 354 393 395 Petri
420 356 637 395 Mosellani
662 369 774 395 mors
799 370 884 396 non
910 370 1061 408 parum
1087 358 1190 397 mihi
1215 358 1394 397 molesta
1417 357 1514 404 fuit,
1541 370 1618 396 nec
1642 369 1824 408 paruum

225 408 528 448 detrimentum
550 410 685 450 bonae
704 411 851 450 literae
869 411 980 450 illius
1001 411 1121 451 obitu
1141 425 1362 464 perpessae
1382 416 1495 451 sunt.
1545 411 1627 451 Sed
1646 415 1826 450 naturae

226 463 419 502 debitum
463 465 549 502 iam
603 465 806 516 persoluit
827 479 834 504 :
896 479 973 505 1103
1022 466 1161 505 adhuc
1208 468 1344 506 carnis
1389 471 1585 506 tenemur
1630 465 1823 504 vinculis.

167 530 175 552 ι
188 531 201 561 5
225 517 413 556 Amabat
435 522 477 557 te
502 531 780 571 summopere,
808 520 994 571 mihique
1017 522 1208 572 inprimis
1232 522 1392 562 amicus
1421 521 1516 560 fuit.
1570 520 1700 559 Viuat
1729 532 1824 558 cum

221 572 461 612 viuentibus
479 570 488 612 Ι

279 625 402 673 Quod
437 640 536 666 vero
571 628 874 667 Melanchthon
909 630 1092 668 amicum
1126 629 1246 669 illum
1281 643 1404 668 suum
1440 629 1496 667 ad
1530 634 1572 667 tc
1608 629 1736 675 misit,
1773 641 1825 667 ex

223 681 364 719 animo
382 681 572 732 profecto
589 682 703 722 fecit.
750 683 938 722 Moribus
955 688 1020 723 est
1037 685 1149 723 enim
1166 685 1336 723 sinceris
1354 697 1402 723 ac
1420 684 1544 735 plane
1562 683 1824 728 Christianis

222 747 307 773 11011
336 737 558 788 minusque
586 738 701 776 vitae
729 737 943 788 probitate
971 751 1102 790 quam
1129 739 1365 777 eruditione
1392 742 1585 790 praestat
1611 736 1825 788 singulari.

162 801 204 824 20
221 788 282 827 Ac
314 789 409 829 ideo
442 790 581 830 verbis
613 792 699 830 suis
730 792 847 831 facta
878 805 1047 844 quoque
1079 797 1193 832 recte
1225 792 1454 844 quadrant,
1487 805 1564 831 nec
1596 792 1826 843 quicquam

221 843 419 883 simulate
437 845 538 896 agit.
585 845 761 885 Amauit
778 850 822 885 te
839 860 1003 897 semper
1020 851 1064 886 et
1081 847 1340 893 obseruauit,
1359 846 1475 898 quod
1492 850 1537 885 et
1552 859 1665 885 nunc
1683 845 1826 896 palam

221 897 335 937 fecit.
383 899 494 946 Quin
511 912 588 939 nec
606 900 840 939 Lutherum
858 902 997 952 ipsum
1015 901 1095 940 tibi
1113 901 1221 940 male
1239 901 1345 940 velle
1363 902 1461 948 scio,
1480 901 1579 939 licet
1597 899 1827 951 aliquando

221 953 265 990 in
300 953 468 1004 scriptis
503 955 589 993 suis
623 956 680 994 sit
711 955 1028 994 amarulentior.
1094 955 1228 1007 Atqui
1263 968 1340 994 nec
1371 956 1451 994 tibi
1486 954 1657 993 aculeus
1691 954 1825 1000 deest,

221 1011 265 1045 et
283 1019 369 1046 non
389 1007 544 1047 desunt
564 1010 637 1059 qui
657 1010 856 1061 vtrinquc
876 1022 953 1048 nos
973 1010 1240 1048 committere
1259 1009 1470 1049 laborant.
1520 1008 1641 1048 Vnde
1660 1008 1828 1059 saepius

161 1074 179 1096 2
186 1073 200 1105 5
222 1061 382 1100 malum
404 1062 512 1101 male
535 1063 728 1102 officiosis
750 1064 896 1102 amicis
917 1065 1069 1103 vestris
1089 1065 1310 1115 imprecor,
1333 1064 1407 1115 qui
1428 1063 1606 1102 vixdum
1628 1061 1829 1114 epistolas

221 1120 385 1154 vestras
410 1118 670 1168 conscriptas
694 1118 928 1169 publicant,
955 1122 1004 1157 vt
1027 1119 1083 1157 sit
1106 1119 1180 1169 qui
1204 1122 1407 1169 vtrosque
1430 1119 1581 1157 irritet.
1635 1117 1826 1158 Summo-

221 1182 319 1220 pere
340 1174 486 1210 tamen
507 1171 671 1222 gaudeo
693 1172 809 1223 quod
830 1185 903 1224 per
923 1172 1068 1212 literas
1089 1173 1404 1224 aliquantulum
1425 1174 1536 1212 inter
1558 1185 1634 1211 vos
1655 1171 1829 1211 sedatae

223 1223 450 1263 videantur
485 1226 747 1273 discordiae3
800 1240 876 1265 1100
911 1227 1063 1267 dubito
1100 1227 1311 1266 Lutherus
1347 1227 1473 1265 fidem
1510 1226 1711 1273 seruabit,
1748 1226 1829 1264 nisi

222 1282 270 1317 tu
287 1280 401 1329 prior
416 1279 613 1320 bellicum
633 1294 772 1320 canas.
818 1281 968 1320 Posset
983 1281 1174 1332 profecto
1189 1282 1370 1321 inimicis
1386 1282 1538 1320 vestris
1554 1294 1603 1319 ac
1619 1280 1828 1319 bonarum

163 1346 204 1377 30
220 1332 462 1373 litterarum
504 1339 547 1373 et
590 1336 785 1374 veritatis
828 1336 1023 1375 hostibus
1068 1336 1128 1375 nil
1172 1336 1252 1375 hac
1297 1340 1556 1387 tempestate
1601 1334 1827 1374 iucundius

223 1387 411 1427 accidere
441 1402 571 1440 quam
601 1394 650 1428 vt
679 1390 828 1429 ambos
858 1404 934 1429 vos
963 1390 1019 1429 ad
1048 1403 1236 1442 pugnam
1266 1392 1542 1430 concitarent.
1601 1389 1683 1429 Sed
1713 1389 1828 1428 Deus

222 1445 266 1480 et
286 1443 411 1483 amici
431 1443 575 1490 talem,
598 1448 647 1483 vt
668 1457 802 1495 spero,
826 1444 1117 1484 calamitatem
1138 1448 1347 1484 auertent.

277 1496 501 1536 Caeterum
534 1498 585 1536 de
619 1498 844 1537 concordia
875 1500 1063 1550 partium
1095 1499 1212 1539 nulla
1245 1499 1347 1538 mihi
1380 1511 1571 1550 vnquam
1603 1511 1698 1549 spes
1729 1497 1826 1536 fuit.

224 1550 317 1590 Scio
354 1552 467 1590 enim
505 1552 810 1592 Romanienses
847 1553 918 1600 nil,
958 1553 1074 1605 quod
1111 1553 1262 1592 saltem
1300 1553 1476 1592 alicuius
1513 1554 1569 1592 sit
1606 1552 1826 1597 momenti,

165 1616 203 1649 35
222 1606 468 1644 remissuros
489 1620 496 1646 :
558 1606 680 1646 aliter
723 1608 835 1646 enim
878 1607 1085 1660 longaeua
1128 1608 1318 1647 instituti
1361 1612 1462 1647 sunt
1505 1606 1825 1646 consuetudine.

225 1658 363 1698 Verba
390 1673 490 1698 vero
518 1661 675 1711 populo
700 1662 787 1700 iam
815 1662 983 1701 oculato
1011 1667 1054 1700 et
1080 1675 1167 1701 non
1192 1663 1338 1713 ignaro
1366 1662 1560 1700 veritatis
1587 1661 1700 1700 vltra
1727 1660 1827 1699 dare

224 1726 430 1765 perquam
461 1714 628 1753 difficile
660 1716 752 1754 crit.
815 1716 865 1755 Vi
896 1717 1024 1766 igitur
1055 1729 1144 1756 rem
1171 1729 1292 1768 agere
1318 1715 1598 1762 contendunt,
1623 1716 1825 1767 quoniam

224 1767 345 1807 dolus
377 1781 528 1820 parum
561 1770 780 1820 procedit:
830 1771 933 1821 quid
966 1784 1065 1809 vero
1096 1770 1194 1809 inde
1227 1775 1472 1809 secuturum
1504 1771 1573 1817 sit,
1607 1782 1731 1808 nemo
1763 1774 1825 1807 est

225 1826 315 1861 tam
337 1823 534 1874 stupidus
556 1825 659 1874 quin
679 1824 902 1876 intelligat.
954 1825 1173 1865 Dederunt
1197 1824 1387 1876 profecto
1408 1837 1543 1876 nuper
1565 1823 1828 1863 Ratisbonae

162 1890 207 1919 40
224 1878 288 1916 sui
325 1879 549 1928 specimen,
590 1878 798 1931 planeque
837 1880 1115 1919 ostenderunt
1153 1879 1257 1931 quid
1292 1881 1446 1919 intima
1483 1884 1625 1918 mente.
1662 1882 1825 1930 gerant.

226 1931 291 1970 Ex
307 1931 390 1971 alia
405 1946 504 1971 vero
520 1938 642 1984 parte
657 1947 743 1972 11011
758 1934 913 1973 desunt
929 1935 1002 1986 qui
1018 1938 1061 1973 et
1075 1935 1155 1986 ipsi
1172 1934 1368 1973 manibus
1384 1934 1527 1985 potius
1542 1946 1672 1984 quam
1688 1932 1829 1972 verbis

224 1999 311 2024 rem
334 1999 455 2038 agere
479 1988 666 2038 cupiant.
720 1988 778 2027 Et
799 1989 843 2027 ni
864 1988 999 2035 fallor,
1025 1988 1236 2027 Lutherus
1257 1989 1347 2040 ipse
1369 1989 1455 2026 iam
1476 1987 1676 2039 intelligit
1698 1999 1828 2038 quam

226 2053 311 2079 non
342 2042 398 2079 sit
428 2045 574 2080 tutum
606 2042 844 2082 infantibus
876 2048 951 2082 aut
984 2043 1128 2082 stultis
1159 2043 1321 2094 gladios
1350 2042 1530 2081 credere.
1593 2041 1674 2089 Qui
1698 2042 1828 2093 igitur

225 2095 518 2144 prudentiores
534 2101 634 2135 sunt
650 2101 693 2135 et
710 2097 858 2136 vident
871 2110 920 2135 ea
933 2111 1041 2149 quae
1054 2098 1220 2137 tamdiu
1233 2097 1456 2145 inoleuere,
1471 2098 1597 2136 vnico
1610 2100 1827 2135 momento

164 2160 203 2192 45
224 2149 428 2200 extirpari
451 2163 537 2189 11011
562 2163 695 2201 posse,
722 2152 947 2202 praecipue
971 2153 1059 2190 31110
1084 2151 1270 2203 periculo
1294 2156 1338 2190 et
1361 2151 1574 2198 scandalo,
1600 2152 1630 2189 ii
1654 2154 1825 2190 cuncta-

226 2207 352 2250 tores,
385 2203 649 2256 blandiloqui
679 2218 727 2244 ac
757 2206 1024 2245 simulatores
1057 2206 1328 2257 appellantur
1360 2206 1414 2244 ab
1446 2205 1690 2245 hominibus
1718 2204 1824 2244 sedi-

226 2258 345 2296 tiosis
375 2262 419 2296 et
448 2260 521 2310 qui
552 2260 725 2310 spiritus
754 2260 998 2300 libertatem
1022 2261 1067 2299 in
1085 2261 1222 2300 carnis
1245 2264 1467 2299 verterunt
1485 2261 1604 2299 Vitia.
1664 2259 1747 2300 Sed
1763 2259 1827 2298 ita

228 2311 342 2350 Deus
370 2312 502 2360 iubet,
534 2315 607 2364 qui
638 2314 793 2353 scelera
821 2319 969 2353 nostra
998 2315 1077 2354 hoc
1106 2319 1234 2365 pacto
1264 2315 1434 2365 expiare
1466 2315 1632 2353 nititur.
1691 2313 1827 2352 Nemo

276 2495 324 2516 10.
350 2485 537 2526 imaginem
572 2485 702 2525 meam]
738 2485 892 2527 Perhaps
931 2485 990 2518 the
1056 2485 1111 2516 bk.
1145 2496 1175 2525 3,

228 2527 415 2560 medallion
427 2529 547 2561 shown
562 2528 599 2560 in
615 2529 652 2560 F.
671 2539 741 2561 van
756 2529 881 2561 Mieris’
900 2529 992 2561 Hist.

227 2572 258 2603 (1⁷.
274 2571 539 2604 Nederlandsche
560 2572 706 2609 Vorsten,
720 2574 742 2609 i,
760 2582 855 2614 1732,
870 2583 902 2614 p.
917 2581 989 2614 315.

277 2623 326 2653 17.
351 2614 517 2654 amioum]
534 2615 761 2648 Camerarius.

274 2668 325 2698 23.
351 2658 506 2698 aculeus]
522 2658 573 2691 cf.
589 2659 654 2701 Ep.
675 2669 768 2700 1443.
786 2663 842 2696 811,
861 2661 912 2700 56.

274 2710 327 2740 39.
353 2701 583 2742 Ratisbonae]
597 2703 628 2734 A
641 2702 777 2735 council
789 2703 826 2735 of
838 2703 995 2736 Catholic

230 2745 364 2785 princes
392 2749 464 2778 met
490 2745 589 2778 there
614 2747 651 2778 in
677 2747 770 2779 June
801 2756 897 2787 1524.
925 2746 995 2778 and

231 2798 300 2819 was
327 2788 520 2829 persuaded
549 2789 597 2831 by
623 2789 810 2832 Campegio
837 2794 876 2822 to
903 2800 994 2831 pass,

231 2841 276 2880 on
287 2833 309 2863 6
321 2832 345 2864 J
347 2832 418 2873 uly,
432 2843 453 2864 a
465 2833 568 2882 series
581 2833 617 2865 of
629 2834 836 2865 resolutions
849 2843 994 2875 repress-

229 2874 995 2962 0.,00001011ῑῑ3ἶ·5031101

234 2960 282 2992 At
302 2961 362 2993 the
384 2972 478 2994 same
500 2963 585 2995 time
604 2964 636 2996 it
657 2963 759 2997 made
779 2964 997 2997 endeavours

233 3003 325 3036 after
363 3004 620 3045 improvement
658 3008 693 3038 in
735 3007 795 3039 the
835 3007 972 3040 Church
987 3019 995 3043 ;

235 3047 346 3079 which
385 3048 506 3079 Rankc
546 3049 703 3089 (erorm.
747 3051 782 3081 ιῖη
820 3051 998 3091 Gernmny,

1209 2484 1261 2516 ch.
1295 2490 1327 2525 5)
1359 2484 1532 2517 describes
1564 2495 1602 2516 as
1635 2484 1718 2517 ‘the
1750 2485 1826 2517 first

1055 2528 1175 2560 effects
1189 2528 1225 2560 of
1240 2527 1299 2560 the
1315 2528 1500 2569 principles
1515 2528 1551 2560 of
1566 2528 1625 2560 the
1641 2528 1822 2560 Reforma-

1056 2573 1130 2604 tion
1154 2573 1190 2603 in
1216 2572 1373 2614 reviving
1400 2571 1460 2604 the
1486 2571 1699 2613 profounder
1722 2572 1825 2613 spirit

1056 2615 1092 2648 of
1107 2615 1331 2648 Catholicism
1346 2615 1366 2647 ⁷.

1102 2659 1156 2691 On
1182 2667 1199 2697 7
1226 2658 1314 2700 July
1338 2658 1524 2701 Campegio
1547 2658 1665 2690 issued
1690 2670 1711 2690 a
1737 2658 1823 2690 Gon-

1056 2702 1186 2734 stitutio
1219 2702 1263 2734 ad
1295 2703 1510 2734 remoucndos
1542 2703 1669 2734 abusu-s
1701 2705 1731 2734 et
1763 2701 1822 2734 Or-

1057 2746 1188 2777 dinatio
1222 2745 1267 2777 ad
1302 2745 1380 2778 cleri
1415 2746 1518 2777 vitam
1553 2745 1825 2787 reformandam;

1058 2790 1198 2822 written
1220 2789 1268 2831 by
1283 2790 1325 2821 D.
1344 2789 1387 2821 de
1403 2789 1592 2821 Paternina
1608 2789 1679 2821 and
1695 2789 1824 2826 others,

1058 2833 1129 2865 and
1170 2832 1437 2874 countersigned
1481 2831 1488 2844 ‘
1503 2832 1597 2864 Visa.
1755 2832 1825 2865 Iul.

1061 2876 1132 2908 Flo.
1150 2876 1330 2908 Montinus
1345 2876 1352 2888 ⁷
1372 2875 1429 2915 (cs.
1447 2876 1512 2917 Ep.
1534 2878 1669 2917 154211).
1715 2875 1825 2908 There

1059 2930 1118 2952 are
1140 2919 1279 2961 printed
1299 2919 1450 2952 editions
1471 2919 1509 2951 of
1529 2919 1590 2952 the
1612 2918 1824 2956 Constitutio,

1061 2963 1246 3001 Ratisbon,
1292 2972 1376 3003 1524
1418 2963 1565 3002 (Panzer
1605 2963 1676 2994 viii.
1719 2964 1824 3002 242);

1061 3007 1222 3049 Cologne,
1245 3006 1281 3038 P.
1308 3006 1482 3045 Quentcll,
1504 3006 1584 3038 Dec.
1614 3014 1719 3045 1524:
1756 3005 1824 3036 and

1060 3049 1112 3081 s.I-.
1135 3059 1219 3090 1524
1237 3050 1383 3088 (Panzer
1400 3050 1445 3080 ix.
1469 3050 1555 3089 136).
