2012 3370
186 157 311 208 1367]
573 156 731 196 FROM
761 156 1071 195 CUTHBERT
1100 156 1395 197 TUNSTALL
1704 159 1777 198 291

186 267 394 314 tanquam
435 263 594 314 aliquid
632 264 788 301 inesset
827 267 964 308 tuum,
1005 262 1072 301 hic
1111 263 1308 302 subortas
1347 276 1435 302 esse
1475 264 1665 303 nonnulli
1705 264 1785 303 tibi

186 317 472 357 rettulerunt:
518 330 603 356 non
631 316 747 367 quod
776 317 927 355 animis
956 316 1176 355 hominum
1205 321 1297 356 tam
1327 317 1413 356 alte
1440 318 1654 357 insederat
1683 318 1818 358 haecs

187 373 366 422 suspitio
397 375 447 410 vt
477 372 562 410 tuis
592 370 723 410 literis
752 370 883 409 fuerit
913 370 1165 418 reuellenda,
1199 372 1546 422 quandoquidem
1577 373 1636 411 sic
1667 377 1787 411 totus

187 425 292 464 liber
329 425 592 465 contumeliis
628 428 777 471 scatet,
816 426 874 463 sic
909 425 1083 476 singulis
1118 425 1292 476 pagellis
1328 426 1635 465 Lutherianum
1671 428 1788 465 virus

187 481 334 531 spirat,
361 484 411 519 vt
434 493 485 518 ex
510 492 595 530 qua
619 479 785 518 officina
809 479 1024 530 prodierit,
1050 479 1119 517 ille
1143 481 1232 530 ipse
1257 480 1390 519 lectus
1415 481 1570 531 prodat
1590 495 1598 527 ;
1640 494 1788 520 verum

188 547 238 572 ea
272 547 316 572 re
350 547 443 572 sum
477 534 662 572 laetatus
696 533 981 579 vehementer,
1018 533 1133 583 quod
1168 546 1220 572 ex
1255 534 1319 572 his
1353 535 1542 573 intellexi
1577 535 1656 574 tibi
1692 548 1788 574 cum

189 587 458 626 Lutherianis
482 587 590 626 male
614 588 850 634 conuenire,
876 592 1004 638 teque
1028 600 1054 625 a
1078 587 1283 626 Pontifice
1307 588 1495 627 Maximo
1518 594 1715 640 rogatum
1740 593 1788 627 vt
1809 597 1848 619 10

190 642 485 693 congrediendi
519 655 615 680 cum
650 641 836 679 Luthero
870 642 1132 692 prouinciam
1167 643 1410 692 susciperes,
1446 644 1531 681 iam
1566 648 1789 682 exoratum

190 709 320 746 prope
339 697 383 734 in
412 697 630 747 procinctu
657 709 758 734 esse.
818 695 869 733 Id
898 696 1013 745 quod
1043 707 1188 733 omnes
1217 697 1341 734 amici
1370 697 1434 734 tui
1464 710 1717 748 magnopere
1747 702 1788 735 et

189 755 419 801 expectant
437 754 481 788 et
500 751 691 801 cupiunt,
712 754 762 788 vt
782 763 877 788 011111
897 749 968 788 1110
989 750 1155 796 Proteo,
1176 751 1262 788 imo
1282 751 1421 788 verius
1441 751 1593 797 Atheo,
1615 752 1790 790 tandem

192 804 473 854 congrediare.

248 859 498 897 ‘Caeterum
528 872 579 897 ex
611 858 797 897 Luthero
818 858 826 873 ’
858 859 1011 908 inquis,
1046 858 1055 872 ⁴
1074 862 1118 896 et
1149 857 1418 897 Lutherianis
1449 859 1558 897 male
1589 858 1789 898 audiam?
1811 867 1846 900 Ῑ5

191 912 251 951 At
275 925 361 951 non
390 914 507 963 peius
533 925 663 963 quam
690 913 805 951 Deus
830 913 932 963 ipse,
964 925 1091 963 quem
1119 912 1187 951 ille
1214 912 1405 952 maliciae
1432 914 1570 952 omnis
1598 918 1791 952 autorem

190 966 307 1013 facit,
345 966 447 1005 dum
482 967 661 1005 liberum
696 966 810 1006 tollit
845 967 900 1005 ab
929 966 1172 1005 hominibus
1207 967 1445 1014 arbitrium,
1483 972 1614 1018 atque
1651 969 1793 1006 omnia

190 1021 315 1059 statis
345 1022 608 1060 necessitatis
639 1021 800 1072 legibus
830 1020 919 1059 fieri
950 1033 1120 1072 prorsus
1152 1021 1386 1068 contendit,
1419 1026 1469 1061 vt
1499 1022 1678 1061 liberum
1711 1023 1795 1060 cui·

189 1087 320 1125 quam
339 1088 425 1114 non
445 1076 513 1121 sit,
535 1076 569 1114 si
590 1075 706 1122 velit,
729 1075 834 1114 bene
854 1074 1004 1114 facere.
1063 1075 1121 1113 Et
1141 1074 1296 1114 Christi
1317 1088 1445 1114 causa
1464 1077 1621 1116 iniecta
1640 1076 1797 1127 probra

192 1128 287 1179 plus
309 1129 388 1168 tibi
409 1129 546 1168 laudis
568 1130 768 1168 nimirum
790 1130 957 1180 parient
985 1142 1115 1180 quam
1138 1130 1281 1168 omnia
1303 1131 1493 1168 omnium
1516 1131 1796 1181 quantumuis
1812 1139 1855 1162 20

192 1183 411 1222 elaborata
441 1184 644 1222 encomia.
704 1183 909 1231 Quocirca
940 1183 1044 1223 nihil
1074 1187 1140 1223 est
1170 1183 1286 1234 quod
1317 1197 1366 1223 eo
1397 1185 1567 1224 nomine
1598 1189 1794 1224 terreare.

193 1236 296 1275 Mihi
321 1237 492 1288 quidem
517 1237 671 1277 videris
694 1238 774 1276 hoc
798 1239 961 1289 patriae
985 1242 1086 1276 tuae
1109 1238 1153 1276 in
1177 1238 1323 1288 primis
1347 1238 1498 1277 debere
1518 1252 1525 1278 ε
1568 1252 1690 1289 quae,
1714 1238 1797 1278 nisi

193 1303 323 1341 quam
359 1292 542 1342 primum
579 1296 836 1338 occurratur,
874 1291 1098 1342 pestilente
1127 1291 1206 1331 hac
1242 1293 1506 1343 contagione,
1544 1306 1633 1332 sese
1668 1293 1796 1333 latius

193 1357 392 1395 sparsura
412 1346 446 1384 si
466 1358 592 1384 nemo
613 1345 784 1384 obuiam
806 1345 962 1396 prodit,
985 1345 1099 1384 infici
1120 1345 1397 1396 periclitatur.

248 1398 384 1437 Nemo
420 1412 611 1450 vnquam
646 1400 691 1438 in
726 1401 854 1439 sacris
890 1399 1081 1438 eruditus
1117 1399 1262 1446 literis,
1300 1413 1446 1439 eorum
1482 1402 1555 1451 qui
1592 1401 1799 1440 hactenus
1814 1411 1853 1442 25

193 1451 380 1499 fuerunt,
413 1466 490 1492 sua
520 1457 663 1492 aetate
694 1454 972 1504 perniciosam
1004 1458 1142 1493 ortam
1174 1454 1380 1493 haeresim
1411 1454 1522 1494 vidit
1552 1468 1682 1506 quam
1713 1468 1799 1494 non

194 1507 476 1558 impugnauit.
537 1507 642 1555 Quo,
689 1520 860 1558 quaeso,
905 1509 1076 1547 nomine
1120 1512 1222 1547 tuus
1267 1508 1554 1560 Hieronymus
1599 1509 1800 1548 celebrior

195 1560 377 1600 habetur
409 1574 539 1612 quam
573 1561 689 1613 quod
721 1562 912 1601 haereses
945 1563 1010 1601 sui
1042 1563 1246 1613 temporis
1285 1564 1484 1602 acerrime
1519 1563 1798 1602 confutauit?

196 1614 293 1655 Non
320 1615 439 1654 illum
467 1617 574 1655 sacri
601 1616 765 1655 Moseos
792 1620 837 1655 et
864 1616 1175 1667 Prophetarum
1203 1617 1298 1656 libri
1326 1617 1381 1656 ad
1409 1617 1666 1657 Hebraicam
1694 1619 1800 1656 veri-

196 1673 332 1708 tatem
377 1671 579 1717 restituti,
625 1683 711 1710 non
756 1670 1011 1722 multiplices
1056 1673 1350 1710 commentarii
1394 1673 1559 1723 magnis
1603 1672 1802 1711 desudati
1819 1683 1860 1715 30

195 1723 412 1762 laboribus
442 1724 660 1763 clariorem
689 1724 966 1764 reddiderunt
996 1738 1126 1775 quam
1157 1725 1272 1775 quod
1303 1725 1506 1765 aduersus
1537 1726 1799 1773 Heluidium,

198 1777 482 1825 Iouinianum,
508 1778 807 1826 Luciferianos,
832 1779 1123 1830 Vigilantium,
1149 1779 1397 1830 Pelagianos
1419 1781 1464 1819 in
1486 1781 1689 1819 harenam
1712 1793 1801 1819 sese

197 1831 330 1871 dedit.
388 1832 470 1871 Vbi
499 1834 632 1871 maior
662 1833 850 1884 Origenis
879 1833 1019 1872 elucet
1047 1833 1229 1872 eruditio
1258 1846 1388 1884 quam
1423 1839 1571 1873 contra
1600 1834 1798 1874 Celsum?

199 1886 272 1925 vbi
318 1887 453 1925 maior
498 1887 644 1926 Basilii
690 1900 820 1938 quam
866 1892 1015 1926 contra
1061 1887 1320 1926 Eunomium
1341 1892 1356 1926 ἱ)
1416 1888 1653 1940 Cyprianus
1699 1888 1802 1927 dum

199 1944 348 1979 contra
369 1941 705 1988 Demetrianum,
728 1941 769 1980 N
771 1943 1021 1980 ouatianum
1042 1946 1086 1980 et
1107 1941 1327 1981 Nouatum
1349 1944 1486 1981 acrius
1506 1944 1701 1982 inuectus
1723 1947 1800 1990 est,
1821 1956 1859 1989 35

199 1998 408 2045 quantam
438 1995 609 2034 laudem
639 1995 834 2035 rettulit!
895 1995 1067 2043 Quanta
1098 1996 1261 2035 Hilario
1292 1998 1473 2048 contigit
1503 1997 1802 2037 Constantium

199 2049 498 2099 impugnanti!
558 2049 675 2097 Quae
718 2063 819 2089 vero
863 2050 1127 2101 Augustinus
1175 2055 1324 2090 contra
1371 2051 1602 2102 Pelagium,
1652 2055 1804 2090 contra

201 2102 429 2149 Iulianum,
451 2107 600 2142 contra
619 2104 832 2151 Arrianos,
855 2109 1004 2143 contra
1023 2104 1307 2151 Manichaeos,
1329 2109 1478 2144 contra
1499 2105 1801 2152 Gaudentium,

201 2161 350 2195 contra
384 2157 654 2205 Petilianum,
691 2162 840 2197 contra
873 2159 1096 2206 Faustum,
1132 2163 1281 2198 contra
1315 2159 1587 2211 Fulgentium
1621 2160 1803 2211 scripsit,

201 2214 425 2262 tantopere
442 2211 553 2251 illius
571 2213 650 2251 viri
668 2216 865 2252 sanctum
883 2213 1076 2252 ardorem
1094 2214 1353 2264 exprimunt,
1373 2218 1423 2253 vt
1439 2215 1625 2253 nesciam
1644 2227 1699 2253 an
1717 2215 1806 2253 eius
1821 2228 1865 2260 40

202 2264 269 2304 vel
296 2265 478 2316 flagrans
504 2267 548 2305 in
576 2266 655 2306 Dei
683 2266 915 2306 Ecclesiam
943 2267 1141 2314 charitas,
1170 2268 1239 2306 vel
1266 2280 1422 2319 magna
1447 2269 1491 2307 in
1519 2269 1647 2307 sacris
1674 2268 1807 2307 literis

201 2319 397 2366 eruditio,
426 2333 478 2359 ex
507 2320 601 2359 vllis
629 2320 720 2360 aljis
748 2322 915 2372 scriptis
943 2323 999 2360 sit
1026 2321 1261 2361 dilucidior.
1320 2322 1463 2369 Porro,
1493 2324 1587 2373 quis
1616 2335 1805 2373 vnquam

201 2374 245 2412 in
272 2373 460 2413 Ecclesia
489 2374 617 2426 paulo
647 2375 851 2414 eruditior
880 2380 979 2427 post
1007 2380 1146 2415 ortam
1176 2389 1334 2415 nouam
1365 2377 1570 2415 haeresim
1600 2376 1803 2415 reticuit?

203 2427 268 2466 Ea
298 2427 470 2467 demum
503 2442 604 2468 vera
635 2429 788 2468 militia
819 2429 1059 2469 Christiana
1090 2434 1168 2477 est,
1202 2431 1393 2469 haereses
1425 2443 1680 2482 expugnare.
1738 2430 1806 2469 An

203 2481 406 2522 barbaros
449 2484 493 2522 in
537 2483 641 2522 fines
684 2488 852 2523 nostros
895 2485 1178 2535 irrumpentes
1222 2485 1543 2536 pauxillumque
1588 2484 1806 2535 abigentes
1821 2501 1862 2533 45

203 2536 386 2586 praedae
405 2538 600 2588 persequi
628 2537 852 2588 pulchrum
877 2543 1093 2589 putamus,
1120 2539 1353 2578 haereticos
1377 2539 1429 2577 de
1453 2539 1651 2589 religione
1675 2541 1807 2588 atque

205 2591 287 2628 aris
316 2590 536 2629 nobiscum
566 2591 833 2631 decertantes
862 2605 998 2643 aequo
1028 2594 1170 2631 animo
1199 2593 1408 2631 ferimus?
1468 2592 1640 2642 quando
1671 2592 1807 2630 multo

204 2648 270 2682 est
305 2644 557 2694 praeclarior
591 2645 643 2684 de
679 2646 743 2684 his
779 2659 909 2696 quam
944 2646 996 2685 de
1031 2646 1112 2685 illis
1148 2647 1340 2692 victoria,
1377 2647 1493 2697 quod
1529 2646 1593 2685 his
1629 2646 1809 2685 deuictis

205 2701 403 2736 aeternus
424 2699 468 2736 111
490 2699 614 2737 000118
636 2699 764 2738 datur
786 2700 1041 2751 triumphus,
1064 2700 1145 2739 illis
1167 2701 1391 2739 summotis
1414 2700 1552 2739 breuis
1575 2700 1807 2740 admodum

207 2752 250 2789 in
275 2751 353 2790 hac
378 2753 470 2790 vita
493 2752 680 2803 gloriola.

1825 2772 1866 2804 50

514 2836 543 2868 7.
570 2825 813 2859 Lutheranum
831 2827 901 2858 LB.
1053 2836 1103 2865 10,
1123 2836 1171 2869 15.
1199 2828 1412 2860 Lutheranis
1431 2829 1502 2860 LB.

252 2933 282 2964 4.
308 2921 364 2953 hic
380 2921 558 2961 subortas]
579 2921 630 2954 Cf.
656 2922 721 2962 Ep.
750 2923 842 2965 1383.
872 2927 969 2965 25—6.
1087 2935 1134 2967 17.
1161 2924 1308 2956 liberum
1334 2948 1342 2956 .
1371 2949 1378 2956 .
1406 2949 1414 2957 .
1442 2924 1642 2966 arbitrium]
1659 2925 1722 2959 See
1738 2926 1804 2968 Ep.

209 2964 277 2996 For
289 2965 422 2997 similar
435 2966 627 3007 suspicions
643 2966 678 2998 of
694 2966 859 2999 Erasmus
874 2971 913 2999 at
927 2977 972 2999 an
1044 2977 1126 3008 1419
1142 2968 1272 3001 introd.

209 3008 332 3040 earlier
348 3009 431 3041 date
448 3019 503 3040 see
523 3009 613 3051 Epp.
637 3012 787 3050 1218,19.
1087 3022 1137 3044 22.
1165 3013 1299 3052 patriae
1315 3012 1412 3054 tuae]
1433 3023 1477 3045 sc.
1502 3012 1734 3053 Germaniam
1758 3013 1802 3046 ef.

259 3061 308 3084 10.
334 3053 552 3094 aPontifice]
570 3054 632 3086 See
649 3053 738 3096 Epp.
760 3063 854 3095 1324,
878 3056 971 3095 1338.
1044 3055 1109 3097 Ep.
1132 3060 1223 3098 1300.
1249 3065 1321 3098 13¹¹-

972 3122 1004 3153 U
1031 3123 1056 3153 2
