2012 3370
143 105 266 154 1405]
602 104 762 144 FROM
792 104 946 144 OTHO
978 106 1280 146 BRUNFELS
1662 113 1740 150 369

142 214 220 253 hoc
242 227 328 253 non
351 214 476 262 dono,
499 219 549 254 vt
571 215 637 253 vel
666 227 733 253 me
763 215 828 253 vel
858 228 1100 266 quenquam
1131 217 1198 255 cui
1221 217 1335 256 cordi
1358 218 1636 270 Euangelium
1659 226 1738 268 est,

142 268 320 319 impium
343 282 480 308 voces.
530 269 672 319 Atque
693 269 773 307 nisi
795 268 964 308 desieris
987 270 1042 308 ab
1062 271 1113 309 iis
1135 272 1269 322 nugis,
1294 272 1488 312 detracta
1509 274 1636 313 semel
1660 275 1738 314 hac

142 322 261 361 larua
290 323 370 362 tibi
399 323 616 374 scripturis
644 322 787 374 palam
817 323 1019 362 faciemus
1049 325 1122 375 qui
1152 326 1219 363 sis.
1278 326 1427 378 Neque
1457 327 1636 367 deerunt
1665 331 1739 379 qui

142 389 314 427 operam
337 391 457 416 suam
478 377 599 416 nobis
620 377 824 416 locabunt
844 378 1140 429 iuuabuntque
1162 384 1340 419 conatus
1360 394 1369 427 ;
1407 382 1604 421 nouimus
1625 385 1737 423 enim

141 430 289 470 hulcus
310 432 384 471 vbi
403 431 664 483 tangendum
685 431 764 470 tibi
785 436 862 471 est.
913 432 1006 471 Hoc
1028 433 1191 472 dictum
1212 434 1291 472 tibi
1313 435 1423 475 habe
1442 440 1486 475 et
1506 437 1613 476 vale.

540 570 662 609 1406.
725 567 866 609 FROM
899 567 1034 610 OTHO
1067 568 1341 612 BRUNFELS.

191 654 386 689 Brunfelsii
401 654 615 700 Responsio,
632 653 674 688 10.
691 653 742 688 116.
1358 656 1576 703 <Strasburg
1592 662 1629 700 2³>

1280 717 1332 753 (c.
1353 713 1558 750 December
1578 720 1689 760 1523>

186 792 231 832 [A
253 792 357 825 letter
379 792 519 834 printed
542 796 580 824 at
603 792 662 823 the
679 791 747 823 end
764 791 799 822 of
820 790 988 823 Brunfels'
1009 792 1217 831 Responsio:
1250 804 1304 825 see
1322 794 1386 835 Ep.
1410 804 1504 835 1405,
1524 796 1609 827 than
1628 798 1739 829 which

140 836 211 867 this
234 836 264 867 is
288 836 468 877 evidently
491 836 683 867 somewhat
706 835 804 867 later.
853 835 889 866 It
913 845 983 866 was
1008 836 1158 876 perhaps
1184 836 1298 878 begun
1326 837 1383 870 ‘in
1408 849 1479 870 rem
1505 841 1715 882 typographi
1731 842 1738 853 ’

140 880 198 918 (cf.
214 880 277 921 Ep.
296 889 379 912 1010
389 880 546 920 introd.),
559 883 597 911 to
608 879 656 910 fill
669 879 728 910 the
739 879 808 910 last
820 878 916 910 three
928 878 1043 910 leaves
1056 879 1090 911 of
1101 880 1200 911 sheet
1212 880 1246 917 h,
1260 880 1370 912 which
1382 882 1534 914 without
1544 883 1614 914 this
1626 885 1741 916 would

141 923 182 953 be
202 922 309 954 blank
326 924 361 955 in
381 935 411 955 α.
454 924 537 962 But,
554 923 582 954 11
598 933 648 961 so,
666 924 696 955 it
712 922 885 954 exceeded
902 923 948 954 its
966 932 1115 965 purpose
1131 936 1139 961 ,·
1170 923 1226 955 for
1242 924 1413 957 Brunfels'
1433 927 1610 968 righteous
1628 928 1740 959 wrath

140 967 274 999 carried
291 967 364 999 him
382 978 420 998 as
438 967 492 999 161·
509 977 547 999 68
564 967 606 999 10.
625 968 664 999 14.

185 1010 258 1042 The
276 1011 462 1042 standards
480 1011 516 1042 in
535 1021 704 1052 accuracy
723 1009 758 1042 01
777 1010 931 1042 Sehott’s
950 1010 1087 1042 readers
1105 1010 1159 1042 for
1178 1011 1237 1043 the
1257 1022 1350 1053 press
1369 1023 1426 1044 are
1444 1014 1563 1045 shown
1585 1015 1631 1057 by
1651 1015 1742 1047 their

139 1054 340 1087 ineffectual
355 1058 526 1097 attempts
542 1058 580 1087 to
594 1058 647 1086 set
661 1054 755 1096 right
770 1054 830 1086 the
845 1058 922 1086 text
938 1054 973 1086 of
989 1065 1007 1083 α
1024 1058 1062 1086 at
1076 1054 1100 1086 l.
1116 1063 1158 1093 47
1173 1056 1209 1086 in
1225 1055 1285 1087 the
1301 1056 1533 1097 Corro'qenda]

139 1159 329 1190 ERASMO
352 1160 694 1197 ROTERODAMO,
716 1159 1029 1190 PRESBYTERO
1053 1160 1111 1190 ET
1133 1160 1333 1191 SCRIBAE
1354 1162 1490 1193 LEGIS
1514 1163 1737 1197 DOOTISS.‚

627 1218 754 1248 OTHO
787 1217 1112 1248 BRVNFELSIVS
1145 1219 1181 1248 S.
1204 1220 1249 1249 D.

195 1278 486 1318 SVCOINOTIVS
516 1278 734 1330 praefatus
763 1291 857 1317 sum
886 1283 1028 1317 tecum
1059 1278 1111 1318 de
1140 1279 1377 1320 Huttenico
1407 1283 1579 1333 negocio
1609 1296 1739 1334 quam

140 1333 207 1372 vel
230 1346 295 1372 res
318 1333 521 1384 poscebat
542 1333 647 1384 ipsa,
672 1333 740 1371 vel
762 1332 995 1371 defensioni
1018 1346 1135 1372 meae
1159 1334 1414 1384 expediebat
1436 1336 1551 1387 apud
1574 1350 1644 1375 eos
1667 1338 1740 1387 qui

139 1391 298 1426 temere
331 1386 511 1426 fortasse
545 1387 764 1437 putabunt
798 1386 876 1425 hoc
911 1388 1096 1426 muneris
1129 1388 1306 1427 subiisse
1342 1403 1420 1428 me.
1483 1390 1626 1441 Atque
1660 1391 1739 1430 hoc

138 1441 312 1481 tametsi
331 1440 421 1480 fieri
440 1441 667 1492 oportebat
686 1442 731 1479 in
751 1440 936 1487 exordio,
958 1445 1104 1480 tamen
1125 1455 1150 1480 a
1170 1455 1237 1481 me
1257 1443 1450 1482 consulto
1470 1443 1633 1483 factum
1654 1458 1740 1484 11011

139 1499 204 1535 est
224 1509 232 1535 :
268 1496 452 1547 primum
471 1500 522 1535 vt
540 1508 670 1546 quam
690 1495 953 1547 paucissimis
972 1495 1213 1546 expedirem
1234 1510 1301 1536 me
1321 1511 1330 1545 ;
1366 1497 1517 1537 deinde
1537 1500 1738 1550 quoniam

139 1554 244 1589 nota
272 1554 365 1589 erat
392 1550 624 1601 tragoedia,
656 1554 700 1589 et
728 1554 778 1589 vt
806 1553 979 1589 tantum
1009 1550 1090 1589 hiis
1118 1550 1300 1590 facerem
1331 1553 1447 1599 satis,
1479 1566 1585 1604 quos
1615 1555 1740 1593 amici

139 1604 379 1643 referebant
403 1617 477 1656 per
501 1609 623 1644 tuam
648 1604 877 1655 Spongiam
903 1604 1104 1643 maiorem
1129 1605 1350 1645 inmodum
1376 1606 1557 1646 offensos
1582 1607 1710 1647 fuisse
1731 1622 1738 1649 :

140 1662 355 1710 postremo
382 1672 435 1698 ne
461 1659 656 1710 protinus
681 1659 854 1710 impune
882 1663 1055 1710 putares
1081 1659 1203 1699 licere
1230 1662 1401 1700 mentiri
1427 1661 1507 1700 tibi
1534 1663 1739 1712 cnme[m]

140 1713 421 1759 mendacium,
446 1717 489 1752 et
511 1726 669 1752 cornua
690 1713 770 1752 tibi
792 1726 977 1752 sumeres
999 1714 1121 1764 quasi
1143 1715 1291 1754 viceris
1313 1716 1411 1762 iam,
1436 1717 1537 1766 quia
1558 1717 1626 1755 ille
1648 1716 1739 1756 fato

140 1767 334 1806 sublatus
360 1771 425 1806 est
451 1768 525 1818 qui
551 1767 707 1806 bellum
733 1767 931 1818 incoepit.
989 1767 1198 1814 Quoniam
1226 1773 1371 1808 tamen
1398 1783 1446 1808 eo
1472 1769 1627 1809 iudicio
1654 1784 1740 1810 non

140 1834 286 1861 omnes
310 1825 424 1868 sunt,
451 1825 494 1860 et
519 1821 587 1860 vel
611 1825 660 1860 tu
685 1834 855 1872 quoque
880 1822 1121 1861 existimare
1146 1824 1280 1873 possis
1305 1824 1372 1863 vel
1397 1825 1527 1862 animi
1552 1825 1738 1875 quadam

142 1876 318 1915 leuitate
351 1875 419 1915 vel
451 1889 564 1914 vana
596 1875 728 1927 gloria
760 1875 841 1914 huc
875 1875 1110 1914 adductum
1144 1890 1231 1916 esse
1265 1891 1344 1924 me,
1380 1879 1522 1929 accipe
1556 1878 1740 1918 breuiter

140 1943 166 1969 a
187 1931 326 1981 capite
347 1931 422 1981 qui
442 1929 605 1969 factum
627 1934 691 1969 est
713 1929 828 1981 quod
849 1930 1135 1981 responderim
1158 1936 1201 1970 et
1223 1932 1326 1982 quid
1347 1933 1391 1970 in
1412 1937 1456 1971 te
1478 1932 1737 1984 desyderem.

194 1984 337 2023 Allata
364 1988 430 2023 est
458 1984 561 2023 mihi
590 1985 773 2035 primum
802 1984 1105 2035 Nuenburgam
1136 1985 1321 2037 Spongia
1349 1991 1438 2033 tua,
1469 1987 1571 2026 dum
1601 1987 1739 2027 adhuc

142 2039 307 2078 viueret
344 2038 564 2077 Huttenus
584 2052 592 2085 ;
648 2043 777 2089 atque
816 2038 898 2077 dici
936 2052 1021 2077 non
1059 2043 1202 2090 potest
1239 2053 1369 2091 quam
1408 2054 1475 2079 me
1514 2041 1740 2081 confecerit

141 2092 440 2139 dolentissime,
467 2092 569 2132 dum
594 2092 792 2132 videbam
818 2098 907 2131 tam
933 2095 1212 2144 contemptim
1237 2099 1281 2133 et
1305 2094 1531 2134 deridicule
1556 2097 1739 2135 amicum

142 2147 246 2185 mihi
263 2146 436 2186 lacerari
454 2151 498 2186 et
515 2147 607 2186 rodi
625 2160 700 2198 per
717 2152 773 2186 te.
821 2147 921 2185 Mox
939 2148 1167 2187 nunciatur
1185 2152 1228 2187 et
1246 2149 1467 2188 occubitus
1486 2150 1738 2201 eloquentis-

140 2201 235 2240 simi
252 2205 296 2240 et
312 2202 568 2253 integerrimi
585 2202 665 2240 viri
685 2215 692 2248 3
728 2201 927 2241 accrescit
943 2201 1077 2241 indies
1094 2202 1225 2249 dolor,
1245 2208 1288 2242 et
1306 2205 1445 2255 coepit
1463 2217 1529 2243 me
1547 2218 1632 2243 non
1649 2209 1738 2243 tam

142 2254 252 2294 male
271 2255 425 2295 habere
444 2256 595 2307 optimi
615 2256 739 2295 amici
759 2269 870 2294 mors
890 2269 1019 2307 quam
1039 2260 1116 2295 tua
1136 2257 1386 2297 stultissima
1406 2258 1603 2309 Spongia,
1625 2259 1740 2309 quod

143 2309 343 2349 videbam
375 2309 568 2349 futurum
602 2314 652 2349 vt
684 2311 920 2349 mentireris
952 2312 1038 2349 iam
1072 2312 1178 2350 citra
1211 2312 1416 2363 pudorem
1449 2314 1492 2351 in
1526 2313 1738 2352 hominem

141 2363 344 2416 quicquid
359 2364 499 2403 velles.
544 2364 672 2404 Venit
687 2365 833 2416 itaque
848 2365 891 2403 in
908 2369 1094 2404 mentem
1111 2370 1161 2405 vt
1176 2367 1288 2405 vices
1305 2380 1483 2418 agerem.
1529 2367 1739 2405 Parabam

143 2418 302 2466 stilum,
345 2422 390 2457 et
431 2418 698 2458 absterrebat
739 2423 886 2458 tamen
927 2419 1170 2470 eloquentia
1212 2425 1289 2460 tua
1309 2435 1316 2467 3
1376 2421 1583 2472 putabam
1628 2422 1739 2460 enim

141 2472 300 2512 frustra
326 2486 415 2512 6886
439 2473 640 2512 lacessere
667 2474 741 2524 qui
766 2474 810 2512 in
835 2477 962 2512 tanta
987 2478 1097 2513 esset
1123 2475 1437 2514 existimatione
1464 2475 1579 2525 apud
1606 2475 1738 2513 cardi-

142 2526 257 2566 nales
281 2530 324 2566 et
347 2527 578 2578 episcopos,
603 2528 638 2566 si
661 2527 781 2567 culex
805 2528 963 2566 scilicet
986 2529 1198 2567 morderet
1220 2529 1508 2580 elephantum.
1561 2529 1738 2568 Abduco

142 2593 317 2619 manum
349 2581 404 2619 ab
436 2581 599 2628 tabula,
633 2581 847 2620 donabam
879 2582 1075 2621 iniuriam
1109 2583 1233 2621 amici
1265 2584 1339 2634 qui
1370 2584 1455 2621 iam
1488 2583 1663 2622 viuebat
1696 2584 1775 2622 i110

140 2647 257 2686 pace,
275 2638 319 2673 et
335 2648 465 2685 quam
480 2636 569 2686 ipse
586 2635 848 2674 condonarat
865 2637 1059 2686 spiritum
1077 2636 1268 2682 reddens,
1287 2638 1458 2676 tametsi
1475 2650 1551 2675 sua
1567 2642 1739 2676 tantum

139 2702 226 2728 non
248 2693 353 2736 erat,
378 2688 451 2728 scd
473 2690 663 2728 omnium
686 2689 893 2728 bonorum
917 2691 1117 2736 virorum,
1143 2691 1214 2729 scd
1238 2691 1405 2730 Christi.
1457 2691 1604 2742 Neque
1627 2692 1738 2731 enim

736 2768 833 2800 1406.
860 2772 910 2802 26.
938 2779 1045 2811 quam
1063 2770 1139 2801 add.
1158 2771 1191 2802 β.

190 2862 286 2893 1405,
316 2871 363 2902 13.
388 2860 552 2902 impium]
567 2860 615 2892 As
634 2860 675 2892 hc
694 2871 764 2892 was
779 2861 854 2893 said
872 2865 909 2893 to
975 2862 1039 2894 fols
1047 2866 1141 2893 must
1150 2862 1238 2894 have
1248 2862 1333 2895 been
1342 2874 1503 2895 unaware
1513 2864 1614 2896 ofthc
1624 2864 1740 2896 actual

143 2905 233 2937 have
246 2904 357 2936 called
368 2905 516 2936 Luther:
536 2905 578 2936 cf.
592 2904 657 2946 Ep.
675 2914 769 2945 1374.
785 2914 862 2946 4511.
977 2906 1060 2937 date
1077 2906 1112 2937 of
1126 2906 1296 2938 Hutten’s
1311 2907 1417 2939 death
1433 2907 1514 2949 (Ep.
1535 2909 1628 2948 1388.
1654 2917 1714 2939 1211
1732 2922 1740 2945 ;

191 2948 289 2981 1406.
330 2957 380 2992 14.
415 2948 530 2981 adhuc
568 2948 718 2988 viuerct]
754 2949 910 2991 Bocking
978 2950 1021 2981 cf.
1039 2949 1103 2992 Ep.
1123 2949 1390 2991 1378intr0d.):
1418 2952 1487 2983 and
1505 2951 1582 2983 that
1606 2952 1659 2983 his
1682 2952 1740 2984 ob-

143 2992 264 3034 points
274 2992 438 3034 out(HE.
454 3002 528 3034 334,
540 3003 573 3035 p.
590 2994 692 3034 346n)
707 2992 787 3025 that
800 2993 909 3026 Brun·
978 2994 1079 3026 vious
1097 3004 1190 3026 error
1207 2993 1287 3026 here
1303 2994 1332 3026 is
1350 2998 1413 3027 not
1429 2995 1651 3028 intentional.

201 3063 298 3096 452·5
901 3062 928 3089 B
958 3049 987 3090 b

1761 401 1796 432 15

1764 1790 1803 1813 10

1765 2063 1798 2094 15
