2012 3370
244 143 322 182 356
719 140 973 179 turmas
1005 140 1076 180 or
1107 140 1370 181 ERAsMUS
1721 144 1845 193 [1523

245 252 399 292 toriam
432 263 585 290 canens
617 251 870 295 cantionem,
907 248 1030 288 ‘Non
1062 253 1104 288 tc
1135 255 1248 300 pcto,
1281 252 1435 302 piscem
1469 255 1597 302 pet03
1644 253 1747 302 quid
1777 266 1844 292 mc

248 307 372 358 fugis,
399 305 589 357 galle?';
622 308 712 343 tam
742 304 987 343 indecorum
1016 308 1081 343 est
1111 304 1413 357 Euangelicum
1444 318 1582 357 regem
1613 306 1844 358 belligerari

247 365 324 401 aut
352 359 592 405 nundinari,
624 372 676 398 nc
706 357 810 409 quid
839 358 978 397 dicam
1007 358 1283 399 inhonestius.
1343 360 1460 408 Quur
1489 373 1601 400 nunc
1630 361 1845 400 inuenitur

168 434 224 466 145
247 416 481 467 episcopus,
527 415 599 464 qui
644 413 722 451 sibi
767 412 982 464 pulchrius
1026 413 1145 452 ducit
1188 418 1400 454 trecentos
1443 415 1620 465 equites,
1666 415 1844 462 balistis,

246 469 400 509 lanceis
422 481 470 507 ac
491 467 736 506 bombardis
755 468 986 506 instructos
1007 480 1148 507 secum
1169 468 1333 515 ducere,
1355 482 1484 520 quam
1506 470 1586 520 piis
1606 473 1651 508 et
1670 469 1846 509 eruditis

246 523 434 563 diaconis
455 522 708 561 comitatum
729 535 869 561 sacros
889 521 1017 560 libros
1038 535 1179 561 secum
1201 524 1465 563 circumferre
1486 527 1502 562 ‘t
1563 523 1680 571 Quur
1700 537 1845 563 earum

246 590 386 617 rerum
409 577 696 616 ostentatione
719 576 799 615 sibi
821 576 965 628 magni
987 576 1199 624 videntur,
1224 591 1405 629 quarum
1429 581 1679 628 contemptu
1703 579 1847 629 magni

246 632 421 672 fuerunt
455 631 515 669 illi
550 631 595 670 in
632 644 813 682 quorum
849 631 988 670 locum
1026 636 1351 671 successerunt?
1412 632 1530 679 Quur
1565 632 1645 671 illis
1682 632 1846 672 dulcius

167 704 231 738 150
246 690 402 725 sonant
426 685 557 724 tubae
582 689 626 725 et
652 699 809 725 cornua
834 698 964 737 quam
990 698 1109 725 sacra
1133 686 1257 725 lectio
1278 690 1294 725 ⁴?
1352 686 1454 738 Age,
1481 686 1586 737 quid
1610 687 1645 726 si
1670 699 1743 726 rex
1769 699 1845 738 pro

247 740 488 780 diademate
524 744 569 779 et
603 740 753 779 trabea
789 740 868 779 sibi
903 741 1099 790 imponat
1134 741 1305 780 mitram
1342 745 1387 780 et
1421 740 1629 787 infulam,
1682 745 1846 787 contra,

246 808 322 847 pro
356 795 485 834 mitra
518 798 563 833 et
594 794 730 833 infula
762 794 842 833 sibi
875 793 1073 833 diadema
1105 798 1150 833 ct
1182 795 1375 834 trabeam
1409 799 1554 834 sumat
1586 795 1843 847 episcopus?

246 862 387 889 nonne
415 849 604 900 portenti
633 848 766 887 simile
794 848 1046 887 videbitur?
1104 848 1222 888 Adeo
1252 854 1428 888 mouent
1456 851 1624 888 inuersa
1651 850 1844 900 insignia,

247 917 320 944 cur
341 917 428 943 non
450 903 584 954 magis
605 907 751 942 mouet
772 903 940 941 inuersa
960 902 1124 942 functio
1146 906 1161 941 ‘2
1220 903 1313 942 Iam
1337 904 1371 942 si
1392 904 1496 955 quid
1518 904 1720 955 priuatim
1742 903 1847 943 facit

167 977 224 1009 155
247 958 315 998 vel
344 971 418 997 rex
448 957 516 997 vel
546 958 780 1008 episcopuS,
811 970 898 996 non
928 956 1010 995 alio
1040 961 1230 1008 spectare
1261 957 1389 997 debet
1418 971 1548 1009 quam
1580 958 1634 997 ad
1665 957 1845 997 salutem

247 1012 406 1064 populi.
464 1012 553 1050 Aut
585 1012 696 1050 enim
730 1015 876 1050 monet
907 1014 1107 1058 errantes,
1142 1016 1219 1051 aut
1251 1013 1421 1064 corrigit
1452 1013 1605 1063 lapsos,
1640 1017 1717 1051 aut
1749 1026 1844 1051 con-

249 1067 411 1106 solatur
444 1066 642 1112 deiectos,
678 1069 753 1105 aut
788 1066 1030 1116 comprimit
1062 1065 1208 1112 elatos,
1245 1071 1322 1106 aut
1355 1067 1582 1106 extimulat
1620 1071 1843 1113 cessantes,

247 1125 324 1160 aut
343 1120 586 1160 reconciliat
606 1120 869 1159 dissidentes.

301 1174 419 1214 Haec
442 1179 507 1214 est
528 1174 692 1213 functio
715 1187 874 1225 regum,
899 1173 972 1213 sed
995 1175 1218 1225 praecipue
1242 1175 1607 1227 Euangelicorum‚
1632 1188 1738 1227 quos
1760 1189 1847 1214 non

169 1242 231 1273 160
247 1229 370 1269 decet
388 1229 548 1268 ambire
566 1242 742 1280 regnum
762 1229 886 1267 huius
906 1228 1066 1267 mundi.
1126 1229 1336 1276 Quoniam
1355 1234 1499 1269 autem
1520 1230 1637 1269 Iesus
1656 1230 1847 1270 Christus

249 1288 464 1335 vtrunque
497 1296 627 1335 genus
661 1284 706 1322 in
743 1296 787 1322 se
824 1283 1070 1334 complexus
1105 1287 1184 1330 est,
1218 1285 1391 1323 tametsi
1427 1297 1603 1336 regnum
1640 1284 1844 1324 Ecclesia-

249 1339 404 1378 sticum
433 1342 606 1377 tantum
636 1337 843 1389 expressit
868 1338 913 1376 in
941 1338 1076 1384 terris,
1107 1338 1298 1390 vtrisque
1325 1339 1566 1378 conandum
1597 1343 1662 1379 est
1690 1343 1741 1378 vt
1768 1351 1844 1390 pro

249 1405 326 1431 sua
354 1392 534 1443 quisque
562 1393 756 1443 portione
785 1391 1023 1443 Principem
1053 1405 1177 1431 suum
1208 1393 1456 1432 aemuletur.
1514 1393 1591 1432 Ille
1627 1407 1670 1432 se
1702 1397 1843 1432 totum

246 1446 457 1498 impendit
485 1447 584 1485 suis.
642 1446 700 1485 Et
729 1459 815 1497 qua
843 1445 983 1485 fronte
1012 1447 1238 1498 quisquam
1268 1447 1348 1486 sibi
1376 1448 1487 1486 viuit
1515 1448 1589 1499 qui
1618 1461 1661 1486 se
1691 1447 1848 1487 Christi

170 1513 226 1554 ¹65
246 1501 452 1540 vicarium
491 1500 746 1552 praedicat?
805 1500 881 1539 Ele
920 1513 994 1551 per
1033 1514 1202 1540 omnem
1241 1502 1378 1541 vitam
1417 1502 1522 1541 nihil
1560 1501 1676 1541 aliud
1715 1515 1845 1553 quam

247 1559 521 1602 seruatorem,
572 1567 703 1606 quam
753 1554 1074 1602 consolatorem,
1126 1568 1256 1606 quam
1307 1555 1541 1596 beneficum
1592 1557 1690 1607 egit.
1749 1555 1845 1596 Siue

247 1609 498 1649 versabatur
526 1609 572 1647 in
601 1609 775 1659 templo,
808 1609 896 1648 siue
925 1610 970 1648 in
999 1611 1237 1661 synagogis,
1269 1610 1357 1649 siue
1387 1611 1431 1649 in
1461 1610 1630 1661 publico
1661 1609 1847 1649 faciebat

245 1665 339 1711 iter,
359 1664 448 1702 siue
475 1664 519 1702 in
549 1663 718 1714 priuato
737 1663 988 1702 versabatur
1016 1663 1144 1710 domi,
1165 1664 1253 1703 siue
1270 1664 1516 1716 nauigabat,
1537 1665 1635 1703 siue*
1648 1665 1693 1703 in
1710 1664 1846 1704 deser-

248 1719 304 1757 tis
339 1717 522 1769 agebat3
575 1717 757 1756 docebat
788 1717 1122 1765 multitudinem,
1154 1718 1336 1757 sanabat
1369 1723 1576 1770 aegrotos,
1606 1718 1846 1757 mundabat

169 1791 230 1825 ¹70
244 1771 445 1823 leprosos,
486 1771 742 1811 restituebat
781 1771 1052 1822 paralyticos,
1094 1785 1267 1812 mancos
1307 1777 1352 1812 et
1391 1786 1550 1820 caecos,
1592 1772 1848 1824 profligabat

245 1826 473 1866 daemones
527 1826 690 1873 noxios,
746 1826 965 1865 excitabat
1019 1830 1223 1874 mortuos,
1279 1827 1490 1866 liberabat
1543 1827 1846 1878 periclitantes,

245 1880 471 1920 saturabat
497 1879 726 1926 famelicos,
754 1879 974 1919 refellebat
1000 1880 1260 1928 Pharisaeos,
1285 1882 1636 1933 patrocinabatur
1665 1881 1846 1932 discipu·

244 1935 309 1982 lis,
335 1939 381 1975 et
406 1935 613 1986 vnguenti
640 1934 841 1986 prodigae
870 1935 1107 1986 peccatrici,
1127 1936 1426 1975 consolabatur
1454 1936 1722 1976 Cananaeam
1751 1948 1845 1986 pec·

248 1989 447 2029 catricem
477 1993 522 2028 et
554 1989 793 2028 adulteram
822 1988 1141 2040 deprehensam.
1199 1990 1363 2042 Repete
1396 1994 1535 2030 totam
1566 1991 1703 2029 vitam
1732 1989 1842 2029 Iesu.

170 2064 225 2096 ¹75
246 2043 363 2083 Nulli
400 2043 645 2083 mortalium
683 2043 913 2094 quicquam
951 2044 1129 2083 immisit
1166 2045 1280 2091 mali,
1320 2058 1453 2096 quum
1491 2045 1580 2096 ipse
1618 2048 1687 2083 tot
1724 2044 1847 2083 malis

248 2097 498 2144 afficeretur,
530 2101 575 2136 et
601 2098 646 2136 in
676 2101 879 2148 promptu
911 2102 1022 2137 esset
1051 2099 1208 2145 vlcisci‚
1233 2100 1269 2138 si
1297 2099 1502 2138 libuisset.
1561 2099 1727 2150 Vbique
1762 2112 1843 2138 ser-

248 2156 441 2191 uatorem
479 2152 645 2202 agebat,
688 2151 847 2202 vbique
882 2151 1130 2192 beneficum.
1187 2153 1354 2192 Malcho
1391 2153 1580 2192 restituit
1613 2153 1844 2192 auriculam

247 2219 379 2257 quam
428 2205 578 2245 Petrus
629 2209 889 2256 amputarat.
947 2206 1012 2246 Ne
1061 2207 1230 2246 tantulo
1279 2207 1452 2259 quidem
1502 2207 1658 2246 damno
1708 2207 1846 2246 voluit

246 2260 454 2299 vindicari
486 2259 825 2300 incolumitatem
860 2273 994 2299 suam.
1053 2261 1266 2300 Herodem
1302 2275 1349 2301 ac
1385 2262 1572 2301 Pilatum
1606 2261 1768 2313 redegit
1801 2262 1846 2300 in

169 2327 231 2358 180
247 2314 528 2354 concordiam.
586 2313 639 2353 In
681 2327 803 2353 cruce
845 2314 1032 2365 pendens
1075 2317 1264 2355 seruauit
1306 2316 1487 2355 alterum
1529 2329 1552 2355 e
1594 2315 1843 2354 latronibus.

253 2369 450 2409 Mortuus
496 2368 787 2408 centurionem
833 2370 1044 2419 pertraxit
1091 2369 1146 2408 ad
1193 2370 1476 2409 Christianam
1524 2369 1841 2421 professionem.

247 2423 341 2463 Hoc
380 2427 471 2463 erat
510 2435 607 2462 vere
645 2435 786 2474 regem
825 2435 959 2474 agere,
999 2423 1196 2474 prodesse
1235 2424 1444 2471 omnibus,
1484 2437 1633 2463 nocere
1671 2424 1843 2463 nemini.

246 2477 315 2516 Ad
357 2477 482 2516 huius
525 2477 766 2528 exemplum
809 2481 980 2528 oportet
1022 2490 1167 2517 omnes
1210 2479 1431 2529 principes,
1476 2482 1688 2529 quatenus
1730 2477 1843 2525 licet,

246 2531 455 2571 accedere.
513 2531 572 2571 Te
614 2544 728 2578 Vero,
772 2531 867 2570 Rex
909 2531 1142 2579 Francisce,
1186 2532 1453 2584 peculiariter
1494 2533 1624 2571 etiam
1667 2531 1723 2570 ad
1765 2532 1843 2571 hoc

170 2599 225 2640 185
246 2587 431 2626 excitare
463 2585 591 2625 debet
623 2585 967 2625 Christianissimi
998 2600 1243 2638 cognomen,
1277 2591 1327 2626 vt
1359 2587 1573 2627 Christum
1605 2586 1843 2638 Principem

246 2652 322 2691 pro
345 2639 698 2680 viribussreferas.

245 2786 273 2808 ε.
286 2733 1013 2810 235²{aissfflfflfflfilfif‘issizvffi&ifffissssffi
1080 2733 1734 2822 ΞθῗίῗοῃῗίῃὲὶηῗΤἔῖῗοῗξὲοῗέίοῖ
1747 2742 1843 2815 ᾆῖἳὲι

245 2820 392 2861 porated
414 2821 451 2852 in
474 2821 535 2853 the
558 2821 753 2853 mediaeval
776 2821 1009 2853 dictionaries.
1080 2823 1167 2854 with
1189 2823 1378 2860 Erasmus3
1414 2822 1480 2854 but
1500 2821 1562 2853 the
1581 2820 1661 2852 idea
1680 2820 1710 2851 is
1731 2819 1843 2852 found

246 2862 301 2895 He
329 2863 487 2905 explains
515 2864 597 2896 that
624 2864 685 2896 the
713 2864 894 2903 murmillo,
924 2865 1010 2897 with
1079 2866 1117 2898 in
1138 2866 1199 2898 the
1220 2867 1306 2898 Inst.
1330 2865 1506 2906 Principis
1527 2862 1715 2896 Christiani
1735 2862 1840 2905 (Epp.

246 2906 361 2938 whom
379 2907 439 2939 the
456 2908 615 2940 retiarius
632 2908 768 2949 fought,
788 2908 859 2940 had
879 2906 1008 2950 ‘genus
1083 2919 1158 2951 393,
1194 2910 1285 2951 853),
1319 2910 1357 2941 in
1391 2909 1452 2941 the
1486 2907 1632 2949 chapter
1665 2916 1710 2938 on
1744 2907 1843 2948 royal

245 2953 444 2982 armaturae
479 2951 651 2983 Gallicum
665 2952 686 2991 ’,
726 2950 883 2994 ‘ipsique
917 2962 1008 2984 mur·
1079 2963 1246 2985 revenues
1284 2953 1355 2984 and
1391 2952 1554 2984 taxation
1568 2963 1577 2981 :
1630 2947 1638 2962 ‘
1653 2949 1843 2982 Sublimius

246 2993 404 3025 millones
427 2998 509 3025 ante
532 2995 624 3027 Galli
646 2995 916 3037 appellabantur
930 3009 938 3029 ι
974 2997 1011 3028 in
1079 3000 1133 3028 est
1146 2997 1314 3038 principis
1328 2996 1479 3028 officium
1492 3003 1599 3036 quam
1614 2996 1655 3025 vt
1669 3002 1841 3026 mercena-

246 3046 395 3079 quorum
427 3037 533 3079 galeis
564 3038 669 3080 piscis
701 3039 830 3081 effigies
861 3040 976 3072 inerat
989 3039 1011 3071 ’.
1077 3040 1168 3072 rium
1187 3050 1260 3072 esse
1281 3040 1403 3073 deceat
1417 3039 1425 3052 ’
1447 3038 1532 3080 (LB.
1553 3038 1600 3071 iv.
1625 3046 1686 3079 593
1702 3038 1749 3079 B).
