2012 3370
169 126 290 176 1449]
646 123 804 163 FROM
833 124 1074 165 CHILIAN
1104 116 1288 167 PRAUs
1678 132 1752 169 isi

165 235 282 273 illum
300 235 505 286 coepisset
522 232 724 284 patefieri,
744 233 955 272 Basileam
972 247 1057 273 vna
1074 247 1149 286 ego
1167 239 1209 274 et
1230 236 1263 274 E
1269 236 1573 287 phendorpium
1594 238 1754 289 reliqui.

167 288 407 336 Quinetiam
429 289 682 333 Huttenum,
703 286 835 326 donec
855 287 1044 327 Basileae
1063 288 1158 336 fuit,
1180 290 1403 341 aliquoties
1422 291 1618 339 salutaui‚
1640 294 1754 343 quod

163 343 208 382 id
248 343 373 383 officii
412 343 572 382 homini
611 340 819 388 deberem,
862 343 1031 393 priuato
1071 343 1257 394 quodam
1298 346 1387 384 eius
1427 347 1578 385 merito
1618 347 1754 386 eidem
1775 355 1793 385 8
1799 364 1812 395 5

164 397 400 444 deuinctus,
421 398 493 448 qui
513 409 579 436 me
596 399 778 447 patrono
797 409 903 443 meo,
924 410 950 435 a
968 410 1052 448 quo
1072 397 1291 437 Huttenus
1310 403 1403 439 tum
1422 399 1553 439 fiebat
1571 400 1752 452 plurimi,

164 465 238 502 per
281 452 425 491 literas
471 450 817 496 commendasset,
861 452 1061 502 cuiusque
1108 453 1487 493 commendationis
1533 456 1753 494 sensissem

163 506 363 545 fructum.
419 505 478 544 At
504 504 694 544 nondum
722 517 810 543 3030
838 510 1061 555 aperuerat
1090 506 1321 553 Huttenus,
1351 512 1395 546 et
1421 508 1481 547 illi
1511 522 1754 561 congressus

165 561 260 607 mei,
277 560 373 599 illae
391 560 667 599 salutationes
686 571 803 597 meae
821 572 966 597 omnes
984 559 1095 599 bono
1112 561 1336 600 interuallo
1356 562 1753 613 Expostulationem

162 614 278 653 illam
298 626 556 666 praecessere
577 613 868 651 Huttem'cam.
919 613 1112 652 Breuiter
1133 627 1199 653 me
1220 628 1355 666 neque
1377 616 1596 656 Huttenus
1616 631 1752 669 neque
1771 635 1814 666 90

164 668 487 719 Ephendorpius
506 669 550 706 in
571 667 791 706 consilium
812 667 1009 706 adhibuit
1030 681 1232 719 vnquam.
1284 669 1493 721 Quicquid
1514 671 1678 711 dictum
1699 673 1754 711 ab

162 722 243 762 11113
267 727 344 770 est,
371 721 572 774 quicquid
596 722 812 772 scriptum,
840 722 1043 772 quicquid
1066 721 1229 762 factum
1253 724 1298 763 in
1323 728 1379 770 te,
1405 725 1449 763 id
1474 738 1597 764 omne
1622 728 1752 766 etiam

161 777 363 816 insciente
395 789 473 824 me,
505 775 661 815 nedum
692 775 796 814 nihil
826 775 1097 828 suffragante,
1130 777 1306 824 dictum,
1340 779 1557 829 scriptum,
1589 780 1752 820 factum

162 844 343 882 prorsus

217 885 306 937 Ego
335 898 434 923 vero
462 888 592 923 testes
620 885 749 923 etiam
778 884 931 923 habere
960 884 1132 924 idoneos
1160 898 1346 936 possum,
1377 888 1491 938 quod
1520 901 1596 927 nec
1625 889 1752 928 semel
1770 906 1810 938 95

162 952 237 978 nec
257 952 341 979 vno
358 939 449 978 loco
467 951 566 990 prae
585 952 651 977 me
669 939 851 985 tulerim,
872 952 1001 990 quam
1020 940 1122 978 mihi
1140 953 1226 979 non
1243 940 1524 991 probarentur
1541 943 1752 993 quaedam

160 993 327 1032 illorum
348 994 560 1040 instituta,
585 1006 715 1044 quam
736 993 840 1032 illud
863 995 1122 1045 praesertim,
1148 995 1263 1046 quod
1286 995 1586 1047 Ephendorpio
1609 1001 1751 1036 tecum

160 1052 270 1087 esset
291 1048 523 1094 dissidium,
550 1047 754 1096 (nondum
777 1048 888 1086 enim
911 1047 1007 1087 volo
1030 1048 1159 1088 verbo
1181 1050 1246 1088 vti
1267 1051 1473 1100 grauiore)
1497 1050 1749 1102 displiceret,

161 1106 371 1152 quantum
394 1114 588 1153 cuperem
612 1106 827 1141 maturum
852 1102 963 1141 illius
992 1106 1134 1141 tecum
1161 1104 1206 1142 in
1234 1105 1415 1155 gratiam
1444 1105 1641 1144 reditum.
1700 1106 1752 1145 Id

160 1156 275 1207 quod
302 1157 431 1195 etiam
460 1169 556 1195 cum
585 1156 789 1202 Conrado,
818 1156 929 1195 illius
956 1156 1129 1204 famulo,
1159 1158 1237 1208 egi,
1267 1171 1399 1208 quum
1427 1158 1536 1198 forte
1564 1159 1643 1198 hac
1670 1161 1751 1199 iter
1774 1178 1835 1200 100

159 1210 317 1250 faceret
357 1210 699 1262 Argentoratum.
770 1210 1035 1262 Interrogaui
1075 1212 1227 1263 ecquid
1268 1212 1567 1264 Ephendorpio
1608 1218 1750 1253 tecum

159 1264 298 1304 adhuc
329 1269 438 1304 esset
468 1266 642 1317 negocii,
674 1277 778 1303 num
810 1264 915 1304 belle
946 1266 1056 1304 inter
1087 1279 1163 1305 vos
1195 1268 1451 1306 conueniret.
1513 1268 1751 1320 Respondit

159 1319 506 1370 Ephendorpium
527 1319 705 1370 posthac
727 1320 983 1370 quieturum.
1035 1319 1227 1359 Laudaui
1248 1323 1525 1371 propositum,
1549 1327 1593 1361 et
1615 1323 1751 1362 modis

159 1373 354 1412 omnibus
370 1373 567 1412 hortatus
584 1386 690 1419 sum,
708 1374 752 1412 in
769 1386 818 1411 eo
834 1378 1133 1424 perseueraret,
1153 1380 1322 1413 caueret
1338 1375 1549 1414 demortui
1567 1376 1750 1417 Hutteni

158 1428 315 1478 parteis
328 1431 647 1478 persequeretur
661 1440 757 1466 cum
777 1427 873 1466 odio
894 1427 1139 1475 multorum,
1159 1429 1239 1468 tibi
1259 1442 1388 1479 quam
1405 1431 1588 1480 primum
1607 1444 1749 1470 recon-
1773 1449 1812 1470 10
1817 1449 1831 1481 5

157 1481 287 1520 ciliari
317 1481 618 1521 contenderet:
665 1481 743 1520 hoc
773 1494 862 1520 esse
891 1482 935 1520 in
964 1494 1052 1520 rem
1082 1483 1226 1533 ipsius,
1259 1484 1337 1522 hoc
1367 1497 1456 1523 esse
1486 1485 1600 1535 quod
1630 1485 1749 1524 illum

155 1537 295 1587 ipsum
323 1549 456 1587 quum
483 1535 651 1575 deceret
678 1536 920 1586 plurimum,
950 1540 1044 1575 tum
1073 1538 1218 1587 procul
1246 1537 1376 1577 dubio
1405 1538 1526 1577 bonis
1555 1539 1750 1579 omnibus

156 1590 484 1629 commendaret.
536 1590 668 1629 Fuere
690 1590 814 1629 huius
835 1592 996 1642 generis
1019 1591 1227 1642 colloquia
1249 1605 1343 1631 mea
1364 1596 1408 1631 et
1429 1593 1544 1644 apud
1567 1593 1749 1633 Beatum

157 1643 424 1683 Rhenanum.
480 1643 560 1692 Qui
586 1657 682 1683 cum
708 1657 775 1683 me
800 1645 1098 1684 adhortaretur
1124 1650 1173 1685 vt
1199 1646 1499 1698 Ephendorpio
1525 1648 1748 1687 scriberem

155 1698 339 1737 reditum
364 1699 424 1737 illi
448 1702 590 1737 tecum
615 1700 659 1737 in
684 1700 865 1750 gratiam
891 1700 1084 1747 suadens,
1110 1702 1314 1747 recusaui,
1342 1701 1457 1752 quod
1483 1702 1747 1753 desperarem
1773 1721 1833 1742 110

157 1765 223 1791 me
243 1752 530 1804 profecturum
551 1753 711 1803 aliquid
729 1753 860 1792 literis
881 1755 996 1800 meis,
1017 1758 1147 1805 atque
1168 1759 1363 1805 putarem
1385 1755 1746 1807 Ephendorpium,

157 1806 272 1858 quod
290 1806 461 1853 faceret,
482 1806 526 1846 id
544 1819 630 1845 non
651 1820 756 1855 meo,
779 1808 851 1846 sed
871 1807 1048 1847 aliorum
1069 1808 1135 1847 vel
1155 1810 1297 1859 potius
1321 1822 1396 1848 suo
1419 1811 1550 1861 ipsius
1575 1812 1747 1850 consilio

155 1861 381 1900 facturum.

211 1915 348 1963 Quare
376 1916 479 1954 haec
508 1917 650 1955 omnia
678 1929 810 1967 quum
839 1917 901 1955 ita
929 1929 972 1955 se
1006 1916 1206 1963 habeant,
1235 1917 1445 1969 reliquum
1479 1922 1556 1965 est,
1587 1921 1747 1970 optime

156 1969 343 2017 Erasme,
365 1971 549 2021 primum
569 1972 633 2009 vti
654 1983 750 2009 cum
771 1970 927 2022 Sapido
947 1972 1126 2022 pristina
1144 1972 1188 2010 in
1214 1973 1351 2023 gratia
1379 1985 1638 2023 permaneas„
1663 1987 1747 2013 non
1772 1992 1828 2024 115

155 2024 290 2063 solum
311 2024 418 2071 ideo,
441 2024 556 2076 quod
575 2024 627 2063 de
646 2025 718 2063 illa
738 2025 917 2076 epistola
938 2030 1014 2064 tua
1034 2027 1119 2064 iam
1140 2026 1347 2078 intellegis
1368 2027 1472 2065 nihil
1492 2041 1580 2065 esse
1601 2028 1656 2066 ab
1676 2028 1747 2067 illo

155 2078 315 2117 elatum
335 2091 566 2130 perperam,
589 2079 662 2117 sed
681 2080 811 2118 etiam
832 2079 947 2130 quod
960 2080 1073 2118 idem
1086 2080 1155 2119 ille
1169 2093 1254 2119 non
1269 2081 1438 2120 videtur
1452 2081 1609 2132 alioqui
1624 2082 1675 2121 de
1690 2087 1745 2130 tc,

155 2134 487 2184 quotiescunque
503 2133 555 2172 de
576 2138 618 2172 te
638 2133 786 2172 eodem
807 2135 966 2173 mentio
987 2134 1048 2181 fit,
1066 2136 1145 2173 nisi
1161 2139 1204 2173 et
1220 2136 1373 2174 sentire
1390 2135 1496 2174 bene
1516 2141 1560 2175 et
1581 2137 1745 2176 honori-

154 2187 230 2226 fice
251 2188 390 2239 loqui;
421 2187 572 2227 deinde
593 2192 642 2227 vt
662 2188 856 2239 deposita
876 2190 991 2227 omni
1012 2190 1247 2240 suspicione
1268 2189 1452 2229 lubricae
1473 2204 1570 2242 erga
1590 2195 1633 2230 te
1649 2191 1746 2230 fidei

156 2255 273 2281 meae
283 2242 621 2281 beneuolentiam
633 2243 749 2281 illam
762 2256 860 2294 erga
872 2256 937 2282 me
951 2248 1071 2282 tuam
1084 2245 1279 2291 retineas,
1293 2244 1465 2296 quando
1475 2249 1519 2283 et
1527 2246 1667 2296 ipsum
1679 2259 1745 2284 me
1773 2264 1832 2286 120

154 2296 221 2334 hic
241 2297 372 2335 sentis
389 2297 512 2348 culpa
533 2298 647 2336 omni
668 2310 818 2336 vacare
834 2312 843 2344 ;
872 2302 1087 2349 postremo
1108 2303 1157 2337 vt
1176 2311 1228 2337 ne
1241 2311 1326 2350 quo
1339 2303 1466 2350 pacto
1480 2300 1637 2346 credas,
1651 2300 1745 2339 ideo

154 2350 269 2401 quod
299 2349 497 2390 Germani
526 2352 716 2391 nonnulli
745 2365 833 2391 sese
862 2365 1013 2403 parum
1042 2354 1175 2392 amice
1204 2366 1302 2404 erga
1330 2357 1373 2392 te
1402 2358 1567 2404 gerunt,
1598 2354 1745 2393 eodem

154 2405 295 2443 animo
316 2406 362 2444 in
383 2409 426 2444 te
448 2419 536 2445 esse
559 2405 790 2445 Germanos
813 2408 1042 2446 vniuersos.
1095 2407 1152 2446 Et
1175 2420 1268 2446 mea
1291 2407 1462 2458 quidem
1485 2409 1695 2447 sententia
1717 2410 1745 2446 ii

153 2460 283 2498 etiam
313 2460 385 2511 qui
415 2459 551 2499 odisse
580 2460 792 2507 videntur,
823 2474 1093 2512 nequaquam
1123 2466 1265 2500 totum
1295 2462 1476 2500 oderunt
1507 2462 1743 2508 Erasmum,

153 2525 203 2552 ac
232 2513 377 2552 odium
406 2514 510 2553 illud
540 2515 655 2566 quod
684 2519 875 2566 putatur,
907 2529 929 2554 e
959 2516 1102 2554 studio
1131 2517 1196 2554 tui
1226 2529 1274 2554 ac
1305 2516 1491 2567 quodam
1521 2529 1574 2554 ex
1604 2528 1745 2555 amore
1770 2535 1827 2567 125

154 2567 356 2618 procedit.
376 2581 390 2599 ·-
403 2568 574 2608 Etenim
592 2582 724 2620 quum
742 2570 866 2608 nimis
884 2569 1117 2621 diligerent,
1136 2574 1278 2609 totum
1296 2583 1384 2609 esse
1402 2583 1526 2608 suum
1544 2569 1746 2609 volebant

154 2621 391 2661 Erasmum.

207 2674 429 2715 Caeterum
452 2676 504 2715 de
524 2676 605 2715 illis
627 2677 844 2716 hactenus.
896 2677 963 2716 Me
985 2677 1109 2728 plane
1131 2679 1242 2717 inter
1263 2679 1327 2716 tui
1350 2678 1745 2717 obseruantissimos

152 2728 429 2769 adnumerare
465 2734 509 2769 et
544 2734 665 2782 potes
701 2736 745 2770 et
781 2731 921 2771 debes.
987 2732 1097 2771 Nam
1135 2736 1301 2782 praeter
1337 2731 1506 2783 publica
1543 2732 1745 2772 beneficia

196 2894 250 2934 89.
276 2892 620 2935 Expostulationem]
642 2893 705 2926 See
728 2893 792 2935 Ep.
822 2895 914 2935 1356.
1028 2902 1098 2933 ¹23·
1125 2893 1331 2934 Germanos]
1352 2893 1403 2926 Cf.
1422 2893 1510 2935 Epp.
1542 2896 1634 2933 1388.
1664 2903 1744 2927 2211»

151 2938 272 3021 63r1¹o4
297 2980 489 3021 demortui]
505 2990 532 3012 c.
554 2989 588 3020 31
610 2981 697 3023 Aug.
726 2990 808 3022 1523
825 2994 832 3014 :
861 2991 918 3014 sce
984 2940 1351 3021 14330‹381›emc‘1'1·eficia]in
1364 2980 1540 3014 Erasmus*
1556 2982 1673 3014 books
1693 2983 1743 3016 Cf.

154 3023 217 3066 Ep.
238 3026 318 3065 1388
350 3034 424 3057 12n.
980 3025 1044 3067 Ep.
1067 3033 1160 3065 1279.
1178 3034 1254 3065 2—3.
1276 3035 1324 3057 11.
