2012 3370
127 118 247 167 1354]
375 116 533 156 FROM
561 114 789 154 OLAUDE
819 113 1093 153 MORELET
1123 113 1205 152 Du
1233 112 1469 152 MUSEAU
1640 112 1714 149 271

124 227 389 266 conuenisset
406 239 473 264 me
489 225 663 264 absente
683 236 691 269 ;
726 222 953 261 videbatur
968 223 1079 261 enim
1097 222 1224 261 michi
1240 222 1490 273 preripuisse
1507 221 1718 259 laeticiam
1740 228 1755 261 5

125 293 370 331 congressus
407 279 554 325 nostri,
594 290 704 328 quae
740 277 851 315 inter
890 289 966 315 nos
1005 290 1056 315 ex
1096 280 1318 327 compacto
1358 275 1593 315 communis
1632 287 1720 313 esse

125 334 322 374 debebat.
384 334 580 384 Namque
611 331 793 370 inuicem
827 335 870 369 te
904 331 1037 369 Visere
1070 331 1391 382 pepigeramus:
1441 329 1557 381 quod
1590 329 1720 368 etiam

125 388 264 428 adhuc
285 400 549 438 summopere
571 385 774 431 desidero,
796 398 872 424 nec
895 385 1021 423 michi
1043 389 1167 423 erunt
1189 398 1315 424 aurae
1336 384 1479 423 faciles
1500 396 1721 435 quousque

125 447 168 482 te
194 443 384 489 viderim,
412 446 544 492 vtque
570 440 635 479 tui
664 439 802 485 michi,
830 439 887 477 sic
914 439 991 478 fiat
1019 439 1098 477 tibi
1128 439 1249 490 copia
1277 439 1424 477 nostri.
1478 438 1582 477 Post
1606 450 1719 483 vem,

125 495 471 549 quandoquidem
490 507 563 546 per
581 494 720 533 ocium
739 497 782 532 te
801 493 934 532 visere
953 506 1039 531 non
1057 493 1189 539 licuit,
1210 506 1339 543 quam
1359 493 1543 531 maxime
1562 491 1720 530 deside·
1744 498 1785 521 10

125 552 216 590 raui
242 550 297 589 ad
322 555 364 589 te
389 549 566 589 scribere
586 562 595 595 ;
636 547 709 586 sed
733 547 893 586 veritus
918 560 971 586 ne
995 547 1039 585 id
1064 547 1190 585 michi
1215 547 1447 585 temeritati
1473 550 1721 585 verteretur.

127 605 317 644 continui
337 608 546 656 quantum
567 603 639 641 vix
660 601 805 640 credas
824 601 952 639 fuisse
973 600 1088 639 auidi
1108 602 1250 639 animi.

180 659 369 698 Tandem
385 658 449 697 tui
465 656 668 696 desiderio
686 656 838 701 victus,
855 654 1022 693 differre
1039 668 1125 693 non
1140 656 1261 705 potui
1277 655 1380 706 quin
1396 655 1589 705 protinus
1608 653 1663 692 ad
1681 657 1724 692 te

127 713 363 759 scriberem,
389 716 559 752 coactus
582 710 721 749 famae
744 709 964 760 dispendio
988 709 1193 747 desiderio
1218 722 1310 747 meo
1335 708 1590 747 satisfacere.
1643 707 1724 747 Sed

127 772 273 806 tamen
290 771 462 806 tantum
480 766 601 805 abest
617 764 780 805 factum
798 764 877 802 hoc
896 777 921 802 a
938 763 1187 814 penitentia,
1207 767 1257 801 vt
1274 763 1431 801 nichilli
1450 762 1603 801 ducam
1621 761 1725 812 quid
1747 768 1783 801 Ι5

127 822 306 873 quisque
327 821 539 872 loquatur,
564 832 664 870 prae
687 822 764 857 tua
787 818 986 856 amicitia.
1043 817 1094 856 In
1117 817 1195 856 hac
1219 817 1330 855 enim
1355 817 1481 855 michi
1505 817 1585 855 erit
1608 829 1724 866 prae-

128 875 283 915 sidium
316 874 484 914 abunde
516 886 732 925 magnum,
766 871 973 923 siquidem
1007 872 1041 910 si
1074 885 1140 911 me
1173 872 1252 910 hac
1284 884 1370 910 non
1403 870 1724 922 dedignaberis:

129 929 184 969 ad
205 943 335 981 quam
357 942 454 969 cum
474 940 819 979 vnumquemque
841 927 1025 977 aspirare
1049 925 1230 972 videam,
1255 926 1388 976 magis
1410 925 1572 964 conniti
1594 924 1726 962 debeo

131 988 180 1023 vt
197 985 276 1023 hac
291 996 460 1035 quoque
476 982 627 1034 dignus
645 982 737 1029 sim,
752 985 882 1032 atque
900 981 943 1019 in
962 980 1287 1019 contubernium
1305 979 1422 1026 illud,
1437 978 1726 1018 venerandum

129 1043 230 1078 tuae
253 1038 464 1077 amicitiae
488 1036 825 1082 contubernium,
851 1048 946 1074 cum
971 1034 1062 1073 aliis
1085 1034 1304 1073 admittar.
1358 1033 1481 1081 Quod
1504 1037 1727 1084 tantopere
1746 1038 1791 1062 20

130 1091 379 1139 desideraui,
408 1095 458 1130 vt
485 1091 613 1130 michi
640 1103 851 1141 nusquam
879 1102 965 1128 non
992 1093 1237 1139 personaret
1266 1089 1480 1134 Erasmus,
1511 1088 1726 1132 Erasmus,

131 1146 478 1198 exoptatissimus
494 1145 708 1184 Erasmus.
754 1144 812 1183 Et
827 1144 861 1182 si
876 1143 971 1194 quis
987 1143 1153 1182 Erasini
1168 1142 1251 1182 fuit
1267 1142 1494 1188 studiosus,
1512 1142 1637 1180 huius
1653 1154 1729 1192 ego

130 1214 301 1253 quoque
316 1199 531 1239 studiosus
547 1199 609 1238 fui
629 1212 637 1246 ;
671 1211 840 1249 vnoque
856 1198 934 1237 hoc
952 1198 1121 1236 nomine
1138 1197 1264 1236 michi
1282 1197 1397 1235 visus
1413 1209 1507 1235 sum
1524 1208 1729 1247 perquam

132 1255 336 1301 eruditus,
377 1254 493 1305 quod
533 1253 658 1292 michi
698 1252 912 1304 placerent
952 1256 1028 1290 tua
1067 1252 1237 1302 scripta,
1278 1251 1394 1303 quod
1433 1255 1476 1289 te
1514 1249 1730 1301 impendio

135 1322 334 1349 amarem.
386 1309 444 1347 Et
460 1307 535 1347 fiet
551 1308 595 1346 in
616 1311 833 1358 posterum
857 1310 906 1344 vt
923 1310 966 1344 te
988 1319 1152 1356 semper
1174 1319 1326 1352 amem,
1347 1309 1554 1356 tuumque
1576 1317 1730 1343 nomen
1749 1310 1787 1343 25

134 1365 220 1403 iam
261 1363 364 1402 satis
406 1365 557 1413 tuapte
599 1360 793 1400 doctrina
834 1360 1180 1399 commendatum
1223 1359 1464 1410 vbicunque
1505 1358 1730 1410 predicem.

138 1416 386 1463 collaudem,
411 1415 595 1455 efferam.

189 1471 303 1510 Bene
327 1471 420 1509 vale
443 1470 624 1509 Diuione
644 1469 700 1508 ad
720 1468 900 1507 multam
920 1472 1102 1507 noctem.

463 1524 579 1563 Tuus
601 1523 800 1563 Claudius
821 1522 1038 1569 Marletus,
1062 1522 1291 1574 discipulus
1314 1522 1731 1573 obsequentissimus.

189 1579 405 1619 Desiderio
428 1579 604 1618 Erasmo
628 1577 930 1624 Roterodamo,
954 1577 1126 1616 domino
1149 1576 1404 1624 venerando,
1427 1576 1631 1616 Basileae.
1754 1579 1795 1612 30

464 1692 666 1734 1³4⁷l355.
731 1692 871 1735 FROM
902 1692 1124 1734 JODOCUS
1158 1691 1422 1734 GAVERIUS.

184 1767 332 1811 Leipzig
346 1766 420 1801 MS.
1447 1765 1626 1802 Louvain.

185 1824 260 1859 EE.
279 1833 310 1869 5.
1379 1834 1422 1867 27
1439 1823 1566 1857 March
1584 1821 1687 1867 1523.

519 1877 587 1917 [An
606 1876 751 1919 original
769 1877 882 1916 letter,
902 1877 1097 1918 autograph
1117 1876 1360 1919 throughout]

190 1940 231 1980 S.
293 1939 474 1978 Vnicum
505 1938 724 1976 literarum
757 1937 884 1977 decus
917 1941 1047 1989 atque
1079 1938 1216 1977 omnis
1248 1937 1496 1977 eruditionis
1528 1938 1735 1989 princeps.

136 1994 261 2034 Neuii
276 2006 401 2039 morS,
417 2005 503 2044 qua
517 1992 621 2031 nihil
636 1992 739 2031 mihi
752 1992 999 2039 luctuosius,
1015 1992 1119 2031 nihil
1134 1993 1297 2031 tristius
1312 1992 1536 2044 grauiusue
1551 1991 1738 2031 accidere

136 2049 293 2100 potuit,
313 2047 516 2086 admonet
533 2060 599 2085 me
616 2046 802 2097 quidem,
821 2047 895 2098 qui
913 2047 1066 2086 abhinc
1084 2047 1215 2086 ferme
1233 2050 1330 2086 octo
1348 2060 1482 2085 annos
1499 2047 1624 2085 simili
1642 2059 1737 2085 cuni

136 2116 185 2142 eo
214 2101 459 2141 valetudine
486 2100 781 2147 laborauerim,
811 2114 863 2140 ne
891 2101 995 2152 quid
1023 2114 1160 2152 agam,
1189 2114 1242 2140 ne
1269 2101 1373 2152 quid
1401 2102 1596 2152 cogitem,
1626 2100 1739 2139 vnde

142 2156 347 2196 altissimo
375 2155 559 2194 Domino
587 2156 795 2194 rationem
823 2155 995 2194 reddere
1023 2169 1109 2194 non
1136 2156 1215 2194 sim
1243 2169 1342 2194 mox
1371 2160 1559 2207 paratus.
1618 2154 1775 2202 Quods

140 2223 239 2250 vero
260 2209 315 2249 ad
335 2223 399 2249 res
419 2213 517 2248 tuas
537 2210 707 2256 attinet,
726 2214 848 2249 vetus
865 2210 1053 2249 amicitia
1072 2210 1318 2261 expostulat
1338 2210 1490 2249 necubi
1509 2210 1595 2248 tuis
1615 2209 1740 2248 rebus

139 2263 457 2315 commodisque
482 2263 615 2302 desim
636 2277 644 2310 ;
686 2277 817 2315 quare
842 2264 922 2303 tibi
948 2265 1313 2315 persuasissimum
1339 2264 1496 2303 habeas
1523 2263 1626 2302 mihi
1651 2263 1740 2302 fore

140 2319 426 2371 gratissimum
450 2318 484 2356 si
507 2318 679 2369 quando
702 2318 782 2357 tibi
805 2318 1071 2369 gratificandi
1094 2319 1257 2358 occasio
1282 2319 1479 2357 arriserit.
1532 2318 1661 2357 Porro
1686 2318 1740 2356 ad

139 2387 190 2413 ea
209 2386 291 2425 que
311 2373 443 2411 literis
462 2373 548 2411 tuis
569 2372 772 2424 postulas,
795 2386 966 2424 operam
987 2387 1080 2412 sum
1101 2377 1336 2412 nauaturus
1357 2386 1432 2424 pro
1454 2386 1548 2412 mea
1568 2372 1737 2423 quidem

140 2428 263 2474 virili,
291 2440 344 2466 ne
371 2427 471 2465 boni
498 2427 577 2465 viri
604 2426 801 2473 officium,
830 2441 882 2466 ne
909 2428 1047 2473 amici,
1076 2427 1312 2466 desiderare
1340 2427 1495 2466 valeas.
1546 2426 1628 2465 Sed
1655 2439 1741 2464 non
1763 2436 1803 2459 10

143 2486 238 2521 tota
265 2495 330 2520 res
350 2495 402 2520 ex
423 2494 490 2520 me
519 2481 690 2532 pendet,
713 2482 780 2520 oui
809 2486 853 2520 et
873 2481 943 2520 alii
964 2482 1184 2521 coniuncti
1222 2485 1336 2527 sunt,
1379 2481 1569 2519 medicus
1609 2485 1739 2530 atque

144 2535 346 2576 officialis
368 2535 598 2585 Brugensis
618 2539 749 2586 atque
780 2536 852 2574 alii
873 2540 1013 2586 preter
1032 2536 1205 2575 heredes
1226 2549 1234 2582 ;
1266 2549 1372 2586 quos
1388 2548 1514 2586 penes
1535 2538 1599 2573 est
1620 2534 1741 2572 nobis

142 2622 149 2636 ‘
167 2623 326 2655 [ussellus
340 2623 471 2654 noster’
487 2622 570 2663 (Ep.
590 2624 707 2663 1760):
724 2622 789 2654 but
804 2623 820 2653 I
834 2623 907 2654 find
976 2623 1093 2654 in-law
1105 2623 1417 2664 ofJohnSucquot:
1438 2632 1493 2652 see
1503 2622 1567 2662 Ep.
1581 2631 1637 2661 135
1649 2631 1673 2652 1.
1686 2632 1702 2663 3
1713 2632 1737 2653 1.

142 2678 187 2699 no
211 2667 312 2698 other
334 2669 429 2697 traco
450 2665 485 2696 of
502 2666 562 2696 the
579 2675 691 2697 name.
733 2666 763 2697 A
781 2666 907 2705 Huguc
1025 2678 1072 2699 12.
1101 2667 1263 2697 Officialis
1282 2665 1480 2705 Brugensis]
1496 2665 1513 2695 Ι
1530 2675 1585 2696 am
1606 2664 1741 2705 obliged

143 2711 276 2748 Jussez,
298 2708 305 2722 ‘
318 2709 460 2740 licencie
479 2718 514 2739 es
531 2708 596 2739 lois
613 2712 649 2739 et
667 2708 747 2739 cure
765 2709 807 2740 de
827 2710 907 2740 Por-
977 2713 1014 2740 to
1030 2710 1205 2741 Monsieur
1220 2710 1246 2740 Ῐ.
1265 2709 1444 2741 lVariehcz
1460 2708 1495 2740 of
1509 2708 1673 2748 Tourmy
1689 2708 1741 2739 for

146 2758 292 2794 rentruy
307 2754 315 2766 ‘
334 2754 369 2793 (†
382 2762 422 2788 20
440 2752 560 2783 March
581 2753 678 2792 1538)
699 2752 728 2783 is
745 2752 855 2783 found
872 2753 905 2783 in
978 2753 1036 2783 the
1062 2754 1261 2791 suggestion
1287 2753 1367 2783 that
1391 2753 1462 2783 this
1486 2762 1568 2793 may
1594 2752 1635 2782 bc
1663 2751 1739 2783 Ral-

144 2798 204 2829 the
237 2797 340 2828 Liber
370 2797 466 2827 vitae
498 2795 534 2826 of
565 2795 624 2826 the
657 2795 910 2837 confraternity
978 2797 1101 2827 thnznr
1138 2797 1180 2827 dc
1211 2796 1336 2827 s'ordcs
1375 2797 1409 2835 (†
1425 2798 1533 2836 1530),
1565 2795 1642 2827 who
1671 2806 1741 2826 was

146 2842 181 2873 of
219 2840 269 2872 St.
308 2839 455 2871 Michael
492 2842 531 2870 at
568 2839 804 2880 Porrentruy;
854 2850 909 2870 see
980 2840 1140 2880 (Qfficialz's
1164 2839 1199 2870 of
1222 2840 1386 2880 Toumay
1409 2843 1447 2871 at
1471 2840 1541 2870 this
1563 2840 1648 2870 time
1672 2839 1741 2870 and

146 2885 184 2917 L.
212 2885 379 2925 Vautrey,
406 2884 496 2915 Jura
518 2882 660 2914 Bomoi-s·
685 2883 722 2921 ii,
750 2884 845 2921 1868,
875 2894 908 2924 p.
980 2883 1128 2924 perhaps
1147 2883 1220 2915 also
1240 2883 1275 2915 of
1297 2884 1436 2924 Bruges
1479 2883 1521 2914 In
1542 2883 1600 2914 the
1621 2882 1688 2914 will
1708 2883 1743 2914 of

148 2930 222 2961 261.
980 2927 1056 2959 Jac.
1074 2927 1110 2958 of
1126 2927 1243 2958 Thielt
1265 2927 1346 2968 (Ep.
1375 2936 1470 2966 1004.
1486 2929 1555 2967 46n
1579 2926 1647 2958 and
1672 2926 1740 2957 vol.

194 2972 288 3005 1354.
313 2983 344 3011 9.
369 2970 470 3012 copia
483 2968 609 3008 nostri]
622 2969 673 3001 Cf.
691 2969 750 3002 Sil.
765 2979 794 3001 2.
812 2979 863 3010 30.
980 2972 1027 3008 iv,
1046 2981 1078 3012 p.
1098 2973 1195 3011 xxx).
1212 2971 1320 3003 dated
1342 2980 1384 3010 24
1403 2971 1492 3003 Nov.
1516 2980 1610 3011 1541,
1627 2970 1740 3002 Adam

197 3015 289 3048 1355.
319 3026 365 3048 11.
394 3013 562 3051 medicus]
581 3013 733 3054 Perhaps
750 3013 809 3044 the
833 3024 909 3045 son-
980 3014 1022 3045 de
1048 3014 1169 3046 Ballou
1192 3015 1219 3045 is
1244 3014 1444 3046 meniioned
1469 3025 1506 3045 as
1524 3014 1684 3056 Officialis
1709 3013 1743 3044 of
