2012 3370
223 471 238 503 S

203 743 240 765 10

203 1831 245 1863 30

206 2104 244 2135 35

258 185 337 223 486
733 181 987 220 LETTERS
1019 181 1091 220 OF
1121 181 1384 222 ERASMUS
1737 183 1860 231 [1524

258 293 536 337 suauissime3
586 290 880 330 desiderabam
916 291 1027 329 enim
1064 290 1335 329 vehementer
1369 290 1421 328 de
1456 294 1498 328 t<
1533 289 1703 340 tuisque
1737 289 1862 328 rebus

259 346 431 398 (quibus
451 359 504 385 ex
524 346 667 384 animo
688 345 794 384 bene
815 345 957 397 cupio)
978 344 1171 384 nonnihil
1191 345 1295 384 certi
1315 356 1576 396 cognoscere.
1627 343 1865 383 Gratularis

259 400 362 440 mihi
384 400 609 451 liberisque
634 400 737 438 meis
760 400 1006 439 Ceratinum
1028 403 1360 451 praeceptorem,
1385 398 1437 437 de
1461 411 1547 449 quo
1570 402 1614 437 et
1636 410 1714 449 ego
1737 410 1865 449 supra

260 454 433 494 modum
466 453 659 505 gaudeo;
709 454 900 505 experior
933 454 1045 493 enim
1077 466 1154 504 ego
1185 452 1304 492 illum
1337 452 1467 491 talem
1500 451 1670 503 qualem
1703 451 1863 497 scribis,

259 509 474 548 hominem
509 485 753 554 candidum,
789 508 951 559 egregie
986 507 1159 547 doctum
1195 512 1239 546 et
1273 508 1373 546 boni
1408 507 1694 558 praeceptoris
1728 506 1865 546 officio

258 562 507 614 fungentem
529 562 673 614 probe.
725 562 971 601 Admodum
994 575 1094 601 vero
1118 562 1221 601 mihi
1244 562 1470 600 molestum
1493 566 1559 599 est
1580 560 1696 611 quod
1718 561 1865 611 pensio

259 622 336 655 tua
368 617 560 656 nondum
595 616 878 656 adnumerata
911 617 967 656 sit
1000 617 1093 656 tibi.
1157 616 1332 655 Vtinam
1367 616 1524 667 possim
1559 615 1615 653 ad
1649 628 1742 653 eam
1776 627 1864 653 rem

259 671 338 710 tibi
361 671 609 710 adiumento
632 684 720 710 esse
741 671 748 709 !
802 671 866 710 Ea
887 675 1033 710 tamen
1056 684 1150 722 spes
1173 675 1238 709 est
1259 671 1311 708 de
1334 670 1386 708 D.
1411 674 1609 721 questore
1633 668 1835 707 Ruffaldo
1856 682 1864 714 ;

259 738 386 777 quem
411 725 491 764 tibi
516 726 637 764 vnice
662 725 880 765 fauentem
906 726 1004 772 scio,
1031 730 1094 771 vt,
1120 726 1155 764 si
1179 725 1331 776 quouis
1356 724 1484 762 inodo
1508 723 1634 762 liceat
1658 736 1732 774 per
1757 723 1866 762 hanc

259 779 454 818 bellicam
477 780 628 819 aerarii
650 780 967 832 expilationem,
992 781 1048 818 sit
1071 779 1150 818 tibi
1173 779 1518 827 lubentiss<i1ne>
1543 790 1703 817 morem
1727 782 1865 829 gestu-

257 846 342 873 rus.
400 834 576 873 Vtinam
602 835 687 873 ista
715 839 792 873 tua
819 847 845 873 a
873 834 1106 873 Galliarum
1135 833 1250 885 Rege
1278 834 1451 872 vocacio
1480 834 1535 871 sit
1562 832 1642 871 tibi
1671 836 1796 871 tanto
1823 836 1868 870 et

258 888 408 928 honori
424 893 468 928 et
483 888 720 935 commodo,
738 893 950 940 quantum
966 888 1035 928 vel
1050 893 1099 927 tu
1115 887 1221 926 bene
1238 888 1414 926 meritus
1429 899 1473 926 es
1489 886 1556 925 vel
1572 899 1648 938 ego
1665 886 1867 937 adoptem

258 942 366 982 tibi!
402 943 601 983 Summae
619 920 722 982 mihi
739 943 954 994 voluptati
972 947 1037 981 est
1053 942 1169 993 quod
1186 942 1358 980 audiam
1375 945 1547 980 tantum
1566 941 1726 992 Regem
1742 945 1868 979 tanto

260 1002 434 1049 sumptu
475 998 733 1046 cariss<imi>
773 998 919 1037 fratris
961 998 1043 1035 mei
1083 998 1177 1048 piae
1217 996 1522 1034 recordationis
1563 995 1782 1034 consilium
1824 998 1869 1033 et

258 1052 508 1091 institutum
549 1053 833 1090 imitaturum.
905 1052 1029 1099 Quod
1070 1053 1105 1090 si
1147 1051 1381 1101 contingat,
1425 1050 1550 1088 video
1591 1055 1635 1088 et
1675 1048 1868 1088 nonnihil

260 1106 476 1158 amplioris
503 1106 658 1158 gloriae
686 1107 730 1144 in
756 1106 934 1145 fratiem
957 1118 1009 1144 ex
1033 1105 1113 1144 hac
1136 1105 1251 1156 regia
1273 1105 1517 1143 imitacione
1541 1117 1797 1149 recasurum,
1824 1107 1869 1142 et

259 1160 338 1200 hoc
362 1165 557 1199 nostrum
580 1160 792 1212 Trilingue
817 1160 1049 1211 Collegium
1073 1159 1189 1210 apud
1212 1172 1358 1198 omnes
1382 1158 1721 1198 commendatius
1744 1158 1847 1197 fore.

315 1214 439 1263 Quod
454 1219 600 1254 autem
621 1227 743 1266 aegre
762 1214 846 1253 fers
865 1219 1131 1253 senectutem
1151 1218 1273 1252 tuam
1288 1213 1484 1252 incidisse
1499 1214 1544 1252 in
1558 1213 1637 1252 hoc
1653 1212 1868 1251 saeculum

259 1282 347 1321 quo
375 1269 507 1308 factio
539 1269 801 1310 Lutheriana
832 1270 975 1308 omnia
1004 1268 1168 1315 turbat,
1200 1268 1245 1307 id
1275 1273 1319 1307 et
1350 1268 1454 1307 mihi
1483 1280 1569 1307 non
1601 1267 1869 1306 mediocriter

259 1323 389 1364 dolet.
444 1323 527 1364 Sed
551 1328 617 1363 est
640 1329 788 1363 tamen
813 1323 865 1362 de
890 1336 975 1375 quo
1000 1323 1274 1362 vehementer
1299 1322 1521 1374 gaudeam,
1549 1327 1592 1361 ‘ce
1616 1323 1680 1361 ita
1704 1334 1868 1373 semper

261 1378 532 1418 moderatum
557 1391 646 1417 esse
673 1383 752 1417 tua
778 1377 1007 1430 prudentia
1033 1382 1078 1417 et
1104 1378 1248 1416 animo
1275 1382 1319 1415 et
1345 1377 1443 1416 stilo
1470 1381 1521 1415 vt
1547 1378 1591 1415 in
1618 1376 1774 1415 nullius
1801 1375 1869 1415 vel

260 1434 446 1484 graciam
468 1432 536 1471 vel
557 1432 703 1471 odium
725 1445 943 1484 quoquam
965 1432 1020 1471 ab
1042 1432 1225 1471 hominis
1247 1431 1475 1471 Christiani
1496 1436 1541 1470 et
1561 1431 1662 1470 bom‘
1682 1430 1869 1481 theologi

262 1487 398 1526 officio
413 1486 632 1526 deflexeris
648 1500 656 1533 ;
688 1500 822 1538 quum
836 1491 983 1526 tamen
996 1487 1156 1526 inimici
1171 1487 1236 1524 tui
1251 1487 1366 1524 omni
1381 1486 1613 1537 pertinatia
1625 1485 1870 1524 studuerint

203 1560 219 1575 ο
259 1541 320 1580 1111
352 1545 395 1581 te
427 1542 471 1580 in
504 1554 625 1580 suam
658 1540 889 1580 factionem
922 1546 999 1580 aut
1031 1540 1195 1580 allicere
1228 1546 1305 1579 aut
1337 1553 1497 1591 cogere,
1531 1540 1575 1579 hi
1606 1540 1792 1578 inuitum
1825 1543 1870 1577 et-

261 1600 571 1648 repugnantem
585 1597 630 1635 in
643 1596 826 1635 alienam
841 1595 1102 1647 protrudere.
1147 1595 1360 1646 Superest,
1378 1596 1443 1633 vir
1457 1594 1868 1643 constantiss<ime>,

263 1655 312 1689 vt
333 1650 502 1690 fortiter
523 1663 685 1702 pergas,
711 1663 760 1688 ac
782 1650 1035 1695 memineris,
1059 1662 1145 1701 quo
1166 1650 1211 1688 in
1233 1649 1312 1688 hoc
1333 1648 1517 1688 infoelici
1541 1648 1707 1687 saeculo
1730 1649 1870 1687 minus

264 1705 440 1756 praemii
465 1705 687 1755 acceperis,
715 1705 831 1756 quod
855 1717 905 1742 eo
931 1703 1110 1755 amplior
1135 1717 1160 1741 a
1185 1703 1352 1743 Christo
1377 1708 1421 1742 te
1446 1708 1619 1742 maneat
1643 1708 1688 1742 et
1712 1715 1870 1742 merces

265 1764 308 1798 ct
339 1759 472 1811 gloria
500 1759 545 1798 in
574 1758 749 1798 futuro:
798 1759 871 1809 qui
903 1763 1069 1809 praeter
1101 1758 1286 1808 corporis
1315 1757 1656 1797 incolumitatem
1687 1757 1759 1795 det
1792 1756 1869 1795 tibi

268 1814 471 1852 virtutem
495 1818 644 1852 cont-ra
664 1826 811 1852 omnes
832 1813 1024 1851 inimicos
1045 1817 1156 1858 tuos,
1179 1812 1266 1851 imo
1288 1812 1430 1851 hostes
1447 1825 1556 1858 suos,
1575 1816 1619 1850 et
1633 1824 1869 1850 sermonem

264 1868 478 1908 efficacem
500 1866 857 1907 ad'erudiendum
878 1867 1085 1918 populum
1108 1880 1244 1905 suum.

321 1921 544 1961 Bruxellae
571 1923 709 1973 prima
733 1922 801 1961 die
826 1921 925 1961 Iulii
951 1921 1075 1960 Anno
1105 1930 1222 1970 1524.

614 1977 730 2015 Tuus
754 1990 806 2015 ex
831 1977 973 2015 animo
997 1976 1198 2027 Aegidius
1224 1975 1450 2022 Bushdius,
1477 1976 1647 2027 propria
1672 1988 1814 2014 manu.

321 2031 763 2080 Excellentiss<imae>
785 2031 1004 2069 doctrinae
1025 2031 1115 2068 viro
1136 2030 1188 2068 D.
1211 2030 1389 2068 Erasmo
1410 2029 1713 2075 Roterodamo‚
1736 2030 1872 2068 amico

264 2085 656 2136 incomp<arabili>.

722 2243 844 2281 1462.
908 2240 977 2282 To
1009 2240 1204 2281 MARTIN
1237 2239 1403 2282 HUNE.

314 2331 437 2366 Gotha
455 2331 530 2366 MS.
550 2331 667 2366 chart.
688 2332 730 2367 A.
751 2341 829 2376 399,
850 2331 875 2366 f.
895 2341 958 2376 231
982 2335 1036 2366 VO.
1632 2330 1752 2366 Basle.

315 2388 505 2423 Horawitz
519 2389 558 2424 ii.
574 2390 611 2426 6.
1572 2399 1590 2432 3
1611 2389 1701 2434 -July
1723 2398 1822 2433 1524.

314 2469 397 2509 [For
419 2469 479 2502 the
503 2469 720 2511 manuscript
741 2480 797 2502 see
820 2469 885 2510 Ep.
910 2471 973 2507 872
999 2468 1127 2501 introd.
1176 2469 1247 2501 The
1270 2468 1453 2509 year-date
1475 2469 1504 2500 is
1528 2468 1716 2501 confirmed
1740 2467 1787 2509 by
1811 2468 1871 2501 the

270 2513 378 2545 death
394 2513 430 2545 of
446 2512 666 2545 Mosellanus.

313 2556 443 2588 Martin
467 2556 570 2589 Hune
593 2556 630 2588 of
652 2556 807 2589 Gittelde
828 2557 864 2588 in
887 2556 1102 2593 Brunswick,
1126 2555 1237 2588 about
1259 2556 1410 2597 midway
1434 2556 1589 2588 between
1613 2555 1780 2588 Hauover
1801 2555 1872 2587 and

270 2599 403 2637 Erfurt,
421 2610 491 2632 was
508 2610 529 2631 a
544 2600 691 2632 student
708 2604 747 2632 at
763 2600 845 2632 that
862 2599 1066 2641 University
1081 2600 1117 2630 in
1138 2601 1233 2640 1508,
1253 2599 1292 2631 B.
1297 2599 1338 2631 A.
1361 2608 1456 2641 1509,
1474 2599 1519 2630 M.
1524 2600 1564 2631 A.
1588 2600 1682 2640 1518,
1701 2599 1771 2630 and
1789 2598 1869 2630 Pro-

268 2643 377 2675 sessor
402 2643 438 2675 of
464 2643 677 2684 Philosophy
701 2644 738 2675 in
764 2643 823 2676 the
850 2642 1039 2685 Collegium
1066 2643 1188 2674 maius.
1237 2643 1358 2674 About
1391 2652 1471 2684 1522
1505 2643 1546 2674 he
1577 2643 1757 2674 withdrew
1780 2642 1871 2674 from

270 2686 393 2719 Erfurt
413 2687 558 2719 because
578 2654 628 2718 ofp
633 2678 694 2718 the
714 2686 869 2719 troubles
888 2686 924 2719 of
943 2654 1004 2719 {he
1024 2686 1278 2724 Reformatffin,
1301 2687 1363 2718 but
1384 2686 1560 2718 returned.
1604 2686 1647 2718 In
1670 2695 1705 2717 1·
1695 2695 1765 2726 24
1786 2685 1872 2718 with

271 2740 291 2761 0
311 2731 530 2771 companion,
551 2730 593 2762 he
613 2730 696 2771 paid
715 2741 734 2762 0
755 2731 840 2762 visit
858 2734 896 2762 to
916 2730 1082 2762 Erasmus
1101 2734 1139 2762 at
1160 2730 1272 2767 130810,
1295 2730 1435 2772 bearing
1455 2729 1520 2771 Ep.
1546 2738 1626 2770 1425
1614 2751 1640 2767 5,
1662 2730 1732 2761 and
1750 2729 1872 2761 letters

270 2773 361 2805 from
388 2774 554 2806 Eobanus
581 2778 619 2806 to
647 2774 879 2806 Pirckheimer
907 2774 958 2813 (T.
989 2773 1026 2805 F.
1056 2773 1139 2815 Ὲ105
1137 2778 1219 2816 wag,
1248 2773 1423 2814 Epistolae
1450 2774 1597 2811 selectae,
1629 2775 1666 2806 18
1672 2782 1723 2813 31
1752 2783 1784 2814 p.
1814 2782 1832 2803 2
1838 2774 1870 2811 s)

272 2817 342 2848 and
357 2816 478 2849 Zasius
494 2817 574 2856 (ZE.
594 2827 627 2858 p.
647 2820 737 2858 503),
754 2817 862 2850 dated
882 2827 893 2849 1
914 2817 1034 2849 March
1049 2817 1140 2849 from
1156 2816 1301 2854 Erfurt;
1331 2817 1401 2849 and
1416 2817 1516 2849 when
1532 2817 1722 2858 returning,
1740 2815 1872 2847 carried

272 2859 358 2892 with
372 2860 443 2893 him
458 2860 633 2893 Erasmus'
649 2860 754 2893 letter
767 2861 902 2893 which
892 2871 922 2892 is
935 2860 1112 2892 answered
1127 2860 1174 2902 by
1188 2860 1252 2902 Ep.
1273 2862 1366 2901 1448.
1406 2860 1489 2892 This
1501 2860 1606 2892 letter
1619 2860 1689 2892 and
1702 2859 1870 2909 Ep31567

272 2903 367 2935 show
381 2904 462 2936 that
476 2904 524 2946 by
536 2914 614 2936 now
629 2904 671 2936 he
685 2904 755 2937 had
770 2904 911 2937 become
925 2915 946 2937 a
959 2903 1152 2946 physician.
1190 2903 1233 2936 In
1247 2903 1308 2936 the
1321 2908 1471 2937 autumn
1486 2904 1522 2936 of
1538 2912 1618 2945 1525
1636 2903 1678 2935 he
1691 2903 1794 2945 again
1808 2901 1873 2934 left

319 3047 350 3076 4.
377 3037 591 3079 Cei-atinum]
626 3043 687 3074 See
722 3040 811 3081 Epp.
846 3041 920 3072 622.
961 3048 1036 3079 31n,
1152 3047 1180 3076 7.
1208 3037 1340 3079 pensio]
1352 3038 1413 3070 See
1426 3038 1871 3078 Epp.1434..21n‚1333—4.

281 3089 372 3123 1437.
394 3091 491 3123 155n.
1150 3092 1181 3119 9.
1208 3080 1388 3119 Ruffaldo]
1405 3082 1467 3114 See
1484 3081 1547 3121 Ep.
1571 3082 1662 3119 1287.
1686 3090 1760 3120 2911.
