<?xml version="1.0" encoding="UTF-8"?>
<!DOCTYPE html PUBLIC "-//W3C//DTD XHTML 1.0 Transitional//EN"
    "http://www.w3.org/TR/xhtml1/DTD/xhtml1-transitional.dtd">
<html xmlns="http://www.w3.org/1999/xhtml" xml:lang="en" lang="en">
 <head>
  <title>
</title>
<meta http-equiv="Content-Type" content="text/html;charset=utf-8" />
  <meta name='ocr-system' content='tesseract 3.04.00' />
  <meta name='ocr-capabilities' content='ocr_page ocr_carea ocr_par ocr_line ocrx_word'/>
</head>
<body>
  <div class='ocr_page' id='page_1' title='image "./opusepistolarum05eras_0408.png"; bbox 0 0 2012 3370; ppageno 0'>
   <div class='ocr_carea' id='block_1_1' title="bbox 257 133 1856 183">
    <p class='ocr_par' dir='ltr' id='par_1_1' title="bbox 257 133 1856 183">
     <span class='ocr_line' id='line_1_1' title="bbox 257 133 1856 183; baseline -0.002 -9"><span class='ocrx_word' id='word_1_1' title='bbox 257 136 336 174; x_wconf 86' lang='lat'>372</span> <span class='ocrx_word' id='word_1_2' title='bbox 733 134 987 174; x_wconf 77' lang='lat' dir='ltr'><strong>LETTERS</strong></span> <span class='ocrx_word' id='word_1_3' title='bbox 1019 133 1090 173; x_wconf 70' lang='lat' dir='ltr'>or</span> <span class='ocrx_word' id='word_1_4' title='bbox 1121 133 1384 173; x_wconf 77' lang='lat' dir='ltr'>ERASMUs</span> <span class='ocrx_word' id='word_1_5' title='bbox 1734 133 1856 183; x_wconf 84' lang='lat'><strong>[1523</strong></span> 
     </span>
    </p>
   </div>
   <div class='ocr_carea' id='block_1_2' title="bbox 181 243 1874 2741">
    <p class='ocr_par' dir='ltr' id='par_1_2' title="bbox 257 243 1856 406">
     <span class='ocr_line' id='line_1_2' title="bbox 257 243 1856 298; baseline -0.003 -12"><span class='ocrx_word' id='word_1_6' title='bbox 257 246 461 298; x_wconf 88' lang='lat' dir='ltr'>epistolae</span> <span class='ocrx_word' id='word_1_7' title='bbox 478 251 578 285; x_wconf 85' lang='lat' dir='ltr'>tuae</span> <span class='ocrx_word' id='word_1_8' title='bbox 595 244 789 295; x_wconf 77' lang='lat' dir='ltr'>spondes,</span> <span class='ocrx_word' id='word_1_9' title='bbox 810 243 1019 290; x_wconf 84' lang='lat' dir='ltr'>vidclicet‚</span> <span class='ocrx_word' id='word_1_10' title='bbox 1039 244 1072 282; x_wconf 93' lang='lat' dir='ltr'>si</span> <span class='ocrx_word' id='word_1_11' title='bbox 1091 243 1323 294; x_wconf 76' lang='lat' dir='ltr'>prodiderit.</span> <span class='ocrx_word' id='word_1_12' title='bbox 1341 256 1428 282; x_wconf 84' lang='lat' dir='ltr'>sese.</span> <span class='ocrx_word' id='word_1_13' title='bbox 1447 243 1499 281; x_wconf 86' lang='lat' dir='ltr'>de</span> <span class='ocrx_word' id='word_1_14' title='bbox 1516 255 1601 293; x_wconf 90' lang='lat' dir='ltr'>quo</span> <span class='ocrx_word' id='word_1_15' title='bbox 1619 243 1856 294; x_wconf 84' lang='lat' dir='ltr'>suspicaris,</span> 
     </span>
     <span class='ocr_line' id='line_1_3' title="bbox 257 298 1854 352; baseline -0.003 -12"><span class='ocrx_word' id='word_1_16' title='bbox 257 301 373 352; x_wconf 89' lang='lat' dir='ltr'>quod</span> <span class='ocrx_word' id='word_1_17' title='bbox 391 301 545 339; x_wconf 91' lang='lat' dir='ltr'>sentiet</span> <span class='ocrx_word' id='word_1_18' title='bbox 563 312 693 350; x_wconf 89' lang='lat' dir='ltr'>quam</span> <span class='ocrx_word' id='word_1_19' title='bbox 711 311 798 337; x_wconf 93' lang='lat' dir='ltr'>non</span> <span class='ocrx_word' id='word_1_20' title='bbox 815 303 908 337; x_wconf 88' lang='lat' dir='ltr'>toto</span> <span class='ocrx_word' id='word_1_21' title='bbox 937 302 1106 348; x_wconf 93' lang='lat' dir='ltr'>pectore</span> <span class='ocrx_word' id='word_1_22' title='bbox 1133 298 1269 337; x_wconf 90' lang='lat' dir='ltr'>oderis</span> <span class='ocrx_word' id='word_1_23' title='bbox 1288 298 1529 336; x_wconf 87' lang='lat' dir='ltr'>Huttenum</span> <span class='ocrx_word' id='word_1_24' title='bbox 1553 310 1560 336; x_wconf 90' lang='grc'>;</span> <span class='ocrx_word' id='word_1_25' title='bbox 1595 310 1854 348; x_wconf 89' lang='lat' dir='ltr'>quamquam</span> 
     </span>
     <span class='ocr_line' id='line_1_4' title="bbox 257 353 1241 406; baseline -0.004 -11"><span class='ocrx_word' id='word_1_26' title='bbox 257 357 301 395; x_wconf 91' lang='lat' dir='ltr'>in</span> <span class='ocrx_word' id='word_1_27' title='bbox 322 368 448 406; x_wconf 90' lang='lat' dir='ltr'>quem</span> <span class='ocrx_word' id='word_1_28' title='bbox 470 355 572 393; x_wconf 90' lang='lat' dir='ltr'>haec</span> <span class='ocrx_word' id='word_1_29' title='bbox 595 353 711 392; x_wconf 89' lang='lat' dir='ltr'>dicta</span> <span class='ocrx_word' id='word_1_30' title='bbox 731 353 817 392; x_wconf 89' lang='lat' dir='ltr'>sint</span> <span class='ocrx_word' id='word_1_31' title='bbox 838 353 953 391; x_wconf 86' lang='lat' dir='ltr'>haud</span> <span class='ocrx_word' id='word_1_32' title='bbox 974 353 1077 391; x_wconf 90' lang='lat' dir='ltr'>satis</span> <span class='ocrx_word' id='word_1_33' title='bbox 1099 353 1241 392; x_wconf 88' lang='lat' dir='ltr'>sciam.</span> 
     </span>
    </p>

    <p class='ocr_par' dir='ltr' id='par_1_3' title="bbox 181 405 1859 677">
     <span class='ocr_line' id='line_1_5' title="bbox 181 405 1856 460; baseline -0.004 -10"><span class='ocrx_word' id='word_1_34' title='bbox 181 427 238 460; x_wconf 82' lang='lat'>125</span> <span class='ocrx_word' id='word_1_35' title='bbox 314 410 392 448; x_wconf 85' lang='lat' dir='ltr'>Est</span> <span class='ocrx_word' id='word_1_36' title='bbox 425 410 572 459; x_wconf 84' lang='lat' dir='ltr'>itaque</span> <span class='ocrx_word' id='word_1_37' title='bbox 607 407 723 446; x_wconf 90' lang='lat' dir='ltr'>aliud</span> <span class='ocrx_word' id='word_1_38' title='bbox 757 407 872 458; x_wconf 91' lang='lat' dir='ltr'>quod</span> <span class='ocrx_word' id='word_1_39' title='bbox 908 407 1111 446; x_wconf 85' lang='lat' dir='ltr'>mouebat</span> <span class='ocrx_word' id='word_1_40' title='bbox 1145 407 1199 445; x_wconf 86' lang='lat' dir='ltr'>ad</span> <span class='ocrx_word' id='word_1_41' title='bbox 1234 406 1502 446; x_wconf 85' lang='lat' dir='ltr'>scribendum</span> <span class='ocrx_word' id='word_1_42' title='bbox 1537 419 1667 456; x_wconf 90' lang='lat' dir='ltr'>quam</span> <span class='ocrx_word' id='word_1_43' title='bbox 1703 405 1856 456; x_wconf 90' lang='lat' dir='ltr'>gloriae</span> 
     </span>
     <span class='ocr_line' id='line_1_6' title="bbox 259 459 1857 514; baseline -0.003 -12"><span class='ocrx_word' id='word_1_44' title='bbox 259 463 441 514; x_wconf 81' lang='lat' dir='ltr'>cupid03</span> <span class='ocrx_word' id='word_1_45' title='bbox 486 463 564 501; x_wconf 91' lang='lat' dir='ltr'>hoc</span> <span class='ocrx_word' id='word_1_46' title='bbox 592 474 691 500; x_wconf 88' lang='lat' dir='ltr'>vero</span> <span class='ocrx_word' id='word_1_47' title='bbox 719 461 823 513; x_wconf 92' lang='lat' dir='ltr'>quid</span> <span class='ocrx_word' id='word_1_48' title='bbox 850 466 927 508; x_wconf 89' lang='lat' dir='ltr'>est,</span> <span class='ocrx_word' id='word_1_49' title='bbox 956 461 1083 512; x_wconf 88' lang='lat' dir='ltr'>paulo</span> <span class='ocrx_word' id='word_1_50' title='bbox 1111 461 1273 500; x_wconf 88' lang='lat' dir='ltr'>dictum</span> <span class='ocrx_word' id='word_1_51' title='bbox 1301 466 1366 500; x_wconf 85' lang='lat' dir='ltr'>cst</span> <span class='ocrx_word' id='word_1_52' title='bbox 1394 465 1505 499; x_wconf 89' lang='lat' dir='ltr'>ante.</span> <span class='ocrx_word' id='word_1_53' title='bbox 1563 460 1621 498; x_wconf 88' lang='lat' dir='ltr'>Et</span> <span class='ocrx_word' id='word_1_54' title='bbox 1648 459 1754 499; x_wconf 90' lang='lat' dir='ltr'>adeo</span> <span class='ocrx_word' id='word_1_55' title='bbox 1781 472 1857 511; x_wconf 90' lang='lat' dir='ltr'>pro</span> 
     </span>
     <span class='ocr_line' id='line_1_7' title="bbox 258 513 1859 566; baseline -0.002 -10"><span class='ocrx_word' id='word_1_56' title='bbox 258 519 336 556; x_wconf 91' lang='lat' dir='ltr'>hoc</span> <span class='ocrx_word' id='word_1_57' title='bbox 357 517 461 555; x_wconf 91' lang='lat' dir='ltr'>mihi</span> <span class='ocrx_word' id='word_1_58' title='bbox 480 529 566 555; x_wconf 90' lang='lat' dir='ltr'>non</span> <span class='ocrx_word' id='word_1_59' title='bbox 586 517 716 555; x_wconf 88' lang='lat' dir='ltr'>timeo</span> <span class='ocrx_word' id='word_1_60' title='bbox 737 521 799 562; x_wconf 85' lang='lat' dir='ltr'>Vt,</span> <span class='ocrx_word' id='word_1_61' title='bbox 821 517 901 554; x_wconf 90' lang='lat' dir='ltr'>nisi</span> <span class='ocrx_word' id='word_1_62' title='bbox 922 515 1063 566; x_wconf 91' lang='lat' dir='ltr'>palam</span> <span class='ocrx_word' id='word_1_63' title='bbox 1085 515 1352 554; x_wconf 90' lang='lat' dir='ltr'>damnaueris</span> <span class='ocrx_word' id='word_1_64' title='bbox 1373 514 1584 566; x_wconf 81' lang='lat' dir='ltr'>quaedam</span> <span class='ocrx_word' id='word_1_65' title='bbox 1605 513 1859 565; x_wconf 88' lang='lat' dir='ltr'>desierisque</span> 
     </span>
     <span class='ocr_line' id='line_1_8' title="bbox 258 567 1859 623; baseline -0.002 -13"><span class='ocrx_word' id='word_1_66' title='bbox 258 572 530 623; x_wconf 75' lang='lat' dir='ltr'>pertinaciter</span> <span class='ocrx_word' id='word_1_67' title='bbox 554 570 757 617; x_wconf 88' lang='lat' dir='ltr'>adserere,</span> <span class='ocrx_word' id='word_1_68' title='bbox 783 574 859 609; x_wconf 87' lang='lat' dir='ltr'>aut</span> <span class='ocrx_word' id='word_1_69' title='bbox 882 570 937 609; x_wconf 89' lang='lat' dir='ltr'>ad</span> <span class='ocrx_word' id='word_1_70' title='bbox 959 570 1219 621; x_wconf 73' lang='lat' dir='ltr'>palinodiam</span> <span class='ocrx_word' id='word_1_71' title='bbox 1243 570 1410 621; x_wconf 83' lang='lat' dir='ltr'>adigam</span> <span class='ocrx_word' id='word_1_72' title='bbox 1434 574 1491 615; x_wconf 87' lang='lat' dir='ltr'>te,</span> <span class='ocrx_word' id='word_1_73' title='bbox 1517 573 1593 607; x_wconf 89' lang='lat' dir='ltr'>aut</span> <span class='ocrx_word' id='word_1_74' title='bbox 1614 568 1722 607; x_wconf 84' lang='lat' dir='ltr'>feres</span> <span class='ocrx_word' id='word_1_75' title='bbox 1744 567 1859 619; x_wconf 89' lang='lat' dir='ltr'>quod</span> 
     </span>
     <span class='ocr_line' id='line_1_9' title="bbox 257 623 1859 677; baseline -0.001 -13"><span class='ocrx_word' id='word_1_76' title='bbox 257 626 490 677; x_wconf 89' lang='lat' dir='ltr'>impietatis</span> <span class='ocrx_word' id='word_1_77' title='bbox 506 630 549 664; x_wconf 92' lang='lat' dir='ltr'>te</span> <span class='ocrx_word' id='word_1_78' title='bbox 564 625 706 676; x_wconf 91' lang='lat' dir='ltr'>palam</span> <span class='ocrx_word' id='word_1_79' title='bbox 723 626 986 663; x_wconf 90' lang='lat' dir='ltr'>conuincam.</span> <span class='ocrx_word' id='word_1_80' title='bbox 1031 625 1089 664; x_wconf 91' lang='lat' dir='ltr'>Et</span> <span class='ocrx_word' id='word_1_81' title='bbox 1103 624 1258 663; x_wconf 80' lang='lat' dir='ltr'>falleris</span> <span class='ocrx_word' id='word_1_82' title='bbox 1273 624 1444 675; x_wconf 88' lang='lat' dir='ltr'>quidem</span> <span class='ocrx_word' id='word_1_83' title='bbox 1461 636 1590 674; x_wconf 92' lang='lat' dir='ltr'>quam</span> <span class='ocrx_word' id='word_1_84' title='bbox 1605 623 1859 674; x_wconf 77' lang='lat' dir='ltr'>longissime,</span> 
     </span>
    </p>

    <p class='ocr_par' dir='ltr' id='par_1_4' title="bbox 181 677 1863 948">
     <span class='ocr_line' id='line_1_10' title="bbox 181 677 1860 731; baseline -0.003 -11"><span class='ocrx_word' id='word_1_85' title='bbox 181 699 242 731; x_wconf 87' lang='lat'>130</span> <span class='ocrx_word' id='word_1_86' title='bbox 259 681 293 719; x_wconf 89' lang='lat' dir='ltr'>si</span> <span class='ocrx_word' id='word_1_87' title='bbox 322 680 520 719; x_wconf 88' lang='lat' dir='ltr'>Laeicum</span> <span class='ocrx_word' id='word_1_88' title='bbox 550 679 618 718; x_wconf 82' lang='lat' dir='ltr'>vel</span> <span class='ocrx_word' id='word_1_89' title='bbox 647 680 927 719; x_wconf 78' lang='lat' dir='ltr'>Stunicanum</span> <span class='ocrx_word' id='word_1_90' title='bbox 957 679 1035 718; x_wconf 91' lang='lat' dir='ltr'>hoc</span> <span class='ocrx_word' id='word_1_91' title='bbox 1065 680 1284 730; x_wconf 72' lang='lat' dir='ltr'>negocium</span> <span class='ocrx_word' id='word_1_92' title='bbox 1316 683 1455 729; x_wconf 50' lang='lat' dir='ltr'>putas</span> <span class='ocrx_word' id='word_1_93' title='bbox 1487 677 1554 716; x_wconf 84' lang='lat' dir='ltr'>vel</span> <span class='ocrx_word' id='word_1_94' title='bbox 1582 677 1702 728; x_wconf 81' lang='lat' dir='ltr'>fungi</span> <span class='ocrx_word' id='word_1_95' title='bbox 1730 678 1860 715; x_wconf 90' lang='lat' dir='ltr'>simus</span> 
     </span>
     <span class='ocr_line' id='line_1_11' title="bbox 260 730 1860 785; baseline -0.003 -11"><span class='ocrx_word' id='word_1_96' title='bbox 260 734 481 775; x_wconf 86' lang='lat' dir='ltr'>Stunicani</span> <span class='ocrx_word' id='word_1_97' title='bbox 507 739 583 773; x_wconf 91' lang='lat' dir='ltr'>aut</span> <span class='ocrx_word' id='word_1_98' title='bbox 607 734 787 785; x_wconf 74' lang='lat' dir='ltr'>stipites.</span> <span class='ocrx_word' id='word_1_99' title='bbox 842 733 957 772; x_wconf 87' lang='lat' dir='ltr'>Nihil</span> <span class='ocrx_word' id='word_1_100' title='bbox 984 735 1122 772; x_wconf 90' lang='lat' dir='ltr'>minus</span> <span class='ocrx_word' id='word_1_101' title='bbox 1147 733 1329 772; x_wconf 86' lang='lat' dir='ltr'>feremus</span> <span class='ocrx_word' id='word_1_102' title='bbox 1355 733 1407 771; x_wconf 89' lang='lat' dir='ltr'>de</span> <span class='ocrx_word' id='word_1_103' title='bbox 1432 737 1474 771; x_wconf 87' lang='lat' dir='ltr'>te</span> <span class='ocrx_word' id='word_1_104' title='bbox 1500 744 1630 783; x_wconf 88' lang='lat' dir='ltr'>quam</span> <span class='ocrx_word' id='word_1_105' title='bbox 1655 735 1706 770; x_wconf 83' lang='lat' dir='ltr'>vt</span> <span class='ocrx_word' id='word_1_106' title='bbox 1730 730 1860 782; x_wconf 87' lang='lat' dir='ltr'>paleis</span> 
     </span>
     <span class='ocr_line' id='line_1_12' title="bbox 260 786 1858 839; baseline -0.003 -11"><span class='ocrx_word' id='word_1_107' title='bbox 260 794 432 828; x_wconf 89' lang='lat' dir='ltr'>tantum</span> <span class='ocrx_word' id='word_1_108' title='bbox 461 789 688 828; x_wconf 76' lang='lat' dir='ltr'>verborum</span> <span class='ocrx_word' id='word_1_109' title='bbox 717 789 905 827; x_wconf 87' lang='lat' dir='ltr'>sinamus</span> <span class='ocrx_word' id='word_1_110' title='bbox 933 789 1094 839; x_wconf 86' lang='lat' dir='ltr'>imponi</span> <span class='ocrx_word' id='word_1_111' title='bbox 1122 788 1256 826; x_wconf 89' lang='lat' dir='ltr'>nobis.</span> <span class='ocrx_word' id='word_1_112' title='bbox 1316 788 1370 825; x_wconf 88' lang='lat' dir='ltr'>Et</span> <span class='ocrx_word' id='word_1_113' title='bbox 1401 791 1619 837; x_wconf 80' lang='lat' dir='ltr'>vtcunque</span> <span class='ocrx_word' id='word_1_114' title='bbox 1647 786 1702 824; x_wconf 89' lang='lat' dir='ltr'>sis</span> <span class='ocrx_word' id='word_1_115' title='bbox 1730 786 1858 825; x_wconf 89' lang='lat' dir='ltr'>etiam</span> 
     </span>
     <span class='ocr_line' id='line_1_13' title="bbox 261 841 1861 894; baseline -0.003 -11"><span class='ocrx_word' id='word_1_116' title='bbox 261 844 530 883; x_wconf 87' lang='lat' dir='ltr'>acutissimus</span> <span class='ocrx_word' id='word_1_117' title='bbox 554 843 809 894; x_wconf 84' lang='lat' dir='ltr'>disputator,</span> <span class='ocrx_word' id='word_1_118' title='bbox 835 843 915 881; x_wconf 91' lang='lat' dir='ltr'>nisi</span> <span class='ocrx_word' id='word_1_119' title='bbox 940 842 1017 880; x_wconf 85' lang='lat' dir='ltr'>hoc</span> <span class='ocrx_word' id='word_1_120' title='bbox 1043 842 1181 892; x_wconf 85' lang='lat' dir='ltr'>gladio</span> <span class='ocrx_word' id='word_1_121' title='bbox 1207 842 1381 892; x_wconf 87' lang='lat' dir='ltr'>ancipiti</span> <span class='ocrx_word' id='word_1_122' title='bbox 1406 841 1674 892; x_wconf 83' lang='lat' dir='ltr'>pugnaueris,</span> <span class='ocrx_word' id='word_1_123' title='bbox 1700 841 1774 891; x_wconf 91' lang='lat' dir='ltr'>qui</span> <span class='ocrx_word' id='word_1_124' title='bbox 1798 845 1861 879; x_wconf 88' lang='lat' dir='ltr'>est</span> 
     </span>
     <span class='ocr_line' id='line_1_14' title="bbox 261 894 1863 948; baseline -0.002 -11"><span class='ocrx_word' id='word_1_125' title='bbox 261 898 439 938; x_wconf 89' lang='lat' dir='ltr'>verbum</span> <span class='ocrx_word' id='word_1_126' title='bbox 478 898 570 944; x_wconf 90' lang='lat' dir='ltr'>Dei,</span> <span class='ocrx_word' id='word_1_127' title='bbox 611 898 722 937; x_wconf 92' lang='lat' dir='ltr'>hunc</span> <span class='ocrx_word' id='word_1_128' title='bbox 762 897 1009 948; x_wconf 87' lang='lat' dir='ltr'>plumbeum</span> <span class='ocrx_word' id='word_1_129' title='bbox 1049 896 1314 947; x_wconf 83' lang='lat' dir='ltr'>eloquentiae</span> <span class='ocrx_word' id='word_1_130' title='bbox 1353 901 1454 935; x_wconf 90' lang='lat' dir='ltr'>tuae</span> <span class='ocrx_word' id='word_1_131' title='bbox 1492 896 1719 947; x_wconf 83' lang='lat' dir='ltr'>pugionem</span> <span class='ocrx_word' id='word_1_132' title='bbox 1759 894 1863 933; x_wconf 91' lang='lat' dir='ltr'>nihil</span> 
     </span>
    </p>

    <p class='ocr_par' dir='ltr' id='par_1_5' title="bbox 183 948 1864 1221">
     <span class='ocr_line' id='line_1_15' title="bbox 183 948 1862 1004; baseline -0.004 -11"><span class='ocrx_word' id='word_1_133' title='bbox 183 972 241 1004; x_wconf 82' lang='lat'>135</span> <span class='ocrx_word' id='word_1_134' title='bbox 262 953 504 992; x_wconf 90' lang='lat' dir='ltr'>metuimus.</span> <span class='ocrx_word' id='word_1_135' title='bbox 569 952 718 1003; x_wconf 83' lang='lat' dir='ltr'>Neque</span> <span class='ocrx_word' id='word_1_136' title='bbox 754 951 890 989; x_wconf 91' lang='lat' dir='ltr'>multa</span> <span class='ocrx_word' id='word_1_137' title='bbox 926 951 1047 989; x_wconf 90' lang='lat' dir='ltr'>nobis</span> <span class='ocrx_word' id='word_1_138' title='bbox 1083 950 1138 989; x_wconf 85' lang='lat' dir='ltr'>ad</span> <span class='ocrx_word' id='word_1_139' title='bbox 1174 951 1251 989; x_wconf 85' lang='lat' dir='ltr'>hoc</span> <span class='ocrx_word' id='word_1_140' title='bbox 1289 951 1517 989; x_wconf 78' lang='lat' dir='ltr'>acrimonia</span> <span class='ocrx_word' id='word_1_141' title='bbox 1554 962 1661 1000; x_wconf 92' lang='lat' dir='ltr'>opus</span> <span class='ocrx_word' id='word_1_142' title='bbox 1696 952 1761 988; x_wconf 87' lang='lat' dir='ltr'>est</span> <span class='ocrx_word' id='word_1_143' title='bbox 1796 948 1862 987; x_wconf 76' lang='lat' dir='ltr'>vel</span> 
     </span>
     <span class='ocr_line' id='line_1_16' title="bbox 263 1005 1861 1059; baseline -0.003 -13"><span class='ocrx_word' id='word_1_144' title='bbox 263 1007 495 1059; x_wconf 88' lang='lat' dir='ltr'>magnificis</span> <span class='ocrx_word' id='word_1_145' title='bbox 533 1006 762 1051; x_wconf 81' lang='lat' dir='ltr'>lenociniis,</span> <span class='ocrx_word' id='word_1_146' title='bbox 802 1005 983 1056; x_wconf 81' lang='lat' dir='ltr'>gratiam</span> <span class='ocrx_word' id='word_1_147' title='bbox 1022 1009 1072 1043; x_wconf 91' lang='lat' dir='ltr'>vt</span> <span class='ocrx_word' id='word_1_148' title='bbox 1109 1005 1230 1043; x_wconf 88' lang='lat' dir='ltr'>nobis</span> <span class='ocrx_word' id='word_1_149' title='bbox 1269 1005 1384 1055; x_wconf 88' lang='lat' dir='ltr'>apud</span> <span class='ocrx_word' id='word_1_150' title='bbox 1421 1005 1598 1043; x_wconf 87' lang='lat' dir='ltr'>lectores</span> <span class='ocrx_word' id='word_1_151' title='bbox 1635 1016 1861 1055; x_wconf 87' lang='lat' dir='ltr'>paremus;</span> 
     </span>
     <span class='ocr_line' id='line_1_17' title="bbox 261 1057 1864 1111; baseline -0.002 -11"><span class='ocrx_word' id='word_1_152' title='bbox 261 1066 433 1100; x_wconf 90' lang='lat' dir='ltr'>tantum</span> <span class='ocrx_word' id='word_1_153' title='bbox 459 1061 619 1099; x_wconf 90' lang='lat' dir='ltr'>nudam</span> <span class='ocrx_word' id='word_1_154' title='bbox 645 1061 781 1111; x_wconf 87' lang='lat' dir='ltr'>ipsam</span> <span class='ocrx_word' id='word_1_155' title='bbox 808 1060 1033 1098; x_wconf 82' lang='lat' dir='ltr'>veritatem</span> <span class='ocrx_word' id='word_1_156' title='bbox 1059 1059 1320 1110; x_wconf 84' lang='lat' dir='ltr'>simplicibus</span> <span class='ocrx_word' id='word_1_157' title='bbox 1347 1063 1390 1098; x_wconf 86' lang='lat' dir='ltr'>et</span> <span class='ocrx_word' id='word_1_158' title='bbox 1416 1058 1575 1109; x_wconf 87' lang='lat' dir='ltr'>absque</span> <span class='ocrx_word' id='word_1_159' title='bbox 1601 1057 1698 1097; x_wconf 85' lang='lat' dir='ltr'>fuco</span> <span class='ocrx_word' id='word_1_160' title='bbox 1724 1057 1864 1096; x_wconf 83' lang='lat' dir='ltr'>verbis</span> 
     </span>
     <span class='ocr_line' id='line_1_18' title="bbox 260 1112 1864 1166; baseline -0.002 -12"><span class='ocrx_word' id='word_1_161' title='bbox 260 1117 305 1154; x_wconf 95' lang='lat' dir='ltr'>in</span> <span class='ocrx_word' id='word_1_162' title='bbox 329 1116 465 1154; x_wconf 89' lang='lat' dir='ltr'>lucem</span> <span class='ocrx_word' id='word_1_163' title='bbox 492 1127 677 1166; x_wconf 89' lang='lat' dir='ltr'>agemus.</span> <span class='ocrx_word' id='word_1_164' title='bbox 732 1114 844 1153; x_wconf 83' lang='lat' dir='ltr'>Satis</span> <span class='ocrx_word' id='word_1_165' title='bbox 869 1114 954 1152; x_wconf 90' lang='lat' dir='ltr'>iam</span> <span class='ocrx_word' id='word_1_166' title='bbox 980 1113 1124 1152; x_wconf 91' lang='lat' dir='ltr'>iudicii</span> <span class='ocrx_word' id='word_1_167' title='bbox 1149 1114 1312 1165; x_wconf 88' lang='lat' dir='ltr'>optimo</span> <span class='ocrx_word' id='word_1_168' title='bbox 1339 1113 1490 1164; x_wconf 88' lang='lat' dir='ltr'>cuique</span> <span class='ocrx_word' id='word_1_169' title='bbox 1515 1117 1593 1159; x_wconf 88' lang='lat' dir='ltr'>est,</span> <span class='ocrx_word' id='word_1_170' title='bbox 1620 1112 1672 1151; x_wconf 91' lang='lat' dir='ltr'>de</span> <span class='ocrx_word' id='word_1_171' title='bbox 1697 1112 1864 1163; x_wconf 86' lang='lat' dir='ltr'>ingenio</span> 
     </span>
     <span class='ocr_line' id='line_1_19' title="bbox 262 1166 1864 1221; baseline -0.002 -13"><span class='ocrx_word' id='word_1_172' title='bbox 262 1175 338 1209; x_wconf 87' lang='lat' dir='ltr'>tuo</span> <span class='ocrx_word' id='word_1_173' title='bbox 370 1169 474 1221; x_wconf 92' lang='lat' dir='ltr'>quid</span> <span class='ocrx_word' id='word_1_174' title='bbox 506 1168 661 1208; x_wconf 89' lang='lat' dir='ltr'>debeat</span> <span class='ocrx_word' id='word_1_175' title='bbox 692 1169 859 1214; x_wconf 88' lang='lat' dir='ltr'>sentire,</span> <span class='ocrx_word' id='word_1_176' title='bbox 894 1168 996 1207; x_wconf 91' lang='lat' dir='ltr'>dum</span> <span class='ocrx_word' id='word_1_177' title='bbox 1029 1167 1160 1214; x_wconf 83' lang='lat' dir='ltr'>vafre,</span> <span class='ocrx_word' id='word_1_178' title='bbox 1193 1168 1486 1206; x_wconf 75' lang='lat' dir='ltr'>inconstanter</span> <span class='ocrx_word' id='word_1_179' title='bbox 1515 1172 1560 1206; x_wconf 92' lang='lat' dir='ltr'>et</span> <span class='ocrx_word' id='word_1_180' title='bbox 1587 1167 1746 1206; x_wconf 89' lang='lat' dir='ltr'>lubrice</span> <span class='ocrx_word' id='word_1_181' title='bbox 1776 1166 1864 1218; x_wconf 90' lang='lat' dir='ltr'>agis</span> 
     </span>
    </p>

    <p class='ocr_par' dir='ltr' id='par_1_6' title="bbox 183 1222 1865 1493">
     <span class='ocr_line' id='line_1_20' title="bbox 183 1222 1865 1276; baseline -0.004 -11"><span class='ocrx_word' id='word_1_182' title='bbox 183 1244 245 1276; x_wconf 81' lang='lat'>140</span> <span class='ocrx_word' id='word_1_183' title='bbox 262 1225 418 1270; x_wconf 89' lang='lat' dir='ltr'>omnia,</span> <span class='ocrx_word' id='word_1_184' title='bbox 442 1228 493 1262; x_wconf 82' lang='lat' dir='ltr'>vt</span> <span class='ocrx_word' id='word_1_185' title='bbox 515 1223 620 1262; x_wconf 89' lang='lat' dir='ltr'>nihil</span> <span class='ocrx_word' id='word_1_186' title='bbox 642 1223 698 1262; x_wconf 92' lang='lat' dir='ltr'>sit</span> <span class='ocrx_word' id='word_1_187' title='bbox 720 1223 800 1262; x_wconf 88' lang='lat' dir='ltr'>hoc</span> <span class='ocrx_word' id='word_1_188' title='bbox 823 1222 945 1261; x_wconf 92' lang='lat' dir='ltr'>nobis</span> <span class='ocrx_word' id='word_1_189' title='bbox 968 1235 1135 1262; x_wconf 90' lang='lat' dir='ltr'>necesse</span> <span class='ocrx_word' id='word_1_190' title='bbox 1159 1222 1292 1273; x_wconf 82' lang='lat' dir='ltr'>digito</span> <span class='ocrx_word' id='word_1_191' title='bbox 1316 1226 1551 1261; x_wconf 88' lang='lat' dir='ltr'>monstrare</span> <span class='ocrx_word' id='word_1_192' title='bbox 1572 1235 1580 1260; x_wconf 92' lang='lat'>:</span> <span class='ocrx_word' id='word_1_193' title='bbox 1621 1234 1717 1260; x_wconf 91' lang='lat' dir='ltr'>cum</span> <span class='ocrx_word' id='word_1_194' title='bbox 1740 1233 1865 1260; x_wconf 89' lang='lat' dir='ltr'>nemo</span> 
     </span>
     <span class='ocr_line' id='line_1_21' title="bbox 263 1275 1865 1329; baseline -0.002 -12"><span class='ocrx_word' id='word_1_195' title='bbox 263 1280 319 1318; x_wconf 90' lang='lat' dir='ltr'>sit</span> <span class='ocrx_word' id='word_1_196' title='bbox 352 1278 477 1317; x_wconf 90' lang='lat' dir='ltr'>hodie</span> <span class='ocrx_word' id='word_1_197' title='bbox 510 1281 892 1329; x_wconf 89' lang='lat' dir='ltr'>quantumcunque</span> <span class='ocrx_word' id='word_1_198' title='bbox 925 1276 1126 1328; x_wconf 90' lang='lat' dir='ltr'>eloquens</span> <span class='ocrx_word' id='word_1_199' title='bbox 1160 1278 1234 1328; x_wconf 93' lang='lat' dir='ltr'>qui</span> <span class='ocrx_word' id='word_1_200' title='bbox 1267 1277 1402 1328; x_wconf 88' lang='lat' dir='ltr'>possit</span> <span class='ocrx_word' id='word_1_201' title='bbox 1435 1277 1493 1316; x_wconf 89' lang='lat' dir='ltr'>sic</span> <span class='ocrx_word' id='word_1_202' title='bbox 1526 1281 1571 1315; x_wconf 91' lang='lat' dir='ltr'>te</span> <span class='ocrx_word' id='word_1_203' title='bbox 1604 1275 1865 1327; x_wconf 87' lang='lat' dir='ltr'>pensiculate</span> 
     </span>
     <span class='ocr_line' id='line_1_22' title="bbox 263 1330 1865 1385; baseline -0.002 -13"><span class='ocrx_word' id='word_1_204' title='bbox 263 1334 433 1385; x_wconf 85' lang='lat' dir='ltr'>pingere</span> <span class='ocrx_word' id='word_1_205' title='bbox 463 1332 594 1383; x_wconf 87' lang='lat' dir='ltr'>quam</span> <span class='ocrx_word' id='word_1_206' title='bbox 623 1333 763 1383; x_wconf 90' lang='lat' dir='ltr'>ipsum</span> <span class='ocrx_word' id='word_1_207' title='bbox 792 1337 837 1371; x_wconf 88' lang='lat' dir='ltr'>te</span> <span class='ocrx_word' id='word_1_208' title='bbox 866 1336 915 1370; x_wconf 89' lang='lat' dir='ltr'>tu</span> <span class='ocrx_word' id='word_1_209' title='bbox 944 1332 1095 1383; x_wconf 88' lang='lat' dir='ltr'>pingis,</span> <span class='ocrx_word' id='word_1_210' title='bbox 1126 1332 1266 1370; x_wconf 82' lang='lat' dir='ltr'>virum</span> <span class='ocrx_word' id='word_1_211' title='bbox 1297 1331 1469 1382; x_wconf 89' lang='lat' dir='ltr'>quidem</span> <span class='ocrx_word' id='word_1_212' title='bbox 1499 1330 1791 1369; x_wconf 88' lang='lat' dir='ltr'>doctissimum</span> <span class='ocrx_word' id='word_1_213' title='bbox 1822 1334 1865 1367; x_wconf 84' lang='lat' dir='ltr'>et</span> 
     </span>
     <span class='ocr_line' id='line_1_23' title="bbox 262 1383 1865 1438; baseline -0.002 -12"><span class='ocrx_word' id='word_1_214' title='bbox 262 1387 670 1438; x_wconf 90' lang='lat' dir='ltr'>eloquentissimum,</span> <span class='ocrx_word' id='word_1_215' title='bbox 704 1386 778 1425; x_wconf 89' lang='lat' dir='ltr'>sed</span> <span class='ocrx_word' id='word_1_216' title='bbox 809 1386 945 1425; x_wconf 91' lang='lat' dir='ltr'>leuem</span> <span class='ocrx_word' id='word_1_217' title='bbox 978 1390 1022 1424; x_wconf 89' lang='lat' dir='ltr'>et</span> <span class='ocrx_word' id='word_1_218' title='bbox 1054 1390 1336 1437; x_wconf 77' lang='lat' dir='ltr'>arrogantem,</span> <span class='ocrx_word' id='word_1_219' title='bbox 1370 1386 1456 1436; x_wconf 85' lang='lat' dir='ltr'>qui,</span> <span class='ocrx_word' id='word_1_220' title='bbox 1490 1390 1540 1424; x_wconf 81' lang='lat' dir='ltr'>Vt</span> <span class='ocrx_word' id='word_1_221' title='bbox 1572 1388 1764 1435; x_wconf 83' lang='lat' dir='ltr'>apparet,</span> <span class='ocrx_word' id='word_1_222' title='bbox 1798 1383 1865 1422; x_wconf 87' lang='lat' dir='ltr'>vel</span> 
     </span>
     <span class='ocr_line' id='line_1_24' title="bbox 261 1437 1864 1493; baseline -0.002 -13"><span class='ocrx_word' id='word_1_223' title='bbox 261 1441 399 1480; x_wconf 80' lang='lat' dir='ltr'>frusto</span> <span class='ocrx_word' id='word_1_224' title='bbox 418 1442 547 1480; x_wconf 89' lang='lat' dir='ltr'>etiam</span> <span class='ocrx_word' id='word_1_225' title='bbox 565 1442 687 1493; x_wconf 87' lang='lat' dir='ltr'>panis</span> <span class='ocrx_word' id='word_1_226' title='bbox 705 1445 837 1491; x_wconf 89' lang='lat' dir='ltr'>queat</span> <span class='ocrx_word' id='word_1_227' title='bbox 854 1441 908 1479; x_wconf 92' lang='lat' dir='ltr'>ab</span> <span class='ocrx_word' id='word_1_228' title='bbox 926 1444 1042 1479; x_wconf 90' lang='lat' dir='ltr'>recto</span> <span class='ocrx_word' id='word_1_229' title='bbox 1060 1445 1104 1479; x_wconf 93' lang='lat' dir='ltr'>et</span> <span class='ocrx_word' id='word_1_230' title='bbox 1122 1441 1176 1478; x_wconf 92' lang='lat' dir='ltr'>ab</span> <span class='ocrx_word' id='word_1_231' title='bbox 1194 1440 1411 1491; x_wconf 87' lang='lat' dir='ltr'>proposito</span> <span class='ocrx_word' id='word_1_232' title='bbox 1430 1439 1581 1478; x_wconf 89' lang='lat' dir='ltr'>deduci</span> <span class='ocrx_word' id='word_1_233' title='bbox 1602 1452 1610 1485; x_wconf 91' lang='lat'>;</span> <span class='ocrx_word' id='word_1_234' title='bbox 1644 1443 1689 1478; x_wconf 92' lang='lat' dir='ltr'>et</span> <span class='ocrx_word' id='word_1_235' title='bbox 1705 1437 1864 1477; x_wconf 89' lang='lat' dir='ltr'>nullam</span> 
     </span>
    </p>

    <p class='ocr_par' dir='ltr' id='par_1_7' title="bbox 187 1492 1864 1601">
     <span class='ocr_line' id='line_1_25' title="bbox 187 1492 1864 1549; baseline -0.003 -13"><span class='ocrx_word' id='word_1_236' title='bbox 187 1516 243 1549; x_wconf 89' lang='lat'>145</span> <span class='ocrx_word' id='word_1_237' title='bbox 265 1509 459 1536; x_wconf 85' lang='lat' dir='ltr'>caussam</span> <span class='ocrx_word' id='word_1_238' title='bbox 491 1500 582 1535; x_wconf 90' lang='lat' dir='ltr'>tam</span> <span class='ocrx_word' id='word_1_239' title='bbox 615 1494 772 1534; x_wconf 88' lang='lat' dir='ltr'>malam</span> <span class='ocrx_word' id='word_1_240' title='bbox 805 1508 893 1534; x_wconf 88' lang='lat' dir='ltr'>esse</span> <span class='ocrx_word' id='word_1_241' title='bbox 926 1507 1056 1545; x_wconf 89' lang='lat' dir='ltr'>quam</span> <span class='ocrx_word' id='word_1_242' title='bbox 1089 1500 1138 1533; x_wconf 89' lang='lat' dir='ltr'>tu</span> <span class='ocrx_word' id='word_1_243' title='bbox 1170 1507 1257 1533; x_wconf 94' lang='lat' dir='ltr'>non</span> <span class='ocrx_word' id='word_1_244' title='bbox 1288 1495 1422 1546; x_wconf 90' lang='lat' dir='ltr'>possis</span> <span class='ocrx_word' id='word_1_245' title='bbox 1454 1494 1682 1545; x_wconf 87' lang='lat' dir='ltr'>pessimam</span> <span class='ocrx_word' id='word_1_246' title='bbox 1713 1492 1864 1539; x_wconf 77' lang='lat' dir='ltr'>facere,</span> 
     </span>
     <span class='ocr_line' id='line_1_26' title="bbox 265 1547 1717 1601; baseline -0.003 -11"><span class='ocrx_word' id='word_1_247' title='bbox 265 1550 425 1590; x_wconf 90' lang='lat' dir='ltr'>nullam</span> <span class='ocrx_word' id='word_1_248' title='bbox 447 1554 538 1589; x_wconf 89' lang='lat' dir='ltr'>tam</span> <span class='ocrx_word' id='word_1_249' title='bbox 561 1550 829 1601; x_wconf 88' lang='lat' dir='ltr'>desperatam</span> <span class='ocrx_word' id='word_1_250' title='bbox 851 1562 981 1600; x_wconf 88' lang='lat' dir='ltr'>quam</span> <span class='ocrx_word' id='word_1_251' title='bbox 1004 1562 1089 1587; x_wconf 91' lang='lat' dir='ltr'>non</span> <span class='ocrx_word' id='word_1_252' title='bbox 1110 1549 1244 1599; x_wconf 89' lang='lat' dir='ltr'>possis</span> <span class='ocrx_word' id='word_1_253' title='bbox 1266 1553 1315 1587; x_wconf 91' lang='lat' dir='ltr'>tu</span> <span class='ocrx_word' id='word_1_254' title='bbox 1337 1549 1545 1599; x_wconf 90' lang='lat' dir='ltr'>optimam</span> <span class='ocrx_word' id='word_1_255' title='bbox 1567 1547 1717 1587; x_wconf 85' lang='lat' dir='ltr'>facere.</span> 
     </span>
    </p>

    <p class='ocr_par' dir='ltr' id='par_1_8' title="bbox 265 1602 1870 1762">
     <span class='ocr_line' id='line_1_27' title="bbox 320 1602 1868 1655; baseline -0.003 -11"><span class='ocrx_word' id='word_1_256' title='bbox 320 1605 379 1644; x_wconf 87' lang='lat' dir='ltr'>Et</span> <span class='ocrx_word' id='word_1_257' title='bbox 399 1609 521 1644; x_wconf 90' lang='lat' dir='ltr'>erant</span> <span class='ocrx_word' id='word_1_258' title='bbox 541 1608 654 1643; x_wconf 90' lang='lat' dir='ltr'>certe</span> <span class='ocrx_word' id='word_1_259' title='bbox 673 1605 760 1655; x_wconf 88' lang='lat' dir='ltr'>qui,</span> <span class='ocrx_word' id='word_1_260' title='bbox 783 1603 885 1642; x_wconf 90' lang='lat' dir='ltr'>dum</span> <span class='ocrx_word' id='word_1_261' title='bbox 907 1604 1010 1642; x_wconf 91' lang='lat' dir='ltr'>haec</span> <span class='ocrx_word' id='word_1_262' title='bbox 1031 1603 1268 1649; x_wconf 82' lang='lat' dir='ltr'>scriberem,</span> <span class='ocrx_word' id='word_1_263' title='bbox 1291 1602 1581 1641; x_wconf 87' lang='lat' dir='ltr'>admonebant</span> <span class='ocrx_word' id='word_1_264' title='bbox 1600 1603 1675 1641; x_wconf 84' lang='lat' dir='ltr'>vix</span> <span class='ocrx_word' id='word_1_265' title='bbox 1695 1602 1868 1653; x_wconf 88' lang='lat' dir='ltr'>negocio</span> 
     </span>
     <span class='ocr_line' id='line_1_28' title="bbox 267 1657 1868 1710; baseline -0.002 -12"><span class='ocrx_word' id='word_1_266' title='bbox 267 1659 487 1710; x_wconf 88' lang='lat' dir='ltr'>Euangelii</span> <span class='ocrx_word' id='word_1_267' title='bbox 505 1658 702 1710; x_wconf 83' lang='lat' dir='ltr'>expedire</span> <span class='ocrx_word' id='word_1_268' title='bbox 721 1659 755 1696; x_wconf 90' lang='lat' dir='ltr'>si</span> <span class='ocrx_word' id='word_1_269' title='bbox 773 1657 984 1709; x_wconf 89' lang='lat' dir='ltr'>quaedam</span> <span class='ocrx_word' id='word_1_270' title='bbox 1003 1658 1083 1696; x_wconf 91' lang='lat' dir='ltr'>tibi</span> <span class='ocrx_word' id='word_1_271' title='bbox 1100 1657 1395 1708; x_wconf 88' lang='lat' dir='ltr'>responderem</span> <span class='ocrx_word' id='word_1_272' title='bbox 1417 1657 1601 1696; x_wconf 89' lang='lat' dir='ltr'>atrocius</span> <span class='ocrx_word' id='word_1_273' title='bbox 1622 1670 1629 1695; x_wconf 89' lang='lat'>:</span> <span class='ocrx_word' id='word_1_274' title='bbox 1664 1669 1764 1695; x_wconf 88' lang='lat' dir='ltr'>nam</span> <span class='ocrx_word' id='word_1_275' title='bbox 1782 1668 1868 1694; x_wconf 90' lang='lat' dir='ltr'>non</span> 
     </span>
     <span class='ocr_line' id='line_1_29' title="bbox 265 1709 1870 1762; baseline -0.002 -10"><span class='ocrx_word' id='word_1_276' title='bbox 265 1727 354 1753; x_wconf 91' lang='lat' dir='ltr'>esse</span> <span class='ocrx_word' id='word_1_277' title='bbox 375 1712 727 1751; x_wconf 81' lang='lat' dir='ltr'>commonendam</span> <span class='ocrx_word' id='word_1_278' title='bbox 748 1725 842 1751; x_wconf 91' lang='lat' dir='ltr'>eam</span> <span class='ocrx_word' id='word_1_279' title='bbox 863 1712 1144 1758; x_wconf 85' lang='lat' dir='ltr'>Camarinam,</span> <span class='ocrx_word' id='word_1_280' title='bbox 1167 1725 1276 1762; x_wconf 90' lang='lat' dir='ltr'>quae</span> <span class='ocrx_word' id='word_1_281' title='bbox 1297 1712 1485 1750; x_wconf 81' lang='lat' dir='ltr'>excitata</span> <span class='ocrx_word' id='word_1_282' title='bbox 1503 1715 1676 1750; x_wconf 89' lang='lat' dir='ltr'>tantum</span> <span class='ocrx_word' id='word_1_283' title='bbox 1696 1709 1870 1749; x_wconf 85' lang='lat' dir='ltr'>exhalat</span> 
     </span>
    </p>

    <p class='ocr_par' dir='ltr' id='par_1_9' title="bbox 187 1765 1872 2036">
     <span class='ocr_line' id='line_1_30' title="bbox 187 1765 1870 1820; baseline -0.002 -13"><span class='ocrx_word' id='word_1_284' title='bbox 187 1788 248 1820; x_wconf 78' lang='lat'>150</span> <span class='ocrx_word' id='word_1_285' title='bbox 265 1767 532 1818; x_wconf 83' lang='lat' dir='ltr'>effunditque</span> <span class='ocrx_word' id='word_1_286' title='bbox 550 1779 775 1811; x_wconf 78' lang='lat' dir='ltr'>venenum,</span> <span class='ocrx_word' id='word_1_287' title='bbox 795 1767 876 1804; x_wconf 87' lang='lat' dir='ltr'>nisi</span> <span class='ocrx_word' id='word_1_288' title='bbox 893 1766 1021 1805; x_wconf 86' lang='lat' dir='ltr'>velim</span> <span class='ocrx_word' id='word_1_289' title='bbox 1039 1766 1197 1805; x_wconf 91' lang='lat' dir='ltr'>multos</span> <span class='ocrx_word' id='word_1_290' title='bbox 1216 1766 1270 1804; x_wconf 92' lang='lat' dir='ltr'>ab</span> <span class='ocrx_word' id='word_1_291' title='bbox 1289 1765 1521 1817; x_wconf 88' lang='lat' dir='ltr'>Euangelio</span> <span class='ocrx_word' id='word_1_292' title='bbox 1539 1765 1744 1811; x_wconf 83' lang='lat' dir='ltr'>excidere,</span> <span class='ocrx_word' id='word_1_293' title='bbox 1763 1777 1870 1816; x_wconf 89' lang='lat' dir='ltr'>quos</span> 
     </span>
     <span class='ocr_line' id='line_1_31' title="bbox 266 1820 1870 1873; baseline -0.001 -14"><span class='ocrx_word' id='word_1_294' title='bbox 266 1822 437 1861; x_wconf 80' lang='lat' dir='ltr'>solertia</span> <span class='ocrx_word' id='word_1_295' title='bbox 461 1822 527 1860; x_wconf 90' lang='lat' dir='ltr'>tui</span> <span class='ocrx_word' id='word_1_296' title='bbox 551 1822 708 1873; x_wconf 88' lang='lat' dir='ltr'>ingenii</span> <span class='ocrx_word' id='word_1_297' title='bbox 733 1821 866 1872; x_wconf 90' lang='lat' dir='ltr'>possis</span> <span class='ocrx_word' id='word_1_298' title='bbox 891 1821 935 1859; x_wconf 90' lang='lat' dir='ltr'>in</span> <span class='ocrx_word' id='word_1_299' title='bbox 961 1820 1089 1859; x_wconf 88' lang='lat' dir='ltr'>aliam</span> <span class='ocrx_word' id='word_1_300' title='bbox 1115 1820 1229 1859; x_wconf 74' lang='lat' dir='ltr'>viam</span> <span class='ocrx_word' id='word_1_301' title='bbox 1257 1820 1477 1859; x_wconf 84' lang='lat' dir='ltr'>abducere.</span> <span class='ocrx_word' id='word_1_302' title='bbox 1534 1820 1592 1858; x_wconf 88' lang='lat' dir='ltr'>Et</span> <span class='ocrx_word' id='word_1_303' title='bbox 1617 1820 1676 1858; x_wconf 88' lang='lat' dir='ltr'>hii</span> <span class='ocrx_word' id='word_1_304' title='bbox 1701 1831 1870 1870; x_wconf 88' lang='lat' dir='ltr'>quoque</span> 
     </span>
     <span class='ocr_line' id='line_1_32' title="bbox 266 1873 1872 1926; baseline -0.002 -10"><span class='ocrx_word' id='word_1_305' title='bbox 266 1877 503 1916; x_wconf 88' lang='lat' dir='ltr'>rationibus</span> <span class='ocrx_word' id='word_1_306' title='bbox 523 1874 720 1914; x_wconf 82' lang='lat' dir='ltr'>humanis</span> <span class='ocrx_word' id='word_1_307' title='bbox 739 1875 1000 1922; x_wconf 83' lang='lat' dir='ltr'>nitebantur,</span> <span class='ocrx_word' id='word_1_308' title='bbox 1022 1875 1319 1926; x_wconf 78' lang='lat' dir='ltr'>timebantque</span> <span class='ocrx_word' id='word_1_309' title='bbox 1338 1875 1412 1913; x_wconf 74' lang='lat' dir='ltr'>vbi</span> <span class='ocrx_word' id='word_1_310' title='bbox 1431 1887 1601 1926; x_wconf 86' lang='lat' dir='ltr'>prorsus</span> <span class='ocrx_word' id='word_1_311' title='bbox 1620 1873 1760 1913; x_wconf 89' lang='lat' dir='ltr'>nullus</span> <span class='ocrx_word' id='word_1_312' title='bbox 1780 1877 1872 1912; x_wconf 83' lang='lat' dir='ltr'>erat</span> 
     </span>
     <span class='ocr_line' id='line_1_33' title="bbox 267 1929 1869 1980; baseline -0.002 -10"><span class='ocrx_word' id='word_1_313' title='bbox 267 1932 423 1970; x_wconf 88' lang='lat' dir='ltr'>timor:</span> <span class='ocrx_word' id='word_1_314' title='bbox 471 1944 586 1977; x_wconf 86' lang='lat' dir='ltr'>nam,</span> <span class='ocrx_word' id='word_1_315' title='bbox 618 1934 668 1968; x_wconf 84' lang='lat' dir='ltr'>vt</span> <span class='ocrx_word' id='word_1_316' title='bbox 699 1930 884 1968; x_wconf 76' lang='lat' dir='ltr'>maxime</span> <span class='ocrx_word' id='word_1_317' title='bbox 915 1942 1058 1980; x_wconf 90' lang='lat' dir='ltr'>posses</span> <span class='ocrx_word' id='word_1_318' title='bbox 1092 1929 1223 1980; x_wconf 89' lang='lat' dir='ltr'>(quod</span> <span class='ocrx_word' id='word_1_319' title='bbox 1254 1934 1399 1968; x_wconf 87' lang='lat' dir='ltr'>tamen</span> <span class='ocrx_word' id='word_1_320' title='bbox 1430 1941 1703 1980; x_wconf 89' lang='lat' dir='ltr'>nequaquam</span> <span class='ocrx_word' id='word_1_321' title='bbox 1733 1932 1869 1979; x_wconf 81' lang='lat' dir='ltr'>potes,</span> 
     </span>
     <span class='ocr_line' id='line_1_34' title="bbox 268 1982 1868 2036; baseline -0.002 -12"><span class='ocrx_word' id='word_1_322' title='bbox 268 1987 379 2024; x_wconf 88' lang='lat' dir='ltr'>sicut</span> <span class='ocrx_word' id='word_1_323' title='bbox 403 1998 489 2023; x_wconf 89' lang='lat' dir='ltr'>non</span> <span class='ocrx_word' id='word_1_324' title='bbox 514 1985 628 2036; x_wconf 87' lang='lat' dir='ltr'>rapit</span> <span class='ocrx_word' id='word_1_325' title='bbox 652 1985 879 2035; x_wconf 86' lang='lat' dir='ltr'>quisquam</span> <span class='ocrx_word' id='word_1_326' title='bbox 905 1984 1022 2035; x_wconf 91' lang='lat' dir='ltr'>quod</span> <span class='ocrx_word' id='word_1_327' title='bbox 1046 1984 1175 2023; x_wconf 87' lang='lat' dir='ltr'>semel</span> <span class='ocrx_word' id='word_1_328' title='bbox 1201 1983 1366 2023; x_wconf 85' lang='lat' dir='ltr'>Christo</span> <span class='ocrx_word' id='word_1_329' title='bbox 1393 1983 1543 2023; x_wconf 91' lang='lat' dir='ltr'>datum</span> <span class='ocrx_word' id='word_1_330' title='bbox 1570 1988 1632 2022; x_wconf 89' lang='lat' dir='ltr'>est</span> <span class='ocrx_word' id='word_1_331' title='bbox 1660 1996 1685 2021; x_wconf 92' lang='lat' dir='ltr'>a</span> <span class='ocrx_word' id='word_1_332' title='bbox 1709 1982 1868 2030; x_wconf 74' lang='lat' dir='ltr'>Patre),</span> 
     </span>
    </p>

    <p class='ocr_par' dir='ltr' id='par_1_10' title="bbox 190 2036 1871 2306">
     <span class='ocr_line' id='line_1_35' title="bbox 190 2036 1871 2092; baseline -0.003 -12"><span class='ocrx_word' id='word_1_333' title='bbox 190 2060 225 2092; x_wconf 74' lang='lat'>15</span> <span class='ocrx_word' id='word_1_334' title='bbox 232 2059 247 2092; x_wconf 89' lang='lat'><strong>5</strong></span> <span class='ocrx_word' id='word_1_335' title='bbox 268 2053 398 2091; x_wconf 88' lang='lat' dir='ltr'>quare</span> <span class='ocrx_word' id='word_1_336' title='bbox 420 2039 548 2078; x_wconf 75' lang='lat' dir='ltr'>velles</span> <span class='ocrx_word' id='word_1_337' title='bbox 569 2039 711 2078; x_wconf 90' lang='lat' dir='ltr'>conari</span> <span class='ocrx_word' id='word_1_338' title='bbox 731 2052 820 2077; x_wconf 87' lang='lat' dir='ltr'>rem</span> <span class='ocrx_word' id='word_1_339' title='bbox 841 2043 932 2077; x_wconf 85' lang='lat' dir='ltr'>tam</span> <span class='ocrx_word' id='word_1_340' title='bbox 952 2038 1150 2077; x_wconf 82' lang='lat' dir='ltr'>friuolam</span> <span class='ocrx_word' id='word_1_341' title='bbox 1172 2043 1215 2077; x_wconf 89' lang='lat' dir='ltr'>et</span> <span class='ocrx_word' id='word_1_342' title='bbox 1235 2039 1405 2077; x_wconf 88' lang='lat' dir='ltr'>inanem</span> <span class='ocrx_word' id='word_1_343' title='bbox 1427 2041 1442 2076; x_wconf 70' lang='lat'>¹?</span> <span class='ocrx_word' id='word_1_344' title='bbox 1493 2037 1591 2076; x_wconf 85' lang='lat' dir='ltr'>Non</span> <span class='ocrx_word' id='word_1_345' title='bbox 1612 2036 1871 2076; x_wconf 81' lang='lat' dir='ltr'>debebamus</span> 
     </span>
     <span class='ocr_line' id='line_1_36' title="bbox 269 2091 1870 2145; baseline -0.002 -12"><span class='ocrx_word' id='word_1_346' title='bbox 269 2093 540 2145; x_wconf 84' lang='lat' dir='ltr'>expostulare</span> <span class='ocrx_word' id='word_1_347' title='bbox 572 2098 728 2138; x_wconf 82' lang='lat' dir='ltr'>tecum,</span> <span class='ocrx_word' id='word_1_348' title='bbox 763 2106 859 2131; x_wconf 90' lang='lat' dir='ltr'>cum</span> <span class='ocrx_word' id='word_1_349' title='bbox 893 2097 942 2131; x_wconf 89' lang='lat' dir='ltr'>tu</span> <span class='ocrx_word' id='word_1_350' title='bbox 975 2093 1160 2132; x_wconf 90' lang='lat' dir='ltr'>desumis</span> <span class='ocrx_word' id='word_1_351' title='bbox 1193 2093 1301 2131; x_wconf 90' lang='lat' dir='ltr'>hanc</span> <span class='ocrx_word' id='word_1_352' title='bbox 1334 2092 1544 2144; x_wconf 77' lang='lat' dir='ltr'>virgulam</span> <span class='ocrx_word' id='word_1_353' title='bbox 1576 2091 1669 2139; x_wconf 83' lang='lat' dir='ltr'>tibi,</span> <span class='ocrx_word' id='word_1_354' title='bbox 1704 2096 1754 2130; x_wconf 81' lang='lat' dir='ltr'>vt</span> <span class='ocrx_word' id='word_1_355' title='bbox 1785 2103 1870 2129; x_wconf 90' lang='lat' dir='ltr'>non</span> 
     </span>
     <span class='ocr_line' id='line_1_37' title="bbox 268 2144 1870 2198; baseline -0.003 -11"><span class='ocrx_word' id='word_1_356' title='bbox 268 2148 405 2187; x_wconf 91' lang='lat' dir='ltr'>solum</span> <span class='ocrx_word' id='word_1_357' title='bbox 436 2148 481 2186; x_wconf 90' lang='lat' dir='ltr'>in</span> <span class='ocrx_word' id='word_1_358' title='bbox 512 2148 746 2185; x_wconf 87' lang='lat' dir='ltr'>immeritos</span> <span class='ocrx_word' id='word_1_359' title='bbox 777 2160 947 2185; x_wconf 89' lang='lat' dir='ltr'>censeas</span> <span class='ocrx_word' id='word_1_360' title='bbox 978 2146 1053 2186; x_wconf 90' lang='lat' dir='ltr'>sed</span> <span class='ocrx_word' id='word_1_361' title='bbox 1082 2148 1127 2185; x_wconf 93' lang='lat' dir='ltr'>in</span> <span class='ocrx_word' id='word_1_362' title='bbox 1159 2147 1370 2198; x_wconf 86' lang='lat' dir='ltr'>optimum</span> <span class='ocrx_word' id='word_1_363' title='bbox 1402 2159 1628 2198; x_wconf 88' lang='lat' dir='ltr'>quemque.</span> <span class='ocrx_word' id='word_1_364' title='bbox 1689 2145 1766 2185; x_wconf 84' lang='lat' dir='ltr'>Sat</span> <span class='ocrx_word' id='word_1_365' title='bbox 1797 2144 1870 2183; x_wconf 83' lang='lat' dir='ltr'>diu</span> 
     </span>
     <span class='ocr_line' id='line_1_38' title="bbox 269 2200 1870 2253; baseline -0.002 -13"><span class='ocrx_word' id='word_1_366' title='bbox 269 2203 536 2253; x_wconf 82' lang='lat' dir='ltr'>suspeximus</span> <span class='ocrx_word' id='word_1_367' title='bbox 564 2205 621 2248; x_wconf 89' lang='lat' dir='ltr'>te,</span> <span class='ocrx_word' id='word_1_368' title='bbox 642 2206 685 2240; x_wconf 87' lang='lat' dir='ltr'>et</span> <span class='ocrx_word' id='word_1_369' title='bbox 714 2201 986 2240; x_wconf 84' lang='lat' dir='ltr'>merebantur</span> <span class='ocrx_word' id='word_1_370' title='bbox 1014 2201 1092 2240; x_wconf 89' lang='lat' dir='ltr'>hoc</span> <span class='ocrx_word' id='word_1_371' title='bbox 1121 2202 1268 2240; x_wconf 78' lang='lat' dir='ltr'>literae</span> <span class='ocrx_word' id='word_1_372' title='bbox 1295 2206 1409 2247; x_wconf 88' lang='lat' dir='ltr'>tuae,</span> <span class='ocrx_word' id='word_1_373' title='bbox 1429 2214 1611 2252; x_wconf 88' lang='lat' dir='ltr'>quarum</span> <span class='ocrx_word' id='word_1_374' title='bbox 1639 2201 1800 2251; x_wconf 87' lang='lat' dir='ltr'>primus</span> <span class='ocrx_word' id='word_1_375' title='bbox 1827 2200 1870 2237; x_wconf 89' lang='lat' dir='ltr'>in</span> 
     </span>
     <span class='ocr_line' id='line_1_39' title="bbox 270 2254 1869 2306; baseline -0.001 -11"><span class='ocrx_word' id='word_1_376' title='bbox 270 2257 498 2296; x_wconf 83' lang='lat' dir='ltr'>Germania</span> <span class='ocrx_word' id='word_1_377' title='bbox 526 2260 651 2294; x_wconf 85' lang='lat' dir='ltr'>autor</span> <span class='ocrx_word' id='word_1_378' title='bbox 678 2268 734 2301; x_wconf 79' lang='lat' dir='ltr'>eS,</span> <span class='ocrx_word' id='word_1_379' title='bbox 762 2259 807 2294; x_wconf 87' lang='lat' dir='ltr'>et</span> <span class='ocrx_word' id='word_1_380' title='bbox 834 2256 996 2294; x_wconf 87' lang='lat' dir='ltr'>maiora</span> <span class='ocrx_word' id='word_1_381' title='bbox 1023 2256 1296 2294; x_wconf 88' lang='lat' dir='ltr'>merebantur</span> <span class='ocrx_word' id='word_1_382' title='bbox 1323 2269 1452 2306; x_wconf 89' lang='lat' dir='ltr'>quam</span> <span class='ocrx_word' id='word_1_383' title='bbox 1481 2255 1713 2294; x_wconf 87' lang='lat' dir='ltr'>multorum</span> <span class='ocrx_word' id='word_1_384' title='bbox 1741 2254 1869 2293; x_wconf 76' lang='lat' dir='ltr'>etiam</span> 
     </span>
    </p>

    <p class='ocr_par' dir='ltr' id='par_1_11' title="bbox 191 2307 1872 2578">
     <span class='ocr_line' id='line_1_40' title="bbox 191 2307 1870 2362; baseline -0.004 -10"><span class='ocrx_word' id='word_1_385' title='bbox 191 2325 253 2355; x_wconf 84' lang='lat'>160</span> <span class='ocrx_word' id='word_1_386' title='bbox 269 2312 343 2362; x_wconf 91' lang='lat' dir='ltr'>qui</span> <span class='ocrx_word' id='word_1_387' title='bbox 370 2311 531 2362; x_wconf 86' lang='lat' dir='ltr'>primae</span> <span class='ocrx_word' id='word_1_388' title='bbox 558 2314 687 2348; x_wconf 85' lang='lat' dir='ltr'>notae</span> <span class='ocrx_word' id='word_1_389' title='bbox 715 2310 1026 2348; x_wconf 79' lang='lat' dir='ltr'>existimantur.</span> <span class='ocrx_word' id='word_1_390' title='bbox 1085 2309 1166 2349; x_wconf 78' lang='lat' dir='ltr'>Sed</span> <span class='ocrx_word' id='word_1_391' title='bbox 1194 2311 1268 2360; x_wconf 89' lang='lat' dir='ltr'>qui</span> <span class='ocrx_word' id='word_1_392' title='bbox 1296 2310 1444 2348; x_wconf 89' lang='lat' dir='ltr'>salutis</span> <span class='ocrx_word' id='word_1_393' title='bbox 1473 2314 1598 2348; x_wconf 89' lang='lat' dir='ltr'>autor</span> <span class='ocrx_word' id='word_1_394' title='bbox 1625 2321 1730 2355; x_wconf 79' lang='lat' dir='ltr'>eraS,</span> <span class='ocrx_word' id='word_1_395' title='bbox 1758 2307 1870 2346; x_wconf 90' lang='lat' dir='ltr'>idem</span> 
     </span>
     <span class='ocr_line' id='line_1_41' title="bbox 268 2363 1872 2415; baseline -0.002 -11"><span class='ocrx_word' id='word_1_396' title='bbox 268 2379 381 2404; x_wconf 90' lang='lat' dir='ltr'>nunc</span> <span class='ocrx_word' id='word_1_397' title='bbox 403 2365 507 2404; x_wconf 78' lang='lat' dir='ltr'>velis</span> <span class='ocrx_word' id='word_1_398' title='bbox 528 2365 752 2415; x_wconf 85' lang='lat' dir='ltr'>propinare</span> <span class='ocrx_word' id='word_1_399' title='bbox 774 2377 984 2402; x_wconf 75' lang='lat' dir='ltr'>venenum</span> <span class='ocrx_word' id='word_1_400' title='bbox 1007 2368 1050 2402; x_wconf 88' lang='lat' dir='ltr'>et</span> <span class='ocrx_word' id='word_1_401' title='bbox 1071 2364 1219 2402; x_wconf 89' lang='lat' dir='ltr'>mortis</span> <span class='ocrx_word' id='word_1_402' title='bbox 1241 2369 1366 2402; x_wconf 86' lang='lat' dir='ltr'>autor</span> <span class='ocrx_word' id='word_1_403' title='bbox 1387 2377 1487 2402; x_wconf 91' lang='lat' dir='ltr'>esse.</span> <span class='ocrx_word' id='word_1_404' title='bbox 1539 2363 1632 2402; x_wconf 90' lang='lat' dir='ltr'>Hoc</span> <span class='ocrx_word' id='word_1_405' title='bbox 1654 2363 1872 2401; x_wconf 83' lang='lat' dir='ltr'>existimas</span> 
     </span>
     <span class='ocr_line' id='line_1_42' title="bbox 270 2417 1871 2464; baseline -0.002 -6"><span class='ocrx_word' id='word_1_406' title='bbox 270 2420 394 2459; x_wconf 91' lang='lat' dir='ltr'>nobis</span> <span class='ocrx_word' id='word_1_407' title='bbox 420 2432 508 2459; x_wconf 90' lang='lat' dir='ltr'>esse</span> <span class='ocrx_word' id='word_1_408' title='bbox 534 2418 756 2458; x_wconf 81' lang='lat' dir='ltr'>ferendum</span> <span class='ocrx_word' id='word_1_409' title='bbox 783 2418 835 2457; x_wconf 90' lang='lat' dir='ltr'>de</span> <span class='ocrx_word' id='word_1_410' title='bbox 860 2423 903 2457; x_wconf 87' lang='lat' dir='ltr'>te</span> <span class='ocrx_word' id='word_1_411' title='bbox 925 2422 940 2456; x_wconf 64' lang='lat'>⁵?</span> <span class='ocrx_word' id='word_1_412' title='bbox 996 2418 1095 2457; x_wconf 90' lang='lat' dir='ltr'>Non</span> <span class='ocrx_word' id='word_1_413' title='bbox 1120 2417 1306 2456; x_wconf 85' lang='lat' dir='ltr'>ferimus.</span> <span class='ocrx_word' id='word_1_414' title='bbox 1364 2417 1732 2464; x_wconf 83' lang='lat' dir='ltr'>Quemadmodum</span> <span class='ocrx_word' id='word_1_415' title='bbox 1759 2417 1871 2455; x_wconf 87' lang='lat' dir='ltr'>enim</span> 
     </span>
     <span class='ocr_line' id='line_1_43' title="bbox 272 2470 1869 2525; baseline -0.002 -13"><span class='ocrx_word' id='word_1_416' title='bbox 272 2475 346 2525; x_wconf 91' lang='lat' dir='ltr'>qui</span> <span class='ocrx_word' id='word_1_417' title='bbox 365 2473 633 2525; x_wconf 86' lang='lat' dir='ltr'>propinaturi</span> <span class='ocrx_word' id='word_1_418' title='bbox 654 2477 755 2511; x_wconf 88' lang='lat' dir='ltr'>sunt</span> <span class='ocrx_word' id='word_1_419' title='bbox 774 2485 999 2519; x_wconf 76' lang='lat' dir='ltr'>venenum,</span> <span class='ocrx_word' id='word_1_420' title='bbox 1022 2472 1215 2511; x_wconf 90' lang='lat' dir='ltr'>dulcibus</span> <span class='ocrx_word' id='word_1_421' title='bbox 1236 2475 1280 2511; x_wconf 90' lang='lat' dir='ltr'>et</span> <span class='ocrx_word' id='word_1_422' title='bbox 1297 2472 1493 2510; x_wconf 88' lang='lat' dir='ltr'>iucundis</span> <span class='ocrx_word' id='word_1_423' title='bbox 1514 2470 1760 2523; x_wconf 91' lang='lat' dir='ltr'>potionibus</span> <span class='ocrx_word' id='word_1_424' title='bbox 1780 2483 1869 2522; x_wconf 88' lang='lat' dir='ltr'>per-</span> 
     </span>
     <span class='ocr_line' id='line_1_44' title="bbox 271 2524 1872 2578; baseline -0.002 -11"><span class='ocrx_word' id='word_1_425' title='bbox 271 2529 464 2574; x_wconf 89' lang='lat' dir='ltr'>miscent,</span> <span class='ocrx_word' id='word_1_426' title='bbox 485 2528 548 2566; x_wconf 88' lang='lat' dir='ltr'>ita</span> <span class='ocrx_word' id='word_1_427' title='bbox 565 2531 615 2566; x_wconf 94' lang='lat' dir='ltr'>tu</span> <span class='ocrx_word' id='word_1_428' title='bbox 633 2528 818 2578; x_wconf 89' lang='lat' dir='ltr'>primum</span> <span class='ocrx_word' id='word_1_429' title='bbox 835 2527 1009 2577; x_wconf 82' lang='lat' dir='ltr'>quide-m</span> <span class='ocrx_word' id='word_1_430' title='bbox 1029 2527 1305 2578; x_wconf 86' lang='lat' dir='ltr'>praestigium</span> <span class='ocrx_word' id='word_1_431' title='bbox 1321 2526 1539 2576; x_wconf 88' lang='lat' dir='ltr'>quoddam</span> <span class='ocrx_word' id='word_1_432' title='bbox 1551 2525 1737 2564; x_wconf 82' lang='lat' dir='ltr'>faciebas</span> <span class='ocrx_word' id='word_1_433' title='bbox 1749 2524 1872 2563; x_wconf 86' lang='lat' dir='ltr'>nobis</span> 
     </span>
    </p>

    <p class='ocr_par' dir='ltr' id='par_1_12' title="bbox 192 2579 1874 2741">
     <span class='ocr_line' id='line_1_45' title="bbox 192 2579 1871 2634; baseline -0.002 -13"><span class='ocrx_word' id='word_1_434' title='bbox 192 2595 249 2634; x_wconf 78' lang='lat'>163</span> <span class='ocrx_word' id='word_1_435' title='bbox 271 2582 515 2633; x_wconf 88' lang='lat' dir='ltr'>eloquentia</span> <span class='ocrx_word' id='word_1_436' title='bbox 544 2586 635 2628; x_wconf 88' lang='lat' dir='ltr'>tua,</span> <span class='ocrx_word' id='word_1_437' title='bbox 668 2581 884 2628; x_wconf 84' lang='lat' dir='ltr'>barbaros,</span> <span class='ocrx_word' id='word_1_438' title='bbox 916 2581 1075 2620; x_wconf 79' lang='lat' dir='ltr'>feroces</span> <span class='ocrx_word' id='word_1_439' title='bbox 1106 2586 1150 2620; x_wconf 92' lang='lat' dir='ltr'>et</span> <span class='ocrx_word' id='word_1_440' title='bbox 1179 2580 1410 2620; x_wconf 89' lang='lat' dir='ltr'>indomitos</span> <span class='ocrx_word' id='word_1_441' title='bbox 1442 2579 1725 2625; x_wconf 86' lang='lat' dir='ltr'>demulcebas,</span> <span class='ocrx_word' id='word_1_442' title='bbox 1757 2580 1871 2618; x_wconf 83' lang='lat' dir='ltr'>viam</span> 
     </span>
     <span class='ocr_line' id='line_1_46' title="bbox 271 2632 1874 2687; baseline -0.002 -12"><span class='ocrx_word' id='word_1_443' title='bbox 271 2636 525 2676; x_wconf 89' lang='lat' dir='ltr'>ostendebas</span> <span class='ocrx_word' id='word_1_444' title='bbox 554 2649 641 2687; x_wconf 92' lang='lat' dir='ltr'>qua</span> <span class='ocrx_word' id='word_1_445' title='bbox 668 2649 888 2687; x_wconf 87' lang='lat' dir='ltr'>possemus</span> <span class='ocrx_word' id='word_1_446' title='bbox 915 2649 1002 2674; x_wconf 86' lang='lat' dir='ltr'>non</span> <span class='ocrx_word' id='word_1_447' title='bbox 1030 2640 1121 2674; x_wconf 88' lang='lat' dir='ltr'>tam</span> <span class='ocrx_word' id='word_1_448' title='bbox 1151 2635 1266 2674; x_wconf 87' lang='lat' dir='ltr'>docti</span> <span class='ocrx_word' id='word_1_449' title='bbox 1295 2634 1474 2674; x_wconf 89' lang='lat' dir='ltr'>euadere</span> <span class='ocrx_word' id='word_1_450' title='bbox 1502 2647 1633 2686; x_wconf 90' lang='lat' dir='ltr'>quam</span> <span class='ocrx_word' id='word_1_451' title='bbox 1661 2634 1734 2685; x_wconf 88' lang='lat' dir='ltr'>pii.</span> <span class='ocrx_word' id='word_1_452' title='bbox 1792 2632 1874 2673; x_wconf 88' lang='lat' dir='ltr'>Sed</span> 
     </span>
     <span class='ocr_line' id='line_1_47' title="bbox 272 2688 1874 2741; baseline -0.002 -11"><span class='ocrx_word' id='word_1_453' title='bbox 272 2704 368 2730; x_wconf 84' lang='lat' dir='ltr'>cum</span> <span class='ocrx_word' id='word_1_454' title='bbox 389 2691 498 2730; x_wconf 90' lang='lat' dir='ltr'>hanc</span> <span class='ocrx_word' id='word_1_455' title='bbox 518 2692 676 2730; x_wconf 90' lang='lat' dir='ltr'>multos</span> <span class='ocrx_word' id='word_1_456' title='bbox 695 2690 859 2729; x_wconf 79' lang='lat' dir='ltr'>Videres</span> <span class='ocrx_word' id='word_1_457' title='bbox 879 2695 1026 2737; x_wconf 86' lang='lat' dir='ltr'>terere,</span> <span class='ocrx_word' id='word_1_458' title='bbox 1049 2694 1091 2729; x_wconf 91' lang='lat' dir='ltr'>et</span> <span class='ocrx_word' id='word_1_459' title='bbox 1111 2690 1318 2741; x_wconf 89' lang='lat' dir='ltr'>quosdam</span> <span class='ocrx_word' id='word_1_460' title='bbox 1338 2703 1427 2728; x_wconf 90' lang='lat' dir='ltr'>esse</span> <span class='ocrx_word' id='word_1_461' title='bbox 1447 2690 1521 2740; x_wconf 90' lang='lat' dir='ltr'>qui</span> <span class='ocrx_word' id='word_1_462' title='bbox 1539 2690 1584 2728; x_wconf 91' lang='lat' dir='ltr'>in</span> <span class='ocrx_word' id='word_1_463' title='bbox 1602 2689 1681 2728; x_wconf 88' lang='lat' dir='ltr'>hoc</span> <span class='ocrx_word' id='word_1_464' title='bbox 1701 2688 1874 2738; x_wconf 88' lang='lat' dir='ltr'>negocio</span> 
     </span>
    </p>
   </div>
   <div class='ocr_carea' id='block_1_3' title="bbox 272 2774 1873 2906">
    <p class='ocr_par' dir='ltr' id='par_1_13' title="bbox 272 2774 1873 2906">
     <span class='ocr_line' id='line_1_48' title="bbox 319 2774 1872 2821; baseline -0.003 -11"><span class='ocrx_word' id='word_1_465' title='bbox 319 2778 392 2819; x_wconf 82' lang='lat'><strong>136.</strong></span> <span class='ocrx_word' id='word_1_466' title='bbox 419 2779 441 2811; x_wconf 83' lang='grc' dir='ltr'><em>Β</em></span> <span class='ocrx_word' id='word_1_467' title='bbox 458 2790 465 2809; x_wconf 89' lang='lat'>:</span> <span class='ocrx_word' id='word_1_468' title='bbox 497 2787 682 2819; x_wconf 85' lang='lat' dir='ltr'>pareamus</span> <span class='ocrx_word' id='word_1_469' title='bbox 701 2790 731 2808; x_wconf 76' lang='grc' dir='ltr'>α.</span> <span class='ocrx_word' id='word_1_470' title='bbox 836 2789 909 2821; x_wconf 82' lang='lat'>144.</span> <span class='ocrx_word' id='word_1_471' title='bbox 935 2782 971 2809; x_wconf 82' lang='lat' dir='ltr'>et</span> <span class='ocrx_word' id='word_1_472' title='bbox 988 2777 1140 2809; x_wconf 85' lang='lat' dir='ltr'>nullam.</span> <span class='ocrx_word' id='word_1_473' title='bbox 1158 2802 1164 2808; x_wconf 92' lang='lat'><em>.</em></span> <span class='ocrx_word' id='word_1_474' title='bbox 1181 2802 1187 2809; x_wconf 93' lang='lat'><strong><em>.</em></strong></span> <span class='ocrx_word' id='word_1_475' title='bbox 1211 2781 1282 2820; x_wconf 79' lang='lat'>146.</span> <span class='ocrx_word' id='word_1_476' title='bbox 1303 2778 1475 2818; x_wconf 78' lang='lat' dir='ltr'>optimam</span> <span class='ocrx_word' id='word_1_477' title='bbox 1492 2776 1605 2808; x_wconf 78' lang='lat' dir='ltr'>facere</span> <span class='ocrx_word' id='word_1_478' title='bbox 1622 2787 1659 2807; x_wconf 80' lang='lat' dir='ltr'>a:</span> <span class='ocrx_word' id='word_1_479' title='bbox 1684 2785 1766 2807; x_wconf 89' lang='lat' dir='ltr'>nam</span> <span class='ocrx_word' id='word_1_480' title='bbox 1779 2774 1872 2806; x_wconf 83' lang='lat' dir='ltr'>nulla</span> 
     </span>
     <span class='ocr_line' id='line_1_49' title="bbox 272 2819 1873 2863; baseline -0.002 -12"><span class='ocrx_word' id='word_1_481' title='bbox 272 2831 396 2852; x_wconf 79' lang='lat' dir='ltr'>caussa</span> <span class='ocrx_word' id='word_1_482' title='bbox 414 2824 489 2852; x_wconf 78' lang='lat' dir='ltr'>tam</span> <span class='ocrx_word' id='word_1_483' title='bbox 507 2820 599 2852; x_wconf 87' lang='lat' dir='ltr'>mala</span> <span class='ocrx_word' id='word_1_484' title='bbox 617 2825 671 2853; x_wconf 87' lang='lat' dir='ltr'>est</span> <span class='ocrx_word' id='word_1_485' title='bbox 689 2831 796 2862; x_wconf 87' lang='lat' dir='ltr'>quam</span> <span class='ocrx_word' id='word_1_486' title='bbox 817 2825 857 2853; x_wconf 91' lang='lat' dir='ltr'>tu</span> <span class='ocrx_word' id='word_1_487' title='bbox 878 2832 949 2854; x_wconf 88' lang='lat' dir='ltr'>non</span> <span class='ocrx_word' id='word_1_488' title='bbox 968 2821 1079 2863; x_wconf 88' lang='lat' dir='ltr'>possis</span> <span class='ocrx_word' id='word_1_489' title='bbox 1103 2822 1275 2862; x_wconf 82' lang='lat' dir='ltr'>optimam</span> <span class='ocrx_word' id='word_1_490' title='bbox 1299 2821 1424 2860; x_wconf 86' lang='lat' dir='ltr'>facere,</span> <span class='ocrx_word' id='word_1_491' title='bbox 1445 2820 1541 2852; x_wconf 87' lang='lat' dir='ltr'>nulla</span> <span class='ocrx_word' id='word_1_492' title='bbox 1563 2824 1637 2851; x_wconf 83' lang='lat' dir='ltr'>tam</span> <span class='ocrx_word' id='word_1_493' title='bbox 1656 2819 1747 2851; x_wconf 87' lang='lat' dir='ltr'>bona</span> <span class='ocrx_word' id='word_1_494' title='bbox 1767 2827 1873 2860; x_wconf 80' lang='lat' dir='ltr'>quam</span> 
     </span>
     <span class='ocr_line' id='line_1_50' title="bbox 277 2864 902 2906; baseline 0.005 -11"><span class='ocrx_word' id='word_1_495' title='bbox 277 2873 347 2896; x_wconf 90' lang='lat' dir='ltr'>non</span> <span class='ocrx_word' id='word_1_496' title='bbox 362 2864 474 2905; x_wconf 86' lang='lat' dir='ltr'>possis</span> <span class='ocrx_word' id='word_1_497' title='bbox 491 2868 530 2896; x_wconf 84' lang='lat' dir='ltr'>tu</span> <span class='ocrx_word' id='word_1_498' title='bbox 546 2865 735 2906; x_wconf 80' lang='lat' dir='ltr'>pessimam</span> <span class='ocrx_word' id='word_1_499' title='bbox 750 2865 865 2897; x_wconf 83' lang='lat' dir='ltr'>facere</span> <span class='ocrx_word' id='word_1_500' title='bbox 880 2868 902 2899; x_wconf 77' lang='grc' dir='ltr'>β</span> 
     </span>
    </p>
   </div>
   <div class='ocr_carea' id='block_1_4' title="bbox 321 2960 1839 3065">
    <p class='ocr_par' dir='ltr' id='par_1_14' title="bbox 321 2960 1839 3065">
     <span class='ocr_line' id='line_1_51' title="bbox 321 2960 1839 3021; baseline -0.003 -8"><span class='ocrx_word' id='word_1_501' title='bbox 321 2990 393 3013; x_wconf 85' lang='lat'>122.</span> <span class='ocrx_word' id='word_1_502' title='bbox 419 2979 700 3021; x_wconf 68' lang='lat' dir='ltr'>epistolae]²;Ep.&#39;</span> <span class='ocrx_word' id='word_1_503' title='bbox 713 2981 808 3020; x_wconf 75' lang='lat'>1380.</span> <span class='ocrx_word' id='word_1_504' title='bbox 831 2980 929 3020; x_wconf 78' lang='lat'><strong>82—3.</strong></span> <span class='ocrx_word' id='word_1_505' title='bbox 987 2960 990 2961; x_wconf 12' lang='grc' dir='ltr'><em>γ</em></span> <span class='ocrx_word' id='word_1_506' title='bbox 1160 2989 1231 3019; x_wconf 78' lang='lat'>133.</span> <span class='ocrx_word' id='word_1_507' title='bbox 1257 2978 1372 3020; x_wconf 83' lang='lat' dir='ltr'>gladio</span> <span class='ocrx_word' id='word_1_508' title='bbox 1387 2975 1548 3017; x_wconf 84' lang='lat' dir='ltr'>ancipiti]</span> <span class='ocrx_word' id='word_1_509' title='bbox 1563 2975 1612 3007; x_wconf 82' lang='lat' dir='ltr'>Cf.</span> <span class='ocrx_word' id='word_1_510' title='bbox 1631 2975 1723 3007; x_wconf 83' lang='lat' dir='ltr'>Heb.</span> <span class='ocrx_word' id='word_1_511' title='bbox 1738 2985 1770 3014; x_wconf 72' lang='lat'>4.</span> <span class='ocrx_word' id='word_1_512' title='bbox 1790 2985 1839 3008; x_wconf 78' lang='lat'>12.</span> 
     </span>
     <span class='ocr_line' id='line_1_52' title="bbox 321 3018 1777 3065; baseline -0.004 -8"><span class='ocrx_word' id='word_1_513' title='bbox 321 3032 393 3064; x_wconf 88' lang='lat'><em>131.</em></span> <span class='ocrx_word' id='word_1_514' title='bbox 418 3022 543 3065; x_wconf 84' lang='lat' dir='ltr'>paleis]</span> <span class='ocrx_word' id='word_1_515' title='bbox 559 3020 615 3056; x_wconf 68' lang='lat' dir='ltr'>Off</span> <span class='ocrx_word' id='word_1_516' title='bbox 630 3023 744 3056; x_wconf 84' lang='lat' dir='ltr'>Exod.</span> <span class='ocrx_word' id='word_1_517' title='bbox 765 3032 793 3064; x_wconf 82' lang='grc'>5.</span> <span class='ocrx_word' id='word_1_518' title='bbox 1159 3031 1229 3063; x_wconf 73' lang='grc'>152,</span> <span class='ocrx_word' id='word_1_519' title='bbox 1259 3018 1517 3062; x_wconf 81' lang='lat' dir='ltr'>timebantque]</span> <span class='ocrx_word' id='word_1_520' title='bbox 1532 3019 1582 3052; x_wconf 73' lang='lat'>(31.</span> <span class='ocrx_word' id='word_1_521' title='bbox 1601 3019 1655 3052; x_wconf 84' lang='lat' dir='ltr'>Ps.</span> <span class='ocrx_word' id='word_1_522' title='bbox 1675 3029 1728 3062; x_wconf 86' lang='lat'>52.</span> <span class='ocrx_word' id='word_1_523' title='bbox 1743 3021 1777 3052; x_wconf 79' lang='lat'>6.</span> 
     </span>
    </p>
   </div>
  </div>
 </body>
</html>
