2012 3370
141 148 264 201 1427]
562 148 634 187 TO
663 147 964 187 MELOHIOR
995 148 1323 189 VIANDALUS
1652 151 1730 189 413

138 255 265 289 second
284 256 417 288 edition
438 256 474 288 of
493 254 567 289 Cat.
588 254 666 287 Luc.
690 255 728 295 (1,
750 264 783 296 p.
805 264 858 287 21.
880 256 1012 297 15-16)‚
1028 256 1099 289 and
1115 256 1158 290 cf.
1181 256 1245 298 Ep.
1273 265 1364 297 1437.
1384 266 1457 289 220.
1506 256 1579 289 The
1599 260 1678 290 text
1697 257 1733 289 of

138 300 200 333 the
219 299 343 332 Gouda
361 299 430 333 MS.
453 300 487 340 (α
504 311 513 338 ;
544 309 600 331 see
617 298 708 340 App.
728 307 750 337 9
768 299 805 331 in
823 298 893 331 vol.
913 300 938 340 i)
959 308 1023 331 can
1043 299 1168 341 hardly
1187 300 1276 333 have
1296 300 1383 333 been
1401 300 1543 332 derived
1561 299 1652 332 from
1671 300 1732 332 the

139 343 279 385 printed
301 343 403 381 book,
427 342 497 375 and
518 352 557 375 so
579 352 661 383 may
682 341 772 374 have
794 342 1026 384 precedence;
1063 342 1128 375 but
1149 343 1168 375 I
1190 344 1280 376 have
1302 343 1484 376 discarded
1504 344 1553 376 its
1574 343 1730 387 spelling.

139 387 212 419 The
229 386 444 429 Paraphrase
460 396 530 419 was
546 385 734 428 reprinted,
752 386 914 428 together
930 386 1017 418 with
1033 386 1134 418 those
1151 387 1187 419 of
1204 387 1276 420 Pss.
1300 397 1312 419 1
1334 387 1404 419 and
1421 397 1439 419 2
1460 388 1529 428 (see
1546 387 1635 429 Epp.
1658 396 1731 428 327,

142 439 228 471 1304
249 431 393 471 introd.)
416 431 452 462 in
474 429 535 462 the
556 428 713 461 undated
736 429 872 461 Froben
895 429 1034 462 volume
1058 431 1258 462 mentioned
1280 432 1316 463 in
1340 431 1405 473 Ep.
1432 440 1494 471 327
1517 430 1646 463 introd.
1673 431 1732 470 (73

140 474 194 506 for
209 474 321 506 which
338 473 356 506 I
373 484 437 506 can
452 473 526 506 still
541 473 611 505 find
628 472 711 514 only
726 472 787 504 the
804 472 953 515 Cologne
969 474 1103 515 reprint
1118 473 1155 506 of
1174 476 1283 515 1524),
1301 474 1371 506 and
1386 475 1490 516 again
1510 473 1602 506 ‘iam
1618 475 1733 507 denuo

139 527 200 559 per
214 521 372 550 autorem
387 517 563 560 recognita
577 516 585 529 ’
602 516 650 557 by
664 516 799 548 Froben
813 516 850 548 in
872 516 953 549 Feb.
974 525 1054 558 1525
1074 517 1118 557 (δ)
1134 529 1143 555 ;
1172 517 1236 550 but
1250 521 1314 549 not
1327 519 1363 550 in
1378 518 1438 550 the
1453 518 1580 550 second
1598 518 1733 551 Froben

139 561 271 593 edition
287 561 322 593 of
336 561 397 593 the
412 559 666 600 Exomoloqesis,
682 559 802 591 March
820 568 914 601 1530.
954 560 1026 592 The
1041 560 1223 601 year-date
1238 561 1342 594 needs
1357 572 1403 593 no
1419 562 1690 602 confirmation]

140 662 342 692 ERASMVS
376 662 703 692 ROTERODAMVS
739 662 915 690 DOMINO
950 662 1200 691 MELCfflORI
1234 663 1463 691 VIANDALO
1499 663 1733 692 THEOLOGO

911 716 975 744 SA.
1007 716 1069 744 DI.

194 777 455 818 COMMODVM
503 776 769 816 absolueram
818 776 1117 828 Paraphrasim
1165 778 1210 816 in
1258 777 1369 816 Acta
1417 778 1734 830 Apostolorum,

140 831 345 872 Viandale
377 831 631 879 charissime,
663 844 741 870 nec
772 834 871 882 post
901 831 946 870 id
976 831 1181 883 temporis
1213 832 1459 883 suspicabar
1490 845 1735 885 quenquam

139 887 401 926 exoriturum
431 886 506 938 qui
534 898 602 925 me
632 885 685 924 de
714 885 964 937 paraphrasi
993 885 1105 925 foret
1133 885 1493 937 interpellaturus.
1552 887 1611 926 Et
1641 900 1736 927 ecce

138 940 330 980 redditur
354 940 473 980 velut
497 953 550 979 ex
573 939 737 979 insidiis
759 943 837 979 tua
861 939 1041 991 epistola
1065 953 1175 992 quae
1200 940 1304 979 mihi
1329 942 1602 980 securitatem
1626 941 1736 980 hanc

140 999 372 1042 excuteret,
405 994 569 1034 nuHum
600 1007 687 1034 non
719 1007 895 1033 mouens
926 994 1113 1046 lapidem
1145 1007 1231 1046 quo
1263 995 1367 1035 mihi
1399 995 1655 1047 persuadeat
1687 999 1737 1034 vt
1758 1007 1773 1041 5

140 1049 256 1101 quod
281 1050 326 1089 in
351 1049 523 1089 Nouum
548 1048 871 1088 Testamentum
896 1047 1101 1096 fecissem,
1128 1049 1241 1088 idem
1267 1048 1450 1089 facerem
1475 1050 1519 1089 in
1545 1049 1737 1089 Psalmos

141 1104 356 1155 mysticos.
423 1103 561 1151 Quam
596 1103 664 1142 hic
700 1103 955 1142 instructam
992 1107 1339 1155 argumentorum
1376 1105 1509 1143 aciem
1546 1104 1735 1151 adducis,

141 1170 226 1209 quo
262 1170 342 1205 me,
372 1158 407 1197 si
440 1157 692 1209 persuadere
726 1170 925 1209 nequeas,
956 1157 1025 1197 vel
1059 1170 1183 1209 cogas
1217 1158 1262 1197 in
1296 1162 1418 1197 tuam
1453 1159 1736 1198 sententiam!

142 1212 256 1250 Dum
284 1211 485 1251 dextrum
513 1211 717 1251 admoues
746 1224 889 1260 cornu,
919 1224 1027 1264 quas
1055 1224 1142 1251 non
1174 1212 1321 1251 laudes
1348 1213 1394 1252 in
1423 1225 1489 1252 me
1519 1213 1736 1264 congeris!

141 1266 220 1305 Est
248 1270 394 1305 autem
421 1266 628 1318 imprimis
656 1265 845 1306 violenta
872 1278 952 1314 res,
982 1267 1181 1318 quamuis
1208 1266 1380 1314 blanda,
1410 1267 1615 1307 laudatio.
1673 1267 1737 1306 Tu
1759 1280 1798 1302 10

140 1324 286 1360 tamen
310 1321 374 1359 ita
399 1319 548 1359 laudas
574 1324 625 1359 vt
650 1320 883 1359 contendas
909 1320 1013 1359 mihi
1043 1320 1295 1372 persuadere
1325 1322 1469 1360 omnia
1495 1334 1583 1360 esse
1610 1322 1738 1361 veris-

140 1375 260 1422 sima,
291 1378 342 1413 vt
368 1373 530 1413 inficias
555 1374 616 1413 ire
644 1387 731 1413 non
758 1374 898 1413 liceat.
957 1374 1009 1414 In
1038 1375 1209 1414 sinistro
1239 1379 1384 1414 autem
1414 1388 1545 1415 cornu
1574 1380 1738 1427 quanto

139 1429 373 1480 pugnacius
393 1440 559 1467 mecum
580 1429 668 1480 agis
687 1427 695 1467 !
728 1427 881 1468 Obruis
901 1441 968 1467 me
987 1428 1083 1468 telis
1112 1433 1471 1480 argumentorum,
1494 1442 1519 1468 a
1545 1442 1613 1469 me
1642 1442 1738 1468 con-

138 1484 250 1522 iecta
278 1482 346 1522 vel
374 1482 562 1522 deflectis
591 1486 771 1534 excepta
800 1482 962 1534 clypeo,
992 1483 1073 1530 vel,
1104 1483 1221 1535 quod
1243 1487 1309 1523 est
1336 1483 1578 1531 violentius,
1608 1485 1739 1523 etiam

141 1538 186 1577 in
205 1549 274 1576 me
292 1540 524 1589 retorques.
582 1536 825 1576 Praecludis
845 1550 990 1576 omnes
1010 1538 1114 1586 vias,
1136 1550 1190 1577 ne
1210 1550 1296 1590 qua
1315 1542 1465 1590 pateat
1495 1538 1737 1590 suffugium.
1762 1551 1798 1584 15

140 1591 334 1644 Denique
361 1604 414 1631 ne
443 1591 547 1644 quid
576 1592 807 1640 omitteres,
837 1604 971 1643 vrges,
1002 1591 1243 1640 obtestaris,
1274 1592 1552 1645 precibusque
1588 1594 1738 1640 minas,

142 1650 192 1686 vt
219 1646 282 1685 ait
307 1645 390 1694 ille,
419 1645 615 1698 regaliter
643 1645 778 1685 addis.
837 1645 1036 1686 Ostendis
1064 1646 1298 1698 periculum
1325 1660 1392 1695 ne,
1423 1648 1458 1686 si
1486 1647 1602 1699 quod
1630 1648 1741 1699 petis

140 1712 348 1747 recusam,
381 1704 529 1752 pereat
560 1700 663 1739 mihi
695 1701 832 1739 omnis
863 1701 1088 1752 superioris
1118 1701 1353 1741 industriae
1385 1703 1536 1753 gratia,
1568 1703 1655 1741 imo
1686 1715 1740 1741 ne

142 1767 219 1806 pro
250 1758 426 1806 captata
456 1754 588 1806 gloria
617 1754 797 1793 referam
826 1755 1116 1806 ignominiam.
1176 1755 1388 1795 Nimirum
1419 1756 1501 1795 huc
1532 1755 1739 1795 tendebat

142 1808 215 1848 illa
246 1808 384 1848 laudis
416 1821 468 1847 ex
501 1808 836 1860 Paraphrasibus
869 1809 985 1860 apud
1018 1822 1142 1848 omne
1174 1822 1306 1861 genus
1338 1809 1559 1849 hominum
1592 1814 1740 1862 partae
1758 1823 1802 1846 20

143 1863 346 1902 mirabilis
375 1862 662 1915 amplificatio,
698 1876 783 1914 quo
821 1864 956 1915 magis
993 1867 1170 1903 terreret
1207 1863 1439 1915 periculum
1478 1864 1742 1904 amittendae

142 1922 234 1957 tam
270 1918 459 1969 egregiae
494 1918 795 1968 possessionis;
848 1917 1021 1969 perinde
1057 1918 1179 1969 quasi
1215 1922 1424 1970 tyrannus
1461 1919 1577 1958 dicat
1613 1920 1739 1970 patri,

145 1972 155 1988 ‘
174 1971 352 2023 Respice
383 1971 537 2011 liberos
568 1975 666 2010 tuos
698 1985 829 2023 quam
860 1971 1018 2011 habeas
1050 1972 1275 2024 elegantes,
1310 1986 1440 2025 quam
1471 1974 1576 2025 pios,
1611 1986 1740 2025 quam

144 2027 335 2078 ingenuis
377 2026 586 2077 expolitos
627 2026 805 2073 artibus,
848 2039 979 2078 quam
1021 2026 1269 2078 magnificae
1311 2028 1400 2079 spei
1440 2032 1578 2067 natos.
1650 2027 1742 2066 Hos

141 2081 384 2120 interimam
413 2093 571 2127 omnes,
608 2081 652 2119 ni
688 2080 791 2119 mihi
826 2081 1053 2132 parueris'.
1118 2081 1177 2120 Et
1211 2094 1264 2120 ne
1300 2081 1403 2121 mihi
1439 2083 1494 2121 sit
1529 2083 1741 2133 integrum
1761 2096 1801 2127 23

144 2147 296 2186 negare
322 2134 438 2186 quod
464 2134 644 2186 flagitor,
672 2136 753 2174 nisi
780 2135 907 2174 velim
933 2136 1062 2187 impie
1089 2135 1268 2174 difficilis
1295 2136 1443 2183 videri,
1471 2136 1576 2175 facis
1602 2140 1742 2175 totam

145 2189 365 2228 ciuitatem
398 2188 681 2229 Christianam
713 2189 892 2241 pedibus
925 2191 1029 2228 meis
1061 2189 1312 2229 aduolutam
1344 2190 1424 2230 hoc
1457 2203 1612 2242 magno
1645 2203 1740 2230 con-

144 2256 268 2283 sensu
299 2243 527 2295 postulare.
587 2243 742 2296 Itaque
771 2243 966 2283 futurum
996 2244 1227 2284 denuncias
1258 2248 1320 2291 vt,
1352 2246 1397 2284 ni
1428 2258 1620 2296 paruero,
1652 2246 1741 2284 iure

144 2297 290 2337 videar
323 2298 519 2337 omnibus
552 2298 723 2350 ineptus
755 2298 1017 2350 deprecator,
1053 2298 1259 2351 superbus
1292 2303 1530 2346 excusator,
1566 2299 1742 2338 callidus

144 2353 457 2404 tergiuersator.
550 2352 632 2392 Vbi
671 2365 784 2392 nuno
824 2356 890 2392 est
928 2352 1001 2392 illa
1041 2355 1206 2395 δείνωσις
1244 2353 1611 2393 Demosthenica?
1669 2353 1742 2392 vbi
1763 2367 1804 2398 30

146 2405 315 2446 Periclis
339 2405 508 2458 fulgura
533 2419 582 2446 ac
608 2407 800 2446 tonitrua
820 2410 836 2446 ἱ)
894 2407 1061 2459 Frigere
1086 2408 1305 2459 iacereque
1332 2409 1476 2447 omnia
1500 2407 1740 2453 videantur,

144 2462 179 2500 si
204 2473 301 2500 cum
325 2460 450 2500 huius
475 2460 672 2501 dictionis
696 2461 967 2501 vehementia
991 2462 1194 2502 conferas.

199 2514 333 2566 Atqui
363 2515 517 2563 isthuc,
551 2516 610 2555 mi
641 2515 854 2563 Melchior,
888 2529 975 2555 non
1007 2521 1072 2555 est
1104 2516 1280 2555 suadere
1312 2516 1386 2555 sed
1418 2529 1577 2567 cogere.
1640 2515 1743 2563 Quis

146 2573 290 2608 autem
324 2569 560 2609 crediturus
594 2574 687 2609 erat
719 2569 989 2609 Melchiorem
1022 2571 1066 2610 in
1095 2570 1327 2610 dialecticis
1360 2583 1410 2610 ac
1443 2568 1743 2621 philosophicis

147 2624 324 2674 argutiis
351 2635 458 2674 pene
487 2623 693 2663 detritum
721 2628 895 2664 tantum
923 2628 1066 2664 tenere
1094 2625 1360 2664 rhetorices?
1419 2624 1510 2676 Ego
1539 2637 1653 2671 vero,
1684 2624 1742 2662 mi
1763 2638 1802 2671 35

147 2676 365 2724 Viandale‚
394 2679 430 2716 si
457 2677 536 2717 hoc
564 2679 732 2725 aetatis,
761 2679 797 2717 si
823 2678 903 2717 hac
931 2678 1189 2725 valetudine,
1219 2680 1253 2717 si
1282 2679 1346 2717 his
1374 2679 1743 2717 exulceratissimis

192 2777 261 2800 'rna
288 2777 433 2800 DOMINO
450 2779 512 2801 om.
532 2771 566 2803 β.
828 2778 860 2808 4.
887 2771 909 2803 β
926 2781 933 2801 :
964 2768 1068 2800 velud
1086 2781 1117 2801 a.
1415 2779 1461 2802 12.
1488 2773 1608 2801 autem
1625 2780 1687 2802 om.
1706 2773 1740 2805 β.

147 2822 200 2853 24.
225 2812 360 2844 artibus
376 2811 549 2853 expolitos
565 2814 598 2846 β.
872 2819 923 2851 25.
950 2821 1069 2843 omnes
1085 2823 1148 2844 om.
1167 2815 1200 2847 β.
1500 2812 1549 2845 Et
1565 2825 1583 2843 α
1602 2825 1609 2845 :
1640 2813 1690 2845 Ac
1707 2816 1740 2848 β.

149 2865 200 2898 30.
225 2859 272 2891 βε
302 2855 434 2887 dinosis
450 2867 481 2886 α.
727 2865 776 2897 31.
803 2855 991 2888 videantur
1007 2856 1124 2888 omnia
1140 2858 1173 2890 β.
1443 2866 1459 2896 3
1466 2866 1493 2897 3.
1521 2860 1542 2892 β
1559 2869 1567 2889 z
1597 2856 1692 2890 istud
1711 2869 1739 2888 a.

149 2907 199 2942 35.
225 2899 274 2932 mi
290 2898 458 2933 Viandale
474 2897 550 2931 add.
568 2901 602 2933 β.

197 3014 223 3037 1.
250 3003 590 3045 Paraphrasin1]Seo
608 3002 672 3045 Ep.
696 3013 788 3044 1414·
1031 3014 1075 3044 ¹7-
1102 3003 1174 3044 illc]
1190 3003 1252 3036 Ov.
1274 3004 1322 3036 M.
1343 3014 1371 3035 2.
1393 3014 1463 3044 307.

192 3058 223 3089 4.
249 3047 412 3090 epistola]
426 3047 500 3080 Not
513 3051 649 3081 extant.
1027 3055 1076 3089 35.
1103 3058 1190 3089 pene
1207 3047 1393 3088 detritum]
1407 3048 1457 3081 Cf.
1477 3048 1541 3090 Ep.
1564 3057 1656 3090 1237.
1673 3057 1728 3089 42.
