<?xml version="1.0" encoding="UTF-8"?>
<!DOCTYPE html PUBLIC "-//W3C//DTD XHTML 1.0 Transitional//EN"
    "http://www.w3.org/TR/xhtml1/DTD/xhtml1-transitional.dtd">
<html xmlns="http://www.w3.org/1999/xhtml" xml:lang="en" lang="en">
 <head>
  <title>
</title>
<meta http-equiv="Content-Type" content="text/html;charset=utf-8" />
  <meta name='ocr-system' content='tesseract 3.04.00' />
  <meta name='ocr-capabilities' content='ocr_page ocr_carea ocr_par ocr_line ocrx_word'/>
</head>
<body>
  <div class='ocr_page' id='page_1' title='image "./opusepistolarum05eras_0298.png"; bbox 0 0 2012 3370; ppageno 0'>
   <div class='ocr_carea' id='block_1_1' title="bbox 214 151 1893 208">
    <p class='ocr_par' dir='ltr' id='par_1_1' title="bbox 214 151 1893 208">
     <span class='ocr_line' id='line_1_1' title="bbox 214 151 1893 208; baseline 0.004 -17"><span class='ocrx_word' id='word_1_1' title='bbox 214 179 231 191; x_wconf 87' lang='lat'><em>.</em></span> <span class='ocrx_word' id='word_1_2' title='bbox 296 151 374 189; x_wconf 77' lang='lat'>268</span> <span class='ocrx_word' id='word_1_3' title='bbox 766 154 1020 194; x_wconf 75' lang='lat' dir='ltr'>LETTERS</span> <span class='ocrx_word' id='word_1_4' title='bbox 1052 155 1123 194; x_wconf 84' lang='lat' dir='ltr'>OF</span> <span class='ocrx_word' id='word_1_5' title='bbox 1153 155 1419 196; x_wconf 81' lang='lat' dir='ltr'>ERASMUS</span> <span class='ocrx_word' id='word_1_6' title='bbox 1771 158 1893 208; x_wconf 84' lang='lat'>[1523</span> 
     </span>
    </p>
   </div>
   <div class='ocr_carea' id='block_1_2' title="bbox 201 264 1894 1842">
    <p class='ocr_par' dir='ltr' id='par_1_2' title="bbox 201 264 1894 1623">
     <span class='ocr_line' id='line_1_2' title="bbox 293 264 1892 320; baseline 0.004 -19"><span class='ocrx_word' id='word_1_7' title='bbox 293 277 433 302; x_wconf 88' lang='lat' dir='ltr'>rerum</span> <span class='ocrx_word' id='word_1_8' title='bbox 467 264 632 302; x_wconf 88' lang='lat' dir='ltr'>Erasmi</span> <span class='ocrx_word' id='word_1_9' title='bbox 666 265 742 302; x_wconf 85' lang='lat' dir='ltr'>tui.</span> <span class='ocrx_word' id='word_1_10' title='bbox 832 264 991 303; x_wconf 84' lang='lat' dir='ltr'>Triduo</span> <span class='ocrx_word' id='word_1_11' title='bbox 1024 269 1122 316; x_wconf 89' lang='lat' dir='ltr'>post</span> <span class='ocrx_word' id='word_1_12' title='bbox 1155 266 1332 305; x_wconf 89' lang='lat' dir='ltr'>allatum</span> <span class='ocrx_word' id='word_1_13' title='bbox 1366 272 1431 306; x_wconf 88' lang='lat' dir='ltr'>est</span> <span class='ocrx_word' id='word_1_14' title='bbox 1463 267 1743 318; x_wconf 87' lang='lat' dir='ltr'>priuilegium,</span> <span class='ocrx_word' id='word_1_15' title='bbox 1777 268 1892 320; x_wconf 92' lang='lat' dir='ltr'>quod</span> 
     </span>
     <span class='ocr_line' id='line_1_3' title="bbox 293 318 1893 372; baseline 0.004 -16"><span class='ocrx_word' id='word_1_16' title='bbox 293 331 318 355; x_wconf 93' lang='lat' dir='ltr'>a</span> <span class='ocrx_word' id='word_1_17' title='bbox 335 318 604 357; x_wconf 88' lang='lat' dir='ltr'>Ferdjnando</span> <span class='ocrx_word' id='word_1_18' title='bbox 622 319 725 357; x_wconf 86' lang='lat' dir='ltr'>meis</span> <span class='ocrx_word' id='word_1_19' title='bbox 740 318 872 357; x_wconf 87' lang='lat' dir='ltr'>literis</span> <span class='ocrx_word' id='word_1_20' title='bbox 888 320 1116 370; x_wconf 89' lang='lat' dir='ltr'>impetraui</span> <span class='ocrx_word' id='word_1_21' title='bbox 1134 320 1355 360; x_wconf 83' lang='lat' dir='ltr'>Frobenio.</span> <span class='ocrx_word' id='word_1_22' title='bbox 1402 322 1596 372; x_wconf 81' lang='lat' dir='ltr'>Epistola</span> <span class='ocrx_word' id='word_1_23' title='bbox 1611 326 1758 361; x_wconf 89' lang='lat' dir='ltr'>nostra</span> <span class='ocrx_word' id='word_1_24' title='bbox 1773 324 1893 362; x_wconf 82' lang='lat' dir='ltr'>venit</span> 
     </span>
     <span class='ocr_line' id='line_1_4' title="bbox 292 373 1890 428; baseline 0.004 -18"><span class='ocrx_word' id='word_1_25' title='bbox 292 374 335 410; x_wconf 89' lang='lat' dir='ltr'>in</span> <span class='ocrx_word' id='word_1_26' title='bbox 367 378 585 423; x_wconf 88' lang='lat' dir='ltr'>tempore:</span> <span class='ocrx_word' id='word_1_27' title='bbox 635 385 735 411; x_wconf 87' lang='lat' dir='ltr'>nam</span> <span class='ocrx_word' id='word_1_28' title='bbox 767 373 972 424; x_wconf 75' lang='lat' dir='ltr'>postridie</span> <span class='ocrx_word' id='word_1_29' title='bbox 1003 375 1185 425; x_wconf 86' lang='lat' dir='ltr'>parabat</span> <span class='ocrx_word' id='word_1_30' title='bbox 1216 376 1395 415; x_wconf 87' lang='lat' dir='ltr'>abitum.</span> <span class='ocrx_word' id='word_1_31' title='bbox 1458 376 1657 428; x_wconf 81' lang='lat' dir='ltr'>Princeps</span> <span class='ocrx_word' id='word_1_32' title='bbox 1689 390 1766 416; x_wconf 90' lang='lat' dir='ltr'>nec</span> <span class='ocrx_word' id='word_1_33' title='bbox 1797 382 1890 416; x_wconf 90' lang='lat' dir='ltr'>erat</span> 
     </span>
     <span class='ocr_line' id='line_1_5' title="bbox 209 427 1890 482; baseline 0.004 -18"><span class='ocrx_word' id='word_1_34' title='bbox 209 440 276 471; x_wconf 85' lang='lat'>230</span> <span class='ocrx_word' id='word_1_35' title='bbox 296 431 498 466; x_wconf 82' lang='lat' dir='ltr'>venturus</span> <span class='ocrx_word' id='word_1_36' title='bbox 520 428 564 466; x_wconf 90' lang='lat' dir='ltr'>in</span> <span class='ocrx_word' id='word_1_37' title='bbox 589 427 825 474; x_wconf 90' lang='lat' dir='ltr'>concilium,</span> <span class='ocrx_word' id='word_1_38' title='bbox 851 429 931 466; x_wconf 89' lang='lat' dir='ltr'>nisi</span> <span class='ocrx_word' id='word_1_39' title='bbox 955 432 1005 467; x_wconf 88' lang='lat' dir='ltr'>vt</span> <span class='ocrx_word' id='word_1_40' title='bbox 1034 428 1193 468; x_wconf 88' lang='lat' dir='ltr'>diceret</span> <span class='ocrx_word' id='word_1_41' title='bbox 1222 430 1316 469; x_wconf 82' lang='lat' dir='ltr'>vale</span> <span class='ocrx_word' id='word_1_42' title='bbox 1345 431 1599 481; x_wconf 74' lang='lat' dir='ltr'>proceribus.</span> <span class='ocrx_word' id='word_1_43' title='bbox 1654 431 1890 482; x_wconf 85' lang='lat' dir='ltr'>Epistolam</span> 
     </span>
     <span class='ocr_line' id='line_1_6' title="bbox 292 481 1890 533; baseline 0.003 -14"><span class='ocrx_word' id='word_1_44' title='bbox 292 481 416 519; x_wconf 87' lang='lat' dir='ltr'>auide</span> <span class='ocrx_word' id='word_1_45' title='bbox 441 481 556 532; x_wconf 88' lang='lat' dir='ltr'>legit,</span> <span class='ocrx_word' id='word_1_46' title='bbox 584 483 778 532; x_wconf 86' lang='lat' dir='ltr'>protinus</span> <span class='ocrx_word' id='word_1_47' title='bbox 805 495 1035 533; x_wconf 87' lang='lat' dir='ltr'>agnoscens</span> <span class='ocrx_word' id='word_1_48' title='bbox 1061 483 1227 523; x_wconf 87' lang='lat' dir='ltr'>Erasmi</span> <span class='ocrx_word' id='word_1_49' title='bbox 1253 486 1317 523; x_wconf 86' lang='lat' dir='ltr'>sui</span> <span class='ocrx_word' id='word_1_50' title='bbox 1344 498 1511 523; x_wconf 88' lang='lat' dir='ltr'>nomen.</span> <span class='ocrx_word' id='word_1_51' title='bbox 1567 485 1776 525; x_wconf 90' lang='lat' dir='ltr'>Postridie</span> <span class='ocrx_word' id='word_1_52' title='bbox 1801 499 1890 524; x_wconf 89' lang='lat' dir='ltr'>rem</span> 
     </span>
     <span class='ocr_line' id='line_1_7' title="bbox 291 537 1890 587; baseline 0.004 -14"><span class='ocrx_word' id='word_1_53' title='bbox 291 537 426 586; x_wconf 82' lang='lat' dir='ltr'>ipsam</span> <span class='ocrx_word' id='word_1_54' title='bbox 442 537 486 574; x_wconf 91' lang='lat' dir='ltr'>in</span> <span class='ocrx_word' id='word_1_55' title='bbox 502 549 698 575; x_wconf 89' lang='lat' dir='ltr'>consessu</span> <span class='ocrx_word' id='word_1_56' title='bbox 714 538 949 587; x_wconf 73' lang='lat' dir='ltr'>proposuit,</span> <span class='ocrx_word' id='word_1_57' title='bbox 966 550 1052 576; x_wconf 90' lang='lat' dir='ltr'>non</span> <span class='ocrx_word' id='word_1_58' title='bbox 1067 540 1156 577; x_wconf 86' lang='lat' dir='ltr'>sine</span> <span class='ocrx_word' id='word_1_59' title='bbox 1169 539 1399 578; x_wconf 87' lang='lat' dir='ltr'>honorifica</span> <span class='ocrx_word' id='word_1_60' title='bbox 1416 541 1629 578; x_wconf 86' lang='lat' dir='ltr'>mentione</span> <span class='ocrx_word' id='word_1_61' title='bbox 1645 541 1741 579; x_wconf 91' lang='lat' dir='ltr'>mei.</span> <span class='ocrx_word' id='word_1_62' title='bbox 1785 540 1890 580; x_wconf 86' lang='lat' dir='ltr'>Con-</span> 
     </span>
     <span class='ocr_line' id='line_1_8' title="bbox 291 590 1892 644; baseline 0.004 -17"><span class='ocrx_word' id='word_1_63' title='bbox 291 590 488 629; x_wconf 88' lang='lat' dir='ltr'>cordibus</span> <span class='ocrx_word' id='word_1_64' title='bbox 513 590 725 642; x_wconf 83' lang='lat' dir='ltr'>suffragiis</span> <span class='ocrx_word' id='word_1_65' title='bbox 750 591 968 630; x_wconf 88' lang='lat' dir='ltr'>decretum</span> <span class='ocrx_word' id='word_1_66' title='bbox 994 597 1060 631; x_wconf 86' lang='lat' dir='ltr'>est</span> <span class='ocrx_word' id='word_1_67' title='bbox 1080 606 1238 632; x_wconf 85' lang='lat' dir='ltr'>morem</span> <span class='ocrx_word' id='word_1_68' title='bbox 1265 594 1495 644; x_wconf 85' lang='lat' dir='ltr'>gerendum</span> <span class='ocrx_word' id='word_1_69' title='bbox 1517 594 1709 641; x_wconf 87' lang='lat' dir='ltr'>Erasmo,</span> <span class='ocrx_word' id='word_1_70' title='bbox 1731 608 1807 634; x_wconf 91' lang='lat' dir='ltr'>nec</span> <span class='ocrx_word' id='word_1_71' title='bbox 1827 595 1892 633; x_wconf 83' lang='lat' dir='ltr'>his</span> 
     </span>
     <span class='ocr_line' id='line_1_9' title="bbox 291 646 1890 699; baseline 0.004 -17"><span class='ocrx_word' id='word_1_72' title='bbox 291 648 518 683; x_wconf 88' lang='lat' dir='ltr'>contentus</span> <span class='ocrx_word' id='word_1_73' title='bbox 554 647 743 696; x_wconf 86' lang='lat' dir='ltr'>optimus</span> <span class='ocrx_word' id='word_1_74' title='bbox 773 646 973 697; x_wconf 84' lang='lat' dir='ltr'>Princeps</span> <span class='ocrx_word' id='word_1_75' title='bbox 1009 647 1234 686; x_wconf 88' lang='lat' dir='ltr'>mandauit</span> <span class='ocrx_word' id='word_1_76' title='bbox 1265 648 1486 699; x_wconf 72' lang='lat' dir='ltr'>diligenter</span> <span class='ocrx_word' id='word_1_77' title='bbox 1517 648 1788 695; x_wconf 83' lang='lat' dir='ltr'>CancellariO,</span> <span class='ocrx_word' id='word_1_78' title='bbox 1821 662 1890 688; x_wconf 83' lang='lat' dir='ltr'>ex·</span> 
     </span>
     <span class='ocr_line' id='line_1_10' title="bbox 207 698 1889 753; baseline 0.004 -18"><span class='ocrx_word' id='word_1_79' title='bbox 207 712 268 744; x_wconf 67' lang='grc'>255</span> <span class='ocrx_word' id='word_1_80' title='bbox 290 698 455 749; x_wconf 90' lang='lat' dir='ltr'>pediret</span> <span class='ocrx_word' id='word_1_81' title='bbox 476 699 624 738; x_wconf 88' lang='lat' dir='ltr'>eodem</span> <span class='ocrx_word' id='word_1_82' title='bbox 647 700 715 739; x_wconf 88' lang='lat' dir='ltr'>die</span> <span class='ocrx_word' id='word_1_83' title='bbox 735 700 936 751; x_wconf 79' lang='lat' dir='ltr'>diploma,</span> <span class='ocrx_word' id='word_1_84' title='bbox 959 714 1044 752; x_wconf 92' lang='lat' dir='ltr'>quo</span> <span class='ocrx_word' id='word_1_85' title='bbox 1066 706 1210 753; x_wconf 79' lang='lat' dir='ltr'>posset</span> <span class='ocrx_word' id='word_1_86' title='bbox 1233 708 1332 741; x_wconf 87' lang='lat' dir='ltr'>ante</span> <span class='ocrx_word' id='word_1_87' title='bbox 1354 703 1519 742; x_wconf 88' lang='lat' dir='ltr'>abitum</span> <span class='ocrx_word' id='word_1_88' title='bbox 1543 716 1619 742; x_wconf 90' lang='lat' dir='ltr'>sua</span> <span class='ocrx_word' id='word_1_89' title='bbox 1642 716 1772 742; x_wconf 91' lang='lat' dir='ltr'>manu</span> <span class='ocrx_word' id='word_1_90' title='bbox 1794 703 1889 742; x_wconf 88' lang='lat' dir='ltr'>sub-</span> 
     </span>
     <span class='ocr_line' id='line_1_11' title="bbox 291 753 1891 808; baseline 0.003 -16"><span class='ocrx_word' id='word_1_91' title='bbox 291 753 482 792; x_wconf 82' lang='lat' dir='ltr'>scribere.</span> <span class='ocrx_word' id='word_1_92' title='bbox 533 754 795 806; x_wconf 70' lang='lat' dir='ltr'>Expeditum</span> <span class='ocrx_word' id='word_1_93' title='bbox 816 760 881 794; x_wconf 88' lang='lat' dir='ltr'>est</span> <span class='ocrx_word' id='word_1_94' title='bbox 902 756 956 794; x_wconf 84' lang='lat' dir='ltr'>ab</span> <span class='ocrx_word' id='word_1_95' title='bbox 981 756 1174 795; x_wconf 80' lang='lat' dir='ltr'>Vdalrico</span> <span class='ocrx_word' id='word_1_96' title='bbox 1196 757 1477 808; x_wconf 77' lang='lat' dir='ltr'>Varenbuyle,</span> <span class='ocrx_word' id='word_1_97' title='bbox 1501 759 1592 796; x_wconf 84' lang='lat' dir='ltr'>Viro</span> <span class='ocrx_word' id='word_1_98' title='bbox 1612 758 1734 797; x_wconf 89' lang='lat' dir='ltr'>nobis</span> <span class='ocrx_word' id='word_1_99' title='bbox 1755 759 1891 797; x_wconf 89' lang='lat' dir='ltr'>amico</span> 
     </span>
     <span class='ocr_line' id='line_1_12' title="bbox 290 808 1891 861; baseline 0.003 -15"><span class='ocrx_word' id='word_1_100' title='bbox 290 808 568 860; x_wconf 91' lang='lat' dir='ltr'>candidoque,</span> <span class='ocrx_word' id='word_1_101' title='bbox 591 809 719 861; x_wconf 89' lang='lat' dir='ltr'>idque</span> <span class='ocrx_word' id='word_1_102' title='bbox 741 811 885 861; x_wconf 89' lang='lat' dir='ltr'>gratis,</span> <span class='ocrx_word' id='word_1_103' title='bbox 910 815 1076 860; x_wconf 87' lang='lat' dir='ltr'>praeter</span> <span class='ocrx_word' id='word_1_104' title='bbox 1099 824 1258 850; x_wconf 88' lang='lat' dir='ltr'>morem</span> <span class='ocrx_word' id='word_1_105' title='bbox 1280 812 1526 850; x_wconf 89' lang='lat' dir='ltr'>aulicorum.</span> <span class='ocrx_word' id='word_1_106' title='bbox 1578 812 1678 851; x_wconf 85' lang='lat' dir='ltr'>Mox</span> <span class='ocrx_word' id='word_1_107' title='bbox 1699 812 1891 851; x_wconf 86' lang='lat' dir='ltr'>redditae</span> 
     </span>
     <span class='ocr_line' id='line_1_13' title="bbox 289 863 1894 918; baseline 0.002 -17"><span class='ocrx_word' id='word_1_108' title='bbox 289 866 390 902; x_wconf 89' lang='lat' dir='ltr'>sunt</span> <span class='ocrx_word' id='word_1_109' title='bbox 406 863 554 902; x_wconf 85' lang='lat' dir='ltr'>literae</span> <span class='ocrx_word' id='word_1_110' title='bbox 573 864 831 903; x_wconf 85' lang='lat' dir='ltr'>Ferdinandi</span> <span class='ocrx_word' id='word_1_111' title='bbox 849 865 1004 915; x_wconf 89' lang='lat' dir='ltr'>quibus</span> <span class='ocrx_word' id='word_1_112' title='bbox 1028 865 1131 904; x_wconf 89' lang='lat' dir='ltr'>mihi</span> <span class='ocrx_word' id='word_1_113' title='bbox 1151 867 1311 915; x_wconf 82' lang='lat' dir='ltr'>gratias</span> <span class='ocrx_word' id='word_1_114' title='bbox 1332 868 1463 904; x_wconf 87' lang='lat' dir='ltr'>etiam</span> <span class='ocrx_word' id='word_1_115' title='bbox 1486 868 1588 918; x_wconf 87' lang='lat' dir='ltr'>agit,</span> <span class='ocrx_word' id='word_1_116' title='bbox 1612 871 1657 906; x_wconf 92' lang='lat' dir='ltr'>et</span> <span class='ocrx_word' id='word_1_117' title='bbox 1676 868 1894 918; x_wconf 88' lang='lat' dir='ltr'>promittit</span> 
     </span>
     <span class='ocr_line' id='line_1_14' title="bbox 288 919 1891 973; baseline 0.003 -18"><span class='ocrx_word' id='word_1_118' title='bbox 288 930 332 955; x_wconf 89' lang='lat' dir='ltr'>se</span> <span class='ocrx_word' id='word_1_119' title='bbox 341 922 620 968; x_wconf 84' lang='lat' dir='ltr'>pensaturum</span> <span class='ocrx_word' id='word_1_120' title='bbox 634 919 832 958; x_wconf 86' lang='lat' dir='ltr'>officium.</span> <span class='ocrx_word' id='word_1_121' title='bbox 864 919 1062 969; x_wconf 81' lang='lat' dir='ltr'>Suspicor</span> <span class='ocrx_word' id='word_1_122' title='bbox 1075 920 1298 958; x_wconf 88' lang='lat' dir='ltr'>easliteras</span> <span class='ocrx_word' id='word_1_123' title='bbox 1311 921 1366 958; x_wconf 89' lang='lat' dir='ltr'>ab</span> <span class='ocrx_word' id='word_1_124' title='bbox 1377 922 1468 971; x_wconf 90' lang='lat' dir='ltr'>ipso</span> <span class='ocrx_word' id='word_1_125' title='bbox 1477 920 1606 960; x_wconf 84' lang='lat' dir='ltr'>fuisse</span> <span class='ocrx_word' id='word_1_126' title='bbox 1620 922 1891 973; x_wconf 88' lang='lat' dir='ltr'>compositas.</span> 
     </span>
     <span class='ocr_line' id='line_1_15' title="bbox 342 972 1891 1026; baseline 0.003 -16"><span class='ocrx_word' id='word_1_127' title='bbox 342 972 518 1011; x_wconf 90' lang='lat' dir='ltr'>Summo</span> <span class='ocrx_word' id='word_1_128' title='bbox 532 972 729 1011; x_wconf 88' lang='lat' dir='ltr'>Pontifici</span> <span class='ocrx_word' id='word_1_129' title='bbox 743 974 916 1023; x_wconf 87' lang='lat' dir='ltr'>eiusque</span> <span class='ocrx_word' id='word_1_130' title='bbox 931 975 1166 1012; x_wconf 85' lang='lat' dir='ltr'>secretariis</span> <span class='ocrx_word' id='word_1_131' title='bbox 1179 974 1267 1013; x_wconf 86' lang='lat' dir='ltr'>heri</span> <span class='ocrx_word' id='word_1_132' title='bbox 1280 975 1577 1025; x_wconf 84' lang='lat' dir='ltr'>respondimus</span> <span class='ocrx_word' id='word_1_133' title='bbox 1589 989 1663 1026; x_wconf 90' lang='lat' dir='ltr'>per</span> <span class='ocrx_word' id='word_1_134' title='bbox 1677 976 1891 1015; x_wconf 86' lang='lat' dir='ltr'>hominem</span> 
     </span>
     <span class='ocr_line' id='line_1_16' title="bbox 289 1027 1892 1081; baseline 0.002 -17"><span class='ocrx_word' id='word_1_135' title='bbox 289 1030 451 1065; x_wconf 86' lang='lat' dir='ltr'>certum</span> <span class='ocrx_word' id='word_1_136' title='bbox 492 1027 665 1078; x_wconf 88' lang='lat' dir='ltr'>quidem</span> <span class='ocrx_word' id='word_1_137' title='bbox 709 1029 825 1076; x_wconf 91' lang='lat' dir='ltr'>(nam</span> <span class='ocrx_word' id='word_1_138' title='bbox 866 1027 998 1066; x_wconf 84' lang='lat' dir='ltr'>habet</span> <span class='ocrx_word' id='word_1_139' title='bbox 1038 1028 1137 1066; x_wconf 87' lang='lat' dir='ltr'>aula</span> <span class='ocrx_word' id='word_1_140' title='bbox 1177 1029 1366 1068; x_wconf 80' lang='lat' dir='ltr'>Caesaris</span> <span class='ocrx_word' id='word_1_141' title='bbox 1407 1034 1524 1068; x_wconf 89' lang='lat' dir='ltr'>ccrta</span> <span class='ocrx_word' id='word_1_142' title='bbox 1563 1031 1735 1081; x_wconf 88' lang='lat' dir='ltr'>negotia</span> <span class='ocrx_word' id='word_1_143' title='bbox 1776 1030 1892 1081; x_wconf 90' lang='lat' dir='ltr'>apud</span> 
     </span>
     <span class='ocr_line' id='line_1_17' title="bbox 287 1080 1890 1135; baseline 0.003 -17"><span class='ocrx_word' id='word_1_144' title='bbox 287 1080 552 1128; x_wconf 88' lang='lat' dir='ltr'>Pontificem,</span> <span class='ocrx_word' id='word_1_145' title='bbox 579 1086 623 1120; x_wconf 89' lang='lat' dir='ltr'>et</span> <span class='ocrx_word' id='word_1_146' title='bbox 646 1081 769 1120; x_wconf 90' lang='lat' dir='ltr'>nobis</span> <span class='ocrx_word' id='word_1_147' title='bbox 793 1095 846 1120; x_wconf 83' lang='lat' dir='ltr'>ex</span> <span class='ocrx_word' id='word_1_148' title='bbox 870 1083 1013 1120; x_wconf 88' lang='lat' dir='ltr'>animo</span> <span class='ocrx_word' id='word_1_149' title='bbox 1038 1083 1199 1121; x_wconf 86' lang='lat' dir='ltr'>amicus</span> <span class='ocrx_word' id='word_1_150' title='bbox 1223 1086 1305 1132; x_wconf 83' lang='lat' dir='ltr'>est)</span> <span class='ocrx_word' id='word_1_151' title='bbox 1331 1083 1404 1121; x_wconf 90' lang='lat' dir='ltr'>sed</span> <span class='ocrx_word' id='word_1_152' title='bbox 1429 1089 1729 1135; x_wconf 86' lang='lat' dir='ltr'>properantem</span> <span class='ocrx_word' id='word_1_153' title='bbox 1750 1098 1758 1131; x_wconf 78' lang='lat'><em>3</em></span> <span class='ocrx_word' id='word_1_154' title='bbox 1800 1085 1890 1123; x_wconf 90' lang='lat' dir='ltr'>ausi</span> 
     </span>
     <span class='ocr_line' id='line_1_18' title="bbox 286 1136 1891 1188; baseline 0.002 -15"><span class='ocrx_word' id='word_1_155' title='bbox 286 1139 433 1174; x_wconf 84' lang='lat' dir='ltr'>tamen</span> <span class='ocrx_word' id='word_1_156' title='bbox 467 1148 613 1174; x_wconf 88' lang='lat' dir='ltr'>sumus</span> <span class='ocrx_word' id='word_1_157' title='bbox 647 1136 714 1174; x_wconf 84' lang='lat' dir='ltr'>vel</span> <span class='ocrx_word' id='word_1_158' title='bbox 748 1149 801 1175; x_wconf 83' lang='lat' dir='ltr'>ex</span> <span class='ocrx_word' id='word_1_159' title='bbox 833 1140 1026 1187; x_wconf 87' lang='lat' dir='ltr'>tempore</span> <span class='ocrx_word' id='word_1_160' title='bbox 1059 1137 1253 1184; x_wconf 88' lang='lat' dir='ltr'>scribere,</span> <span class='ocrx_word' id='word_1_161' title='bbox 1289 1139 1539 1188; x_wconf 89' lang='lat' dir='ltr'>praesertim</span> <span class='ocrx_word' id='word_1_162' title='bbox 1573 1152 1669 1177; x_wconf 91' lang='lat' dir='ltr'>cum</span> <span class='ocrx_word' id='word_1_163' title='bbox 1702 1139 1772 1178; x_wconf 90' lang='lat' dir='ltr'>ille</span> <span class='ocrx_word' id='word_1_164' title='bbox 1805 1140 1891 1177; x_wconf 90' lang='lat' dir='ltr'>suis</span> 
     </span>
     <span class='ocr_line' id='line_1_19' title="bbox 285 1188 1892 1243; baseline 0.003 -16"><span class='ocrx_word' id='word_1_165' title='bbox 285 1188 418 1228; x_wconf 86' lang='lat' dir='ltr'>literis</span> <span class='ocrx_word' id='word_1_166' title='bbox 438 1189 652 1241; x_wconf 84' lang='lat' dir='ltr'>flagitaret</span> <span class='ocrx_word' id='word_1_167' title='bbox 673 1190 849 1229; x_wconf 88' lang='lat' dir='ltr'>celerem</span> <span class='ocrx_word' id='word_1_168' title='bbox 870 1192 1199 1242; x_wconf 86' lang='lat' dir='ltr'>responsionem.</span> <span class='ocrx_word' id='word_1_169' title='bbox 1250 1192 1565 1243; x_wconf 88' lang='lat' dir='ltr'>Propemodum</span> <span class='ocrx_word' id='word_1_170' title='bbox 1586 1193 1805 1232; x_wconf 88' lang='lat' dir='ltr'>decretum</span> <span class='ocrx_word' id='word_1_171' title='bbox 1825 1197 1892 1232; x_wconf 88' lang='lat' dir='ltr'>est</span> 
     </span>
     <span class='ocr_line' id='line_1_20' title="bbox 202 1243 1889 1297; baseline 0.003 -15"><span class='ocrx_word' id='word_1_172' title='bbox 202 1259 263 1291; x_wconf 85' lang='lat'>245</span> <span class='ocrx_word' id='word_1_173' title='bbox 286 1243 354 1282; x_wconf 87' lang='lat' dir='ltr'>hic</span> <span class='ocrx_word' id='word_1_174' title='bbox 385 1246 636 1284; x_wconf 88' lang='lat' dir='ltr'>commorari</span> <span class='ocrx_word' id='word_1_175' title='bbox 667 1258 802 1296; x_wconf 84' lang='lat' dir='ltr'>vsque</span> <span class='ocrx_word' id='word_1_176' title='bbox 833 1245 889 1284; x_wconf 90' lang='lat' dir='ltr'>ad</span> <span class='ocrx_word' id='word_1_177' title='bbox 919 1247 1163 1296; x_wconf 80' lang='lat' dir='ltr'>proximum</span> <span class='ocrx_word' id='word_1_178' title='bbox 1193 1246 1450 1297; x_wconf 88' lang='lat' dir='ltr'>Augustum,</span> <span class='ocrx_word' id='word_1_179' title='bbox 1482 1251 1587 1286; x_wconf 87' lang='lat' dir='ltr'>tunc</span> <span class='ocrx_word' id='word_1_180' title='bbox 1618 1248 1686 1286; x_wconf 83' lang='lat' dir='ltr'>vel</span> <span class='ocrx_word' id='word_1_181' title='bbox 1716 1248 1889 1287; x_wconf 88' lang='lat' dir='ltr'>Italiam</span> 
     </span>
     <span class='ocr_line' id='line_1_21' title="bbox 285 1299 1888 1352; baseline 0.002 -15"><span class='ocrx_word' id='word_1_182' title='bbox 285 1299 474 1348; x_wconf 88' lang='lat' dir='ltr'>petituri,</span> <span class='ocrx_word' id='word_1_183' title='bbox 499 1312 585 1350; x_wconf 88' lang='lat' dir='ltr'>quo</span> <span class='ocrx_word' id='word_1_184' title='bbox 607 1313 704 1338; x_wconf 90' lang='lat' dir='ltr'>cum</span> <span class='ocrx_word' id='word_1_185' title='bbox 726 1299 934 1338; x_wconf 89' lang='lat' dir='ltr'>Pontifice</span> <span class='ocrx_word' id='word_1_186' title='bbox 956 1305 1115 1339; x_wconf 81' lang='lat' dir='ltr'>vocant</span> <span class='ocrx_word' id='word_1_187' title='bbox 1136 1301 1292 1340; x_wconf 84' lang='lat' dir='ltr'>eruditi</span> <span class='ocrx_word' id='word_1_188' title='bbox 1314 1302 1564 1352; x_wconf 86' lang='lat' dir='ltr'>complures,</span> <span class='ocrx_word' id='word_1_189' title='bbox 1587 1302 1656 1341; x_wconf 87' lang='lat' dir='ltr'>vel</span> <span class='ocrx_word' id='word_1_190' title='bbox 1678 1301 1859 1341; x_wconf 86' lang='lat' dir='ltr'>Galliam</span> <span class='ocrx_word' id='word_1_191' title='bbox 1880 1315 1888 1349; x_wconf 90' lang='grc'>;</span> 
     </span>
     <span class='ocr_line' id='line_1_22' title="bbox 286 1354 1889 1408; baseline 0.003 -17"><span class='ocrx_word' id='word_1_192' title='bbox 286 1365 385 1391; x_wconf 91' lang='lat' dir='ltr'>nam</span> <span class='ocrx_word' id='word_1_193' title='bbox 421 1355 538 1404; x_wconf 83' lang='lat' dir='ltr'>pacis</span> <span class='ocrx_word' id='word_1_194' title='bbox 573 1354 678 1393; x_wconf 83' lang='lat' dir='ltr'>odor</span> <span class='ocrx_word' id='word_1_195' title='bbox 712 1354 888 1405; x_wconf 89' lang='lat' dir='ltr'>quidam</span> <span class='ocrx_word' id='word_1_196' title='bbox 927 1355 1102 1394; x_wconf 85' lang='lat' dir='ltr'>naribus</span> <span class='ocrx_word' id='word_1_197' title='bbox 1135 1355 1299 1394; x_wconf 83' lang='lat' dir='ltr'>affulsit</span> <span class='ocrx_word' id='word_1_198' title='bbox 1334 1357 1451 1395; x_wconf 89' lang='lat' dir='ltr'>meis.</span> <span class='ocrx_word' id='word_1_199' title='bbox 1512 1356 1707 1408; x_wconf 81' lang='lat' dir='ltr'>Idjpsum</span> <span class='ocrx_word' id='word_1_200' title='bbox 1739 1370 1791 1396; x_wconf 82' lang='lat' dir='ltr'>ex</span> <span class='ocrx_word' id='word_1_201' title='bbox 1822 1370 1889 1395; x_wconf 92' lang='lat' dir='ltr'>me</span> 
     </span>
     <span class='ocr_line' id='line_1_23' title="bbox 285 1408 1889 1462; baseline 0.002 -16"><span class='ocrx_word' id='word_1_202' title='bbox 285 1408 570 1447; x_wconf 87' lang='lat' dir='ltr'>coniecta-ram</span> <span class='ocrx_word' id='word_1_203' title='bbox 591 1422 598 1447; x_wconf 94' lang='lat'>:</span> <span class='ocrx_word' id='word_1_204' title='bbox 639 1413 683 1448; x_wconf 89' lang='lat' dir='ltr'>et</span> <span class='ocrx_word' id='word_1_205' title='bbox 706 1410 873 1447; x_wconf 84' lang='lat' dir='ltr'>vtinam</span> <span class='ocrx_word' id='word_1_206' title='bbox 896 1422 963 1447; x_wconf 89' lang='lat' dir='ltr'>me</span> <span class='ocrx_word' id='word_1_207' title='bbox 986 1423 1072 1448; x_wconf 91' lang='lat' dir='ltr'>non</span> <span class='ocrx_word' id='word_1_208' title='bbox 1094 1409 1218 1449; x_wconf 85' lang='lat' dir='ltr'>fallat</span> <span class='ocrx_word' id='word_1_209' title='bbox 1241 1411 1484 1449; x_wconf 83' lang='lat' dir='ltr'>coniectura</span> <span class='ocrx_word' id='word_1_210' title='bbox 1505 1411 1511 1449; x_wconf 87' lang='lat'>!</span> <span class='ocrx_word' id='word_1_211' title='bbox 1564 1411 1751 1450; x_wconf 89' lang='lat' dir='ltr'>Dabit-ur</span> <span class='ocrx_word' id='word_1_212' title='bbox 1773 1411 1889 1462; x_wconf 91' lang='lat' dir='ltr'>quod</span> 
     </span>
     <span class='ocr_line' id='line_1_24' title="bbox 285 1463 1888 1517; baseline 0.002 -17"><span class='ocrx_word' id='word_1_213' title='bbox 285 1466 485 1501; x_wconf 80' lang='lat' dir='ltr'>exactum</span> <span class='ocrx_word' id='word_1_214' title='bbox 505 1467 582 1509; x_wconf 89' lang='lat' dir='ltr'>est,</span> <span class='ocrx_word' id='word_1_215' title='bbox 608 1468 652 1502; x_wconf 88' lang='lat' dir='ltr'>et</span> <span class='ocrx_word' id='word_1_216' title='bbox 674 1463 824 1502; x_wconf 79' lang='lat' dir='ltr'>foedus</span> <span class='ocrx_word' id='word_1_217' title='bbox 846 1465 958 1502; x_wconf 87' lang='lat' dir='ltr'>inter</span> <span class='ocrx_word' id='word_1_218' title='bbox 980 1465 1191 1515; x_wconf 89' lang='lat' dir='ltr'>principes</span> <span class='ocrx_word' id='word_1_219' title='bbox 1215 1466 1328 1503; x_wconf 87' lang='lat' dir='ltr'>coiit.</span> <span class='ocrx_word' id='word_1_220' title='bbox 1387 1465 1530 1505; x_wconf 85' lang='lat' dir='ltr'>Satius</span> <span class='ocrx_word' id='word_1_221' title='bbox 1553 1470 1619 1504; x_wconf 89' lang='lat' dir='ltr'>est</span> <span class='ocrx_word' id='word_1_222' title='bbox 1641 1467 1776 1517; x_wconf 89' lang='lat' dir='ltr'>perire</span> <span class='ocrx_word' id='word_1_223' title='bbox 1798 1479 1888 1504; x_wconf 88' lang='lat' dir='ltr'>rem</span> 
     </span>
     <span class='ocr_line' id='line_1_25' title="bbox 201 1517 1887 1572; baseline 0.003 -18"><span class='ocrx_word' id='word_1_224' title='bbox 201 1531 268 1563; x_wconf 83' lang='lat'>250</span> <span class='ocrx_word' id='word_1_225' title='bbox 284 1529 337 1554; x_wconf 85' lang='lat' dir='ltr'>ex</span> <span class='ocrx_word' id='word_1_226' title='bbox 360 1522 494 1568; x_wconf 85' lang='lat' dir='ltr'>parte,</span> <span class='ocrx_word' id='word_1_227' title='bbox 521 1530 651 1568; x_wconf 87' lang='lat' dir='ltr'>quam</span> <span class='ocrx_word' id='word_1_228' title='bbox 677 1517 786 1556; x_wconf 86' lang='lat' dir='ltr'>bello</span> <span class='ocrx_word' id='word_1_229' title='bbox 810 1519 945 1568; x_wconf 84' lang='lat' dir='ltr'>perire</span> <span class='ocrx_word' id='word_1_230' title='bbox 970 1519 1107 1557; x_wconf 83' lang='lat' dir='ltr'>vitam</span> <span class='ocrx_word' id='word_1_231' title='bbox 1136 1532 1233 1557; x_wconf 90' lang='lat' dir='ltr'>cum</span> <span class='ocrx_word' id='word_1_232' title='bbox 1262 1532 1319 1558; x_wconf 91' lang='lat' dir='ltr'>re.</span> <span class='ocrx_word' id='word_1_233' title='bbox 1378 1520 1491 1559; x_wconf 87' lang='lat' dir='ltr'>Malo</span> <span class='ocrx_word' id='word_1_234' title='bbox 1520 1533 1669 1571; x_wconf 91' lang='lat' dir='ltr'>pacem</span> <span class='ocrx_word' id='word_1_235' title='bbox 1696 1525 1887 1572; x_wconf 87' lang='lat' dir='ltr'>emptam</span> 
     </span>
     <span class='ocr_line' id='line_1_26' title="bbox 284 1571 1080 1623; baseline 0.003 -14"><span class='ocrx_word' id='word_1_236' title='bbox 284 1583 414 1622; x_wconf 89' lang='lat' dir='ltr'>quam</span> <span class='ocrx_word' id='word_1_237' title='bbox 436 1571 594 1610; x_wconf 89' lang='lat' dir='ltr'>bellum</span> <span class='ocrx_word' id='word_1_238' title='bbox 615 1572 747 1623; x_wconf 89' lang='lat' dir='ltr'>pluris</span> <span class='ocrx_word' id='word_1_239' title='bbox 768 1577 1080 1611; x_wconf 89' lang='lat' dir='ltr'>constaturum.</span> 
     </span>
    </p>

    <p class='ocr_par' dir='ltr' id='par_1_3' title="bbox 283 1625 1889 1788">
     <span class='ocr_line' id='line_1_27' title="bbox 338 1625 1885 1679; baseline 0.003 -15"><span class='ocrx_word' id='word_1_240' title='bbox 338 1625 432 1664; x_wconf 91' lang='lat' dir='ltr'>Iam</span> <span class='ocrx_word' id='word_1_241' title='bbox 473 1626 598 1673; x_wconf 84' lang='lat' dir='ltr'>dices,</span> <span class='ocrx_word' id='word_1_242' title='bbox 641 1628 739 1673; x_wconf 87' lang='lat' dir='ltr'>scio,</span> <span class='ocrx_word' id='word_1_243' title='bbox 785 1627 793 1641; x_wconf 63' lang='lat'>⁶</span> <span class='ocrx_word' id='word_1_244' title='bbox 814 1627 956 1665; x_wconf 91' lang='lat' dir='ltr'>Homo</span> <span class='ocrx_word' id='word_1_245' title='bbox 995 1640 1194 1678; x_wconf 83' lang='lat' dir='ltr'>germane</span> <span class='ocrx_word' id='word_1_246' title='bbox 1235 1627 1484 1675; x_wconf 78' lang='lat' dir='ltr'>Germanus,</span> <span class='ocrx_word' id='word_1_247' title='bbox 1526 1629 1631 1679; x_wconf 86' lang='lat' dir='ltr'>quid</span> <span class='ocrx_word' id='word_1_248' title='bbox 1670 1629 1750 1668; x_wconf 88' lang='lat' dir='ltr'>tibi</span> <span class='ocrx_word' id='word_1_249' title='bbox 1791 1642 1885 1668; x_wconf 88' lang='lat' dir='ltr'>cum</span> 
     </span>
     <span class='ocr_line' id='line_1_28' title="bbox 283 1679 1889 1735; baseline 0.002 -17"><span class='ocrx_word' id='word_1_250' title='bbox 283 1679 415 1719; x_wconf 87' lang='lat' dir='ltr'>GaHis</span> <span class='ocrx_word' id='word_1_251' title='bbox 436 1683 451 1718; x_wconf 74' lang='lat'>‘2</span> <span class='ocrx_word' id='word_1_252' title='bbox 475 1680 483 1695; x_wconf 89' lang='lat'>&#39;</span> <span class='ocrx_word' id='word_1_253' title='bbox 534 1680 628 1719; x_wconf 92' lang='lat' dir='ltr'>Imo</span> <span class='ocrx_word' id='word_1_254' title='bbox 650 1681 754 1719; x_wconf 87' lang='lat' dir='ltr'>mihi</span> <span class='ocrx_word' id='word_1_255' title='bbox 775 1694 900 1732; x_wconf 89' lang='lat' dir='ltr'>saepe</span> <span class='ocrx_word' id='word_1_256' title='bbox 921 1694 986 1720; x_wconf 89' lang='lat' dir='ltr'>res</span> <span class='ocrx_word' id='word_1_257' title='bbox 1008 1686 1074 1720; x_wconf 90' lang='lat' dir='ltr'>est</span> <span class='ocrx_word' id='word_1_258' title='bbox 1094 1683 1225 1720; x_wconf 90' lang='lat' dir='ltr'>etiam</span> <span class='ocrx_word' id='word_1_259' title='bbox 1247 1695 1343 1721; x_wconf 88' lang='lat' dir='ltr'>cum</span> <span class='ocrx_word' id='word_1_260' title='bbox 1368 1684 1484 1734; x_wconf 86' lang='lat' dir='ltr'>capis</span> <span class='ocrx_word' id='word_1_261' title='bbox 1510 1688 1554 1722; x_wconf 92' lang='lat' dir='ltr'>et</span> <span class='ocrx_word' id='word_1_262' title='bbox 1577 1683 1756 1735; x_wconf 84' lang='lat' dir='ltr'>gallinis.</span> <span class='ocrx_word' id='word_1_263' title='bbox 1807 1683 1889 1724; x_wconf 85' lang='lat' dir='ltr'>Sed</span> 
     </span>
     <span class='ocr_line' id='line_1_29' title="bbox 284 1735 1886 1788; baseline 0.003 -16"><span class='ocrx_word' id='word_1_264' title='bbox 284 1738 406 1772; x_wconf 83' lang='lat' dir='ltr'>extra</span> <span class='ocrx_word' id='word_1_265' title='bbox 429 1736 582 1782; x_wconf 89' lang='lat' dir='ltr'>iocum,</span> <span class='ocrx_word' id='word_1_266' title='bbox 608 1749 631 1773; x_wconf 97' lang='lat' dir='ltr'>e</span> <span class='ocrx_word' id='word_1_267' title='bbox 655 1735 883 1774; x_wconf 84' lang='lat' dir='ltr'>Germania</span> <span class='ocrx_word' id='word_1_268' title='bbox 906 1749 973 1774; x_wconf 90' lang='lat' dir='ltr'>me</span> <span class='ocrx_word' id='word_1_269' title='bbox 996 1736 1242 1787; x_wconf 86' lang='lat' dir='ltr'>propellunt</span> <span class='ocrx_word' id='word_1_270' title='bbox 1264 1737 1545 1788; x_wconf 84' lang='lat' dir='ltr'>hypocausta,</span> <span class='ocrx_word' id='word_1_271' title='bbox 1571 1742 1615 1776; x_wconf 92' lang='lat' dir='ltr'>et</span> <span class='ocrx_word' id='word_1_272' title='bbox 1637 1738 1682 1776; x_wconf 90' lang='lat' dir='ltr'>in</span> <span class='ocrx_word' id='word_1_273' title='bbox 1705 1737 1886 1777; x_wconf 81' lang='lat' dir='ltr'>Galliam</span> 
     </span>
    </p>

    <p class='ocr_par' dir='ltr' id='par_1_4' title="bbox 209 1789 1886 1842">
     <span class='ocr_line' id='line_1_30' title="bbox 209 1789 1886 1842; baseline 0.002 -15"><span class='ocrx_word' id='word_1_274' title='bbox 209 1803 216 1812; x_wconf 41' lang='grc'>1</span> <span class='ocrx_word' id='word_1_275' title='bbox 248 1802 259 1808; x_wconf 77' lang='grc'><em>”</em></span> <span class='ocrx_word' id='word_1_276' title='bbox 283 1789 473 1828; x_wconf 90' lang='lat' dir='ltr'>inuitant</span> <span class='ocrx_word' id='word_1_277' title='bbox 486 1791 600 1835; x_wconf 79' lang='lat' dir='ltr'>Vina,</span> <span class='ocrx_word' id='word_1_278' title='bbox 615 1803 798 1841; x_wconf 80' lang='lat' dir='ltr'>quorum</span> <span class='ocrx_word' id='word_1_279' title='bbox 811 1790 878 1829; x_wconf 91' lang='lat' dir='ltr'>hic</span> <span class='ocrx_word' id='word_1_280' title='bbox 892 1804 978 1828; x_wconf 90' lang='lat' dir='ltr'>non</span> <span class='ocrx_word' id='word_1_281' title='bbox 991 1795 1056 1829; x_wconf 90' lang='lat' dir='ltr'>est</span> <span class='ocrx_word' id='word_1_282' title='bbox 1069 1796 1186 1830; x_wconf 86' lang='lat' dir='ltr'>certa</span> <span class='ocrx_word' id='word_1_283' title='bbox 1199 1793 1334 1842; x_wconf 90' lang='lat' dir='ltr'>copia.</span> <span class='ocrx_word' id='word_1_284' title='bbox 1380 1792 1437 1830; x_wconf 88' lang='lat' dir='ltr'>Et</span> <span class='ocrx_word' id='word_1_285' title='bbox 1449 1793 1535 1830; x_wconf 89' lang='lat' dir='ltr'>iam</span> <span class='ocrx_word' id='word_1_286' title='bbox 1548 1805 1662 1831; x_wconf 89' lang='lat' dir='ltr'>nunc</span> <span class='ocrx_word' id='word_1_287' title='bbox 1675 1793 1886 1839; x_wconf 81' lang='lat' dir='ltr'>abiissem,</span> 
     </span>
    </p>
   </div>
   <div class='ocr_carea' id='block_1_3' title="bbox 203 985 271 1016">
    <p class='ocr_par' dir='ltr' id='par_1_5' title="bbox 203 985 271 1016">
     <span class='ocr_line' id='line_1_31' title="bbox 203 985 271 1016; baseline -0.015 -7"><span class='ocrx_word' id='word_1_288' title='bbox 203 985 271 1016; x_wconf 86' lang='lat'>240</span> 
     </span>
    </p>
   </div>
   <div class='ocr_carea' id='block_1_4' title="bbox 282 1867 1180 1992">
    <p class='ocr_par' dir='ltr' id='par_1_6' title="bbox 282 1867 1180 1992">
     <span class='ocr_line' id='line_1_32' title="bbox 330 1867 670 1912; baseline 0 -9"><span class='ocrx_word' id='word_1_289' title='bbox 330 1881 401 1911; x_wconf 73' lang='grc'>227.</span> <span class='ocrx_word' id='word_1_290' title='bbox 429 1867 593 1912; x_wconf 69' lang='lat' dir='ltr'>postadcl.</span> <span class='ocrx_word' id='word_1_291' title='bbox 612 1873 670 1911; x_wconf 72' lang='grc' dir='ltr'>βγ.</span> 
     </span>
     <span class='ocr_line' id='line_1_33' title="bbox 282 1913 1180 1956; baseline 0.002 -12"><span class='ocrx_word' id='word_1_292' title='bbox 282 1913 484 1947; x_wconf 81' lang='lat' dir='ltr'>Frobem&#39;uS.</span> <span class='ocrx_word' id='word_1_293' title='bbox 503 1928 536 1955; x_wconf 74' lang='grc' dir='ltr'>γ.</span> <span class='ocrx_word' id='word_1_294' title='bbox 629 1924 703 1956; x_wconf 81' lang='lat'>232.</span> <span class='ocrx_word' id='word_1_295' title='bbox 730 1914 797 1945; x_wconf 88' lang='lat' dir='ltr'>mei</span> <span class='ocrx_word' id='word_1_296' title='bbox 815 1928 833 1944; x_wconf 75' lang='lat' dir='ltr'>a</span> <span class='ocrx_word' id='word_1_297' title='bbox 849 1927 856 1946; x_wconf 88' lang='lat'><strong>:</strong></span> <span class='ocrx_word' id='word_1_298' title='bbox 876 1915 1027 1946; x_wconf 86' lang='lat' dir='ltr'>nomims</span> <span class='ocrx_word' id='word_1_299' title='bbox 1042 1915 1108 1946; x_wconf 91' lang='lat' dir='ltr'>mei</span> <span class='ocrx_word' id='word_1_300' title='bbox 1123 1919 1180 1956; x_wconf 70' lang='grc' dir='ltr'>βγ.</span> 
     </span>
     <span class='ocr_line' id='line_1_34' title="bbox 283 1956 498 1992; baseline 0.005 -4"><span class='ocrx_word' id='word_1_301' title='bbox 283 1956 445 1988; x_wconf 87' lang='lat' dir='ltr'>Vldarico</span> <span class='ocrx_word' id='word_1_302' title='bbox 464 1962 498 1992; x_wconf 76' lang='grc' dir='ltr'>β.</span> 
     </span>
    </p>
   </div>
   <div class='ocr_carea' id='block_1_5' title="bbox 281 1871 1886 2176">
    <p class='ocr_par' dir='ltr' id='par_1_7' title="bbox 281 1871 1886 2176">
     <span class='ocr_line' id='line_1_35' title="bbox 828 1871 1884 1914; baseline 0.003 -13"><span class='ocrx_word' id='word_1_303' title='bbox 828 1872 901 1905; x_wconf 73' lang='lat'>228.</span> <span class='ocrx_word' id='word_1_304' title='bbox 926 1871 1114 1912; x_wconf 86' lang='lat' dir='ltr'>impetraui</span> <span class='ocrx_word' id='word_1_305' title='bbox 1129 1886 1147 1902; x_wconf 65' lang='lat' dir='ltr'>(J.</span> <span class='ocrx_word' id='word_1_306' title='bbox 1161 1884 1167 1903; x_wconf 80' lang='lat' dir='ltr'>z</span> <span class='ocrx_word' id='word_1_307' title='bbox 1185 1872 1393 1914; x_wconf 86' lang='lat' dir='ltr'>impetrauit</span> <span class='ocrx_word' id='word_1_308' title='bbox 1406 1876 1463 1914; x_wconf 57' lang='lat'>“37-</span> <span class='ocrx_word' id='word_1_309' title='bbox 1625 1873 1808 1906; x_wconf 81' lang='lat' dir='ltr'>‚Frobenio</span> <span class='ocrx_word' id='word_1_310' title='bbox 1821 1877 1884 1908; x_wconf 75' lang='grc' dir='ltr'>αβε</span> 
     </span>
     <span class='ocr_line' id='line_1_36' title="bbox 1001 1915 1884 1960; baseline 0 -12"><span class='ocrx_word' id='word_1_311' title='bbox 1001 1915 1007 1920; x_wconf 86' lang='grc'><strong>“</strong></span> <span class='ocrx_word' id='word_1_312' title='bbox 1273 1926 1347 1959; x_wconf 84' lang='grc'>235.</span> <span class='ocrx_word' id='word_1_313' title='bbox 1374 1920 1441 1958; x_wconf 73' lang='grc' dir='ltr'>βγς</span> <span class='ocrx_word' id='word_1_314' title='bbox 1467 1919 1579 1958; x_wconf 89' lang='lat' dir='ltr'>possit</span> <span class='ocrx_word' id='word_1_315' title='bbox 1599 1930 1630 1948; x_wconf 75' lang='grc' dir='ltr'>α.</span> <span class='ocrx_word' id='word_1_316' title='bbox 1715 1919 1789 1960; x_wconf 85' lang='lat'>236.</span> <span class='ocrx_word' id='word_1_317' title='bbox 1817 1929 1884 1958; x_wconf 74' lang='lat' dir='ltr'>a-y:</span> 
     </span>
     <span class='ocr_line' id='line_1_37' title="bbox 643 1958 1881 2002; baseline 0.002 -12"><span class='ocrx_word' id='word_1_318' title='bbox 643 1958 863 1999; x_wconf 88' lang='lat' dir='ltr'>Varenbuyle</span> <span class='ocrx_word' id='word_1_319' title='bbox 880 1962 901 1993; x_wconf 83' lang='grc' dir='ltr'><em>Β</em></span> <span class='ocrx_word' id='word_1_320' title='bbox 918 1970 925 1990; x_wconf 91' lang='lat'><strong>:</strong></span> <span class='ocrx_word' id='word_1_321' title='bbox 963 1959 1203 2000; x_wconf 86' lang='lat' dir='ltr'>Varenbuyler</span> <span class='ocrx_word' id='word_1_322' title='bbox 1223 1971 1268 2001; x_wconf 72' lang='grc' dir='ltr'>γε</span> <span class='ocrx_word' id='word_1_323' title='bbox 1304 1961 1348 1993; x_wconf 91' lang='lat' dir='ltr'>N.</span> <span class='ocrx_word' id='word_1_324' title='bbox 1374 1973 1404 1992; x_wconf 83' lang='lat' dir='ltr'>a.</span> <span class='ocrx_word' id='word_1_325' title='bbox 1547 1961 1626 2002; x_wconf 85' lang='lat'>238.</span> <span class='ocrx_word' id='word_1_326' title='bbox 1653 1962 1808 2002; x_wconf 88' lang='lat' dir='ltr'>gratiam</span> <span class='ocrx_word' id='word_1_327' title='bbox 1823 1964 1881 2002; x_wconf 81' lang='grc' dir='ltr'>Βγ.</span> 
     </span>
     <span class='ocr_line' id='line_1_38' title="bbox 282 2001 1885 2046; baseline 0.002 -14"><span class='ocrx_word' id='word_1_328' title='bbox 282 2012 356 2044; x_wconf 84' lang='lat'>239.</span> <span class='ocrx_word' id='word_1_329' title='bbox 381 2001 458 2043; x_wconf 87' lang='lat' dir='ltr'>ipso</span> <span class='ocrx_word' id='word_1_330' title='bbox 473 2015 491 2032; x_wconf 79' lang='grc' dir='ltr'><em>α</em></span> <span class='ocrx_word' id='word_1_331' title='bbox 508 2013 515 2032; x_wconf 92' lang='lat'>:</span> <span class='ocrx_word' id='word_1_332' title='bbox 551 2011 592 2033; x_wconf 90' lang='lat' dir='ltr'>eo</span> <span class='ocrx_word' id='word_1_333' title='bbox 611 2005 668 2043; x_wconf 74' lang='grc' dir='ltr'>βγ.</span> <span class='ocrx_word' id='word_1_334' title='bbox 760 2013 835 2046; x_wconf 89' lang='grc'>242.</span> <span class='ocrx_word' id='word_1_335' title='bbox 861 2007 897 2035; x_wconf 87' lang='lat' dir='ltr'>et</span> <span class='ocrx_word' id='word_1_336' title='bbox 914 2002 1014 2034; x_wconf 88' lang='lat' dir='ltr'>nobis</span> <span class='ocrx_word' id='word_1_337' title='bbox 1031 2027 1038 2034; x_wconf 90' lang='lat'>.</span> <span class='ocrx_word' id='word_1_338' title='bbox 1056 2026 1065 2034; x_wconf 91' lang='lat'>.</span> <span class='ocrx_word' id='word_1_339' title='bbox 1083 2027 1090 2034; x_wconf 92' lang='lat'>.</span> <span class='ocrx_word' id='word_1_340' title='bbox 1110 2006 1164 2034; x_wconf 86' lang='lat' dir='ltr'>est</span> <span class='ocrx_word' id='word_1_341' title='bbox 1179 2003 1254 2036; x_wconf 85' lang='lat' dir='ltr'>add.</span> <span class='ocrx_word' id='word_1_342' title='bbox 1273 2006 1331 2044; x_wconf 76' lang='lat'>[37.</span> <span class='ocrx_word' id='word_1_343' title='bbox 1423 2007 1470 2044; x_wconf 75' lang='grc' dir='ltr'>βγ</span> <span class='ocrx_word' id='word_1_344' title='bbox 1485 2016 1493 2035; x_wconf 89' lang='lat'>:</span> <span class='ocrx_word' id='word_1_345' title='bbox 1518 2028 1525 2036; x_wconf 92' lang='lat'>.</span> <span class='ocrx_word' id='word_1_346' title='bbox 1554 2003 1621 2037; x_wconf 86' lang='lat' dir='ltr'>Sed</span> <span class='ocrx_word' id='word_1_347' title='bbox 1633 2005 1837 2046; x_wconf 86' lang='lat' dir='ltr'>properanti</span> <span class='ocrx_word' id='word_1_348' title='bbox 1854 2018 1885 2035; x_wconf 85' lang='grc' dir='ltr'>α.</span> 
     </span>
     <span class='ocr_line' id='line_1_39' title="bbox 282 2047 1886 2090; baseline 0.003 -15"><span class='ocrx_word' id='word_1_349' title='bbox 282 2055 355 2088; x_wconf 72' lang='grc'>244.</span> <span class='ocrx_word' id='word_1_350' title='bbox 381 2048 485 2077; x_wconf 83' lang='lat' dir='ltr'>esta:</span> <span class='ocrx_word' id='word_1_351' title='bbox 510 2048 587 2077; x_wconf 90' lang='lat' dir='ltr'>erat</span> <span class='ocrx_word' id='word_1_352' title='bbox 596 2048 653 2086; x_wconf 76' lang='grc' dir='ltr'>βγ.</span> <span class='ocrx_word' id='word_1_353' title='bbox 790 2048 864 2090; x_wconf 84' lang='lat'>246.</span> <span class='ocrx_word' id='word_1_354' title='bbox 891 2056 971 2077; x_wconf 90' lang='lat' dir='ltr'>cum</span> <span class='ocrx_word' id='word_1_355' title='bbox 989 2050 1032 2081; x_wconf 79' lang='grc' dir='ltr'>αβ</span> <span class='ocrx_word' id='word_1_356' title='bbox 1049 2058 1056 2078; x_wconf 82' lang='lat' dir='ltr'>z</span> <span class='ocrx_word' id='word_1_357' title='bbox 1087 2057 1108 2078; x_wconf 88' lang='lat' dir='ltr'>a</span> <span class='ocrx_word' id='word_1_358' title='bbox 1124 2060 1157 2088; x_wconf 79' lang='grc' dir='ltr'>γ.</span> <span class='ocrx_word' id='word_1_359' title='bbox 1257 2050 1387 2079; x_wconf 84' lang='lat' dir='ltr'>vocant</span> <span class='ocrx_word' id='word_1_360' title='bbox 1402 2047 1545 2089; x_wconf 73' lang='lat' dir='ltr'>scripsi:</span> <span class='ocrx_word' id='word_1_361' title='bbox 1570 2051 1741 2080; x_wconf 86' lang='lat' dir='ltr'>vocentur</span> <span class='ocrx_word' id='word_1_362' title='bbox 1757 2060 1799 2080; x_wconf 84' lang='lat' dir='ltr'>a:</span> <span class='ocrx_word' id='word_1_363' title='bbox 1824 2058 1886 2079; x_wconf 86' lang='lat' dir='ltr'>vo-</span> 
     </span>
     <span class='ocr_line' id='line_1_40' title="bbox 281 2088 1883 2135; baseline 0.002 -16"><span class='ocrx_word' id='word_1_364' title='bbox 281 2091 406 2119; x_wconf 86' lang='lat' dir='ltr'>cantur</span> <span class='ocrx_word' id='word_1_365' title='bbox 422 2092 479 2129; x_wconf 74' lang='grc' dir='ltr'>βγ.</span> <span class='ocrx_word' id='word_1_366' title='bbox 563 2088 757 2130; x_wconf 87' lang='lat' dir='ltr'>complures</span> <span class='ocrx_word' id='word_1_367' title='bbox 778 2101 819 2130; x_wconf 69' lang='grc' dir='ltr'>γε</span> <span class='ocrx_word' id='word_1_368' title='bbox 843 2099 951 2130; x_wconf 89' lang='lat' dir='ltr'>quam</span> <span class='ocrx_word' id='word_1_369' title='bbox 972 2091 1165 2132; x_wconf 86' lang='lat' dir='ltr'>complures</span> <span class='ocrx_word' id='word_1_370' title='bbox 1189 2094 1244 2126; x_wconf 75' lang='grc' dir='ltr'>(ιβ.</span> <span class='ocrx_word' id='word_1_371' title='bbox 1329 2101 1405 2132; x_wconf 87' lang='lat'>249.</span> <span class='ocrx_word' id='word_1_372' title='bbox 1431 2101 1504 2124; x_wconf 86' lang='lat' dir='ltr'>rem</span> <span class='ocrx_word' id='word_1_373' title='bbox 1524 2091 1635 2134; x_wconf 89' lang='lat' dir='ltr'>perire</span> <span class='ocrx_word' id='word_1_374' title='bbox 1656 2095 1714 2133; x_wconf 82' lang='grc' dir='ltr'>βγ.</span> <span class='ocrx_word' id='word_1_375' title='bbox 1807 2102 1883 2135; x_wconf 84' lang='grc'>251.</span> 
     </span>
     <span class='ocr_line' id='line_1_41' title="bbox 281 2134 1425 2176; baseline 0.005 -14"><span class='ocrx_word' id='word_1_376' title='bbox 281 2134 514 2163; x_wconf 84' lang='lat' dir='ltr'>constiturum</span> <span class='ocrx_word' id='word_1_377' title='bbox 532 2146 566 2173; x_wconf 76' lang='lat'>7.</span> <span class='ocrx_word' id='word_1_378' title='bbox 660 2142 736 2174; x_wconf 83' lang='lat'>253.</span> <span class='ocrx_word' id='word_1_379' title='bbox 764 2135 879 2176; x_wconf 88' lang='lat' dir='ltr'>capris</span> <span class='ocrx_word' id='word_1_380' title='bbox 898 2147 930 2174; x_wconf 74' lang='grc' dir='ltr'>γ.</span> <span class='ocrx_word' id='word_1_381' title='bbox 1025 2143 1103 2176; x_wconf 82' lang='grc'>255.</span> <span class='ocrx_word' id='word_1_382' title='bbox 1132 2147 1197 2175; x_wconf 74' lang='grc' dir='ltr'>αγε</span> <span class='ocrx_word' id='word_1_383' title='bbox 1224 2135 1375 2168; x_wconf 79' lang='lat' dir='ltr'>abissem</span> <span class='ocrx_word' id='word_1_384' title='bbox 1391 2138 1425 2170; x_wconf 83' lang='grc' dir='ltr'>β.</span> 
     </span>
    </p>
   </div>
   <div class='ocr_carea' id='block_1_6' title="bbox 463 2195 595 2198">
    <p class='ocr_par' dir='ltr' id='par_1_8' title="bbox 463 2195 595 2198">
     <span class='ocr_line' id='line_1_42' title="bbox 463 2195 595 2198; baseline 0 0"><span class='ocrx_word' id='word_1_385' title='bbox 463 2195 595 2198; x_wconf 95' lang='lat' dir='ltr'> </span> 
     </span>
    </p>
   </div>
   <div class='ocr_carea' id='block_1_7' title="bbox 277 2218 1046 3133">
    <p class='ocr_par' dir='ltr' id='par_1_9' title="bbox 324 2218 1034 2262">
     <span class='ocr_line' id='line_1_43' title="bbox 324 2218 1034 2262; baseline 0.003 -11"><span class='ocrx_word' id='word_1_386' title='bbox 324 2228 399 2259; x_wconf 85' lang='grc'>227.</span> <span class='ocrx_word' id='word_1_387' title='bbox 422 2218 656 2260; x_wconf 78' lang='lat' dir='ltr'>priuilegium]</span> <span class='ocrx_word' id='word_1_388' title='bbox 673 2220 736 2252; x_wconf 86' lang='lat' dir='ltr'>See</span> <span class='ocrx_word' id='word_1_389' title='bbox 752 2221 817 2262; x_wconf 92' lang='lat' dir='ltr'>Ep.</span> <span class='ocrx_word' id='word_1_390' title='bbox 839 2230 934 2262; x_wconf 85' lang='lat'>1341.</span> <span class='ocrx_word' id='word_1_391' title='bbox 958 2232 1034 2255; x_wconf 81' lang='lat'>1011.</span> 
     </span>
    </p>

    <p class='ocr_par' dir='ltr' id='par_1_10' title="bbox 278 2262 1044 2382">
     <span class='ocr_line' id='line_1_44' title="bbox 324 2262 1044 2305; baseline 0.003 -11"><span class='ocrx_word' id='word_1_392' title='bbox 324 2264 397 2295; x_wconf 83' lang='grc'>228.</span> <span class='ocrx_word' id='word_1_393' title='bbox 422 2262 546 2302; x_wconf 87' lang='lat' dir='ltr'>literis]</span> <span class='ocrx_word' id='word_1_394' title='bbox 561 2263 625 2305; x_wconf 87' lang='lat' dir='ltr'>Ep.</span> <span class='ocrx_word' id='word_1_395' title='bbox 643 2273 724 2305; x_wconf 84' lang='lat'>1323</span> <span class='ocrx_word' id='word_1_396' title='bbox 738 2265 809 2296; x_wconf 89' lang='lat' dir='ltr'>and</span> <span class='ocrx_word' id='word_1_397' title='bbox 821 2265 955 2296; x_wconf 86' lang='lat' dir='ltr'>aletter</span> <span class='ocrx_word' id='word_1_398' title='bbox 965 2275 1044 2296; x_wconf 89' lang='lat' dir='ltr'>con-</span> 
     </span>
     <span class='ocr_line' id='line_1_45' title="bbox 278 2307 1040 2351; baseline 0.005 -15"><span class='ocrx_word' id='word_1_399' title='bbox 278 2308 480 2348; x_wconf 86' lang='lat' dir='ltr'>temporary</span> <span class='ocrx_word' id='word_1_400' title='bbox 491 2307 578 2339; x_wconf 87' lang='lat' dir='ltr'>with</span> <span class='ocrx_word' id='word_1_401' title='bbox 590 2308 653 2350; x_wconf 90' lang='lat' dir='ltr'>Ep.</span> <span class='ocrx_word' id='word_1_402' title='bbox 673 2317 751 2349; x_wconf 83' lang='grc'>1341</span> <span class='ocrx_word' id='word_1_403' title='bbox 771 2321 779 2347; x_wconf 86' lang='grc'><strong>;</strong></span> <span class='ocrx_word' id='word_1_404' title='bbox 806 2309 848 2340; x_wconf 79' lang='lat' dir='ltr'>cf.</span> <span class='ocrx_word' id='word_1_405' title='bbox 864 2309 929 2351; x_wconf 90' lang='lat' dir='ltr'>Ep.</span> <span class='ocrx_word' id='word_1_406' title='bbox 948 2318 1040 2350; x_wconf 87' lang='grc'>1344.</span> 
     </span>
     <span class='ocr_line' id='line_1_46' title="bbox 283 2360 382 2382; baseline -0.02 0"><span class='ocrx_word' id='word_1_407' title='bbox 283 2360 295 2382; x_wconf 91' lang='grc'>1</span> <span class='ocrx_word' id='word_1_408' title='bbox 306 2360 318 2382; x_wconf 93' lang='grc'>1</span> <span class='ocrx_word' id='word_1_409' title='bbox 330 2360 382 2382; x_wconf 87' lang='grc'>111.</span> 
     </span>
    </p>

    <p class='ocr_par' dir='ltr' id='par_1_11' title="bbox 277 2393 1045 2564">
     <span class='ocr_line' id='line_1_47' title="bbox 366 2393 1045 2435; baseline 0.004 -11"><span class='ocrx_word' id='word_1_410' title='bbox 366 2393 540 2435; x_wconf 74' lang='lat' dir='ltr'>Epistola]</span> <span class='ocrx_word' id='word_1_411' title='bbox 578 2395 650 2427; x_wconf 88' lang='lat' dir='ltr'>The</span> <span class='ocrx_word' id='word_1_412' title='bbox 686 2396 863 2427; x_wconf 81' lang='lat' dir='ltr'>narrative</span> <span class='ocrx_word' id='word_1_413' title='bbox 899 2399 938 2427; x_wconf 89' lang='lat' dir='ltr'>at</span> <span class='ocrx_word' id='word_1_414' title='bbox 974 2396 1045 2427; x_wconf 85' lang='lat' dir='ltr'>this</span> 
     </span>
     <span class='ocr_line' id='line_1_48' title="bbox 277 2438 1044 2481; baseline 0.004 -13"><span class='ocrx_word' id='word_1_415' title='bbox 277 2438 378 2478; x_wconf 90' lang='lat' dir='ltr'>point</span> <span class='ocrx_word' id='word_1_416' title='bbox 392 2438 573 2479; x_wconf 80' lang='lat' dir='ltr'>evidently</span> <span class='ocrx_word' id='word_1_417' title='bbox 586 2439 615 2470; x_wconf 84' lang='lat' dir='ltr'>is</span> <span class='ocrx_word' id='word_1_418' title='bbox 632 2439 739 2471; x_wconf 84' lang='lat' dir='ltr'>based</span> <span class='ocrx_word' id='word_1_419' title='bbox 753 2450 849 2481; x_wconf 90' lang='lat' dir='ltr'>upon</span> <span class='ocrx_word' id='word_1_420' title='bbox 863 2439 924 2471; x_wconf 89' lang='lat' dir='ltr'>the</span> <span class='ocrx_word' id='word_1_421' title='bbox 937 2440 1044 2472; x_wconf 76' lang='lat' dir='ltr'>infor-</span> 
     </span>
     <span class='ocr_line' id='line_1_49' title="bbox 278 2482 1042 2525; baseline 0.004 -13"><span class='ocrx_word' id='word_1_422' title='bbox 278 2482 413 2513; x_wconf 66' lang='grc' dir='ltr'>1113.ῒίοΠ</span> <span class='ocrx_word' id='word_1_423' title='bbox 440 2482 544 2523; x_wconf 75' lang='lat' dir='ltr'>given</span> <span class='ocrx_word' id='word_1_424' title='bbox 573 2482 620 2524; x_wconf 84' lang='lat' dir='ltr'>by</span> <span class='ocrx_word' id='word_1_425' title='bbox 649 2483 884 2515; x_wconf 83' lang='lat' dir='ltr'>Pirckheimer</span> <span class='ocrx_word' id='word_1_426' title='bbox 910 2485 948 2515; x_wconf 90' lang='lat' dir='ltr'>in</span> <span class='ocrx_word' id='word_1_427' title='bbox 977 2484 1042 2525; x_wconf 87' lang='lat' dir='ltr'>Ep.</span> 
     </span>
     <span class='ocr_line' id='line_1_50' title="bbox 282 2534 374 2564; baseline 0.011 -9"><span class='ocrx_word' id='word_1_428' title='bbox 282 2534 292 2555; x_wconf 87' lang='lat'>1</span> <span class='ocrx_word' id='word_1_429' title='bbox 321 2535 374 2564; x_wconf 75' lang='grc'>44.</span> 
     </span>
    </p>

    <p class='ocr_par' dir='ltr' id='par_1_12' title="bbox 277 2534 1043 2994">
     <span class='ocr_line' id='line_1_51' title="bbox 301 2534 1042 2612; baseline 0.001 -11"><span class='ocrx_word' id='word_1_430' title='bbox 301 2534 396 2610; x_wconf 76' lang='grc'>3236.</span> <span class='ocrx_word' id='word_1_431' title='bbox 424 2569 658 2611; x_wconf 80' lang='lat' dir='ltr'>Varenbuyle]</span> <span class='ocrx_word' id='word_1_432' title='bbox 682 2569 744 2602; x_wconf 90' lang='lat' dir='ltr'>See</span> <span class='ocrx_word' id='word_1_433' title='bbox 772 2571 837 2612; x_wconf 91' lang='lat' dir='ltr'>Ep.</span> <span class='ocrx_word' id='word_1_434' title='bbox 863 2572 938 2612; x_wconf 82' lang='lat'>867.</span> <span class='ocrx_word' id='word_1_435' title='bbox 965 2573 1042 2611; x_wconf 81' lang='grc'>3611.</span> 
     </span>
     <span class='ocr_line' id='line_1_52' title="bbox 278 2611 1042 2656; baseline 0.004 -14"><span class='ocrx_word' id='word_1_436' title='bbox 278 2611 346 2642; x_wconf 89' lang='lat' dir='ltr'>For</span> <span class='ocrx_word' id='word_1_437' title='bbox 360 2612 419 2643; x_wconf 90' lang='lat' dir='ltr'>the</span> <span class='ocrx_word' id='word_1_438' title='bbox 434 2613 578 2655; x_wconf 79' lang='lat' dir='ltr'>reading</span> <span class='ocrx_word' id='word_1_439' title='bbox 593 2613 628 2645; x_wconf 81' lang='lat' dir='ltr'>of</span> <span class='ocrx_word' id='word_1_440' title='bbox 644 2628 663 2645; x_wconf 83' lang='grc' dir='ltr'>α</span> <span class='ocrx_word' id='word_1_441' title='bbox 677 2614 721 2646; x_wconf 82' lang='lat' dir='ltr'>cf.</span> <span class='ocrx_word' id='word_1_442' title='bbox 739 2614 805 2656; x_wconf 85' lang='lat' dir='ltr'>Ep.</span> <span class='ocrx_word' id='word_1_443' title='bbox 824 2624 906 2655; x_wconf 81' lang='lat'>1127</span> <span class='ocrx_word' id='word_1_444' title='bbox 922 2615 980 2647; x_wconf 81' lang='lat' dir='ltr'>tit.</span> <span class='ocrx_word' id='word_1_445' title='bbox 1008 2625 1042 2646; x_wconf 91' lang='lat' dir='ltr'>n.</span> 
     </span>
     <span class='ocr_line' id='line_1_53' title="bbox 324 2656 751 2699; baseline 0.002 -11"><span class='ocrx_word' id='word_1_446' title='bbox 324 2657 396 2698; x_wconf 82' lang='lat'>238.</span> <span class='ocrx_word' id='word_1_447' title='bbox 421 2656 556 2697; x_wconf 87' lang='lat' dir='ltr'>literae]</span> <span class='ocrx_word' id='word_1_448' title='bbox 573 2658 637 2699; x_wconf 88' lang='lat' dir='ltr'>Ep.</span> <span class='ocrx_word' id='word_1_449' title='bbox 658 2667 751 2698; x_wconf 82' lang='lat'>1343.</span> 
     </span>
     <span class='ocr_line' id='line_1_54' title="bbox 323 2701 955 2787; baseline 0.006 -13"><span class='ocrx_word' id='word_1_450' title='bbox 323 2701 648 2783; x_wconf 48' lang='lat' dir='ltr'>Mfitffffiffiltff?</span> <span class='ocrx_word' id='word_1_451' title='bbox 650 2701 753 2787; x_wconf 50' lang='grc' dir='ltr'>ἓξὲξ</span> <span class='ocrx_word' id='word_1_452' title='bbox 758 2727 776 2785; x_wconf 68' lang='lat'>‘3</span> <span class='ocrx_word' id='word_1_453' title='bbox 782 2711 845 2786; x_wconf 58' lang='lat'>5¹3?</span> <span class='ocrx_word' id='word_1_454' title='bbox 851 2712 955 2786; x_wconf 61' lang='lat'>2&#39;0-1.</span> 
     </span>
     <span class='ocr_line' id='line_1_55' title="bbox 324 2787 815 2828; baseline 0.002 -9"><span class='ocrx_word' id='word_1_455' title='bbox 324 2796 397 2828; x_wconf 86' lang='lat'>242.</span> <span class='ocrx_word' id='word_1_456' title='bbox 423 2787 490 2826; x_wconf 89' lang='lat' dir='ltr'>est]</span> <span class='ocrx_word' id='word_1_457' title='bbox 506 2798 549 2819; x_wconf 75' lang='lat' dir='ltr'>sc.</span> <span class='ocrx_word' id='word_1_458' title='bbox 567 2788 672 2820; x_wconf 87' lang='lat' dir='ltr'>homo</span> <span class='ocrx_word' id='word_1_459' title='bbox 689 2792 815 2820; x_wconf 86' lang='lat' dir='ltr'>certus.</span> 
     </span>
     <span class='ocr_line' id='line_1_56' title="bbox 324 2831 955 2875; baseline 0.003 -13"><span class='ocrx_word' id='word_1_460' title='bbox 324 2839 402 2870; x_wconf 83' lang='lat'>244.</span> <span class='ocrx_word' id='word_1_461' title='bbox 427 2831 619 2872; x_wconf 85' lang='lat' dir='ltr'>flagitaret]</span> <span class='ocrx_word' id='word_1_462' title='bbox 638 2832 703 2873; x_wconf 89' lang='lat' dir='ltr'>Ep.</span> <span class='ocrx_word' id='word_1_463' title='bbox 729 2835 828 2875; x_wconf 82' lang='lat'>1338.</span> <span class='ocrx_word' id='word_1_464' title='bbox 851 2842 955 2875; x_wconf 87' lang='lat'>41—3.</span> 
     </span>
     <span class='ocr_line' id='line_1_57' title="bbox 323 2875 1043 2915; baseline 0.004 -11"><span class='ocrx_word' id='word_1_465' title='bbox 323 2875 396 2915; x_wconf 84' lang='lat'>246.</span> <span class='ocrx_word' id='word_1_466' title='bbox 423 2878 553 2906; x_wconf 87' lang='lat' dir='ltr'>vocant</span> <span class='ocrx_word' id='word_1_467' title='bbox 585 2875 730 2914; x_wconf 87' lang='lat' dir='ltr'>eruditi]</span> <span class='ocrx_word' id='word_1_468' title='bbox 763 2876 835 2908; x_wconf 86' lang='lat' dir='ltr'>The</span> <span class='ocrx_word' id='word_1_469' title='bbox 856 2876 962 2907; x_wconf 88' lang='lat' dir='ltr'>letter</span> <span class='ocrx_word' id='word_1_470' title='bbox 982 2886 1043 2907; x_wconf 90' lang='lat' dir='ltr'>an-</span> 
     </span>
     <span class='ocr_line' id='line_1_58' title="bbox 277 2917 1040 2962; baseline 0.007 -16"><span class='ocrx_word' id='word_1_471' title='bbox 277 2917 407 2948; x_wconf 86' lang='lat' dir='ltr'>swered</span> <span class='ocrx_word' id='word_1_472' title='bbox 434 2918 482 2959; x_wconf 83' lang='lat' dir='ltr'>by</span> <span class='ocrx_word' id='word_1_473' title='bbox 509 2919 574 2959; x_wconf 90' lang='lat' dir='ltr'>Ep.</span> <span class='ocrx_word' id='word_1_474' title='bbox 606 2928 689 2959; x_wconf 85' lang='lat'>1349</span> <span class='ocrx_word' id='word_1_475' title='bbox 717 2929 802 2962; x_wconf 85' lang='lat' dir='ltr'>very</span> <span class='ocrx_word' id='word_1_476' title='bbox 827 2919 935 2962; x_wconf 81' lang='lat' dir='ltr'>likely</span> <span class='ocrx_word' id='word_1_477' title='bbox 963 2929 1040 2951; x_wconf 86' lang='lat' dir='ltr'>con—</span> 
     </span>
     <span class='ocr_line' id='line_1_59' title="bbox 278 2960 680 2994; baseline 0.01 -4"><span class='ocrx_word' id='word_1_478' title='bbox 278 2960 398 2991; x_wconf 86' lang='lat' dir='ltr'>tained</span> <span class='ocrx_word' id='word_1_479' title='bbox 415 2971 461 2992; x_wconf 88' lang='lat' dir='ltr'>an</span> <span class='ocrx_word' id='word_1_480' title='bbox 477 2962 680 2994; x_wconf 83' lang='lat' dir='ltr'>invitation.</span> 
     </span>
    </p>

    <p class='ocr_par' dir='ltr' id='par_1_13' title="bbox 366 3003 880 3049">
     <span class='ocr_line' id='line_1_60' title="bbox 366 3003 880 3049; baseline 0.002 -13"><span class='ocrx_word' id='word_1_481' title='bbox 366 3003 530 3044; x_wconf 86' lang='lat' dir='ltr'>Galliam]</span> <span class='ocrx_word' id='word_1_482' title='bbox 549 3005 598 3037; x_wconf 82' lang='lat' dir='ltr'>Cf.</span> <span class='ocrx_word' id='word_1_483' title='bbox 620 3006 684 3047; x_wconf 90' lang='lat' dir='ltr'>Ep.</span> <span class='ocrx_word' id='word_1_484' title='bbox 708 3015 801 3046; x_wconf 87' lang='lat'>1319.</span> <span class='ocrx_word' id='word_1_485' title='bbox 824 3017 880 3049; x_wconf 87' lang='lat' dir='ltr'>3n.</span> 
     </span>
    </p>

    <p class='ocr_par' dir='ltr' id='par_1_14' title="bbox 323 3048 1046 3133">
     <span class='ocr_line' id='line_1_61' title="bbox 324 3048 1003 3091; baseline 0.003 -12"><span class='ocrx_word' id='word_1_486' title='bbox 324 3057 396 3089; x_wconf 87' lang='lat'>252.</span> <span class='ocrx_word' id='word_1_487' title='bbox 423 3048 632 3087; x_wconf 87' lang='lat' dir='ltr'>Germanus]</span> <span class='ocrx_word' id='word_1_488' title='bbox 651 3049 700 3081; x_wconf 79' lang='lat' dir='ltr'>Cf.</span> <span class='ocrx_word' id='word_1_489' title='bbox 722 3050 787 3091; x_wconf 89' lang='lat' dir='ltr'>Ep.</span> <span class='ocrx_word' id='word_1_490' title='bbox 811 3059 904 3090; x_wconf 85' lang='lat'>1147.</span> <span class='ocrx_word' id='word_1_491' title='bbox 924 3052 1003 3082; x_wconf 83' lang='grc'>2811.</span> 
     </span>
     <span class='ocr_line' id='line_1_62' title="bbox 323 3091 1046 3133; baseline 0.003 -11"><span class='ocrx_word' id='word_1_492' title='bbox 323 3099 397 3133; x_wconf 83' lang='grc'>253.</span> <span class='ocrx_word' id='word_1_493' title='bbox 422 3091 532 3133; x_wconf 82' lang='lat' dir='ltr'>capis]</span> <span class='ocrx_word' id='word_1_494' title='bbox 549 3092 714 3124; x_wconf 82' lang='lat' dir='ltr'>Erasmus</span> <span class='ocrx_word' id='word_1_495' title='bbox 730 3103 800 3124; x_wconf 79' lang='lat' dir='ltr'>was</span> <span class='ocrx_word' id='word_1_496' title='bbox 818 3092 904 3124; x_wconf 85' lang='lat' dir='ltr'>fond</span> <span class='ocrx_word' id='word_1_497' title='bbox 920 3093 955 3125; x_wconf 79' lang='lat' dir='ltr'>of</span> <span class='ocrx_word' id='word_1_498' title='bbox 976 3093 1046 3125; x_wconf 82' lang='lat' dir='ltr'>this</span> 
     </span>
    </p>
   </div>
   <div class='ocr_carea' id='block_1_8' title="bbox 1111 2222 1885 3136">
    <p class='ocr_par' dir='ltr' id='par_1_15' title="bbox 1113 2222 1885 2482">
     <span class='ocr_line' id='line_1_63' title="bbox 1115 2222 1885 2265; baseline 0.003 -12"><span class='ocrx_word' id='word_1_499' title='bbox 1115 2222 1196 2262; x_wconf 88' lang='lat' dir='ltr'>jest.</span> <span class='ocrx_word' id='word_1_500' title='bbox 1246 2223 1282 2254; x_wconf 88' lang='lat' dir='ltr'>It</span> <span class='ocrx_word' id='word_1_501' title='bbox 1306 2233 1454 2265; x_wconf 84' lang='lat' dir='ltr'>appears</span> <span class='ocrx_word' id='word_1_502' title='bbox 1478 2224 1516 2254; x_wconf 92' lang='lat' dir='ltr'>in</span> <span class='ocrx_word' id='word_1_503' title='bbox 1541 2223 1601 2255; x_wconf 86' lang='lat' dir='ltr'>the</span> <span class='ocrx_word' id='word_1_504' title='bbox 1626 2223 1766 2255; x_wconf 87' lang='lat' dir='ltr'>earliest</span> <span class='ocrx_word' id='word_1_505' title='bbox 1790 2223 1885 2255; x_wconf 77' lang='lat' dir='ltr'>draft</span> 
     </span>
     <span class='ocr_line' id='line_1_64' title="bbox 1117 2265 1883 2309; baseline 0.004 -13"><span class='ocrx_word' id='word_1_506' title='bbox 1117 2265 1152 2297; x_wconf 77' lang='lat' dir='ltr'>of</span> <span class='ocrx_word' id='word_1_507' title='bbox 1178 2266 1238 2297; x_wconf 89' lang='lat' dir='ltr'>the</span> <span class='ocrx_word' id='word_1_508' title='bbox 1265 2266 1386 2308; x_wconf 76' lang='lat' dir='ltr'>Colloq.</span> <span class='ocrx_word' id='word_1_509' title='bbox 1414 2267 1606 2306; x_wconf 76' lang='lat' dir='ltr'>Formulae,</span> <span class='ocrx_word' id='word_1_510' title='bbox 1632 2277 1671 2299; x_wconf 86' lang='lat' dir='ltr'>as</span> <span class='ocrx_word' id='word_1_511' title='bbox 1695 2267 1883 2309; x_wconf 84' lang='lat' dir='ltr'>composed</span> 
     </span>
     <span class='ocr_line' id='line_1_65' title="bbox 1114 2309 1882 2353; baseline 0.005 -14"><span class='ocrx_word' id='word_1_512' title='bbox 1114 2309 1151 2340; x_wconf 86' lang='lat' dir='ltr'>in</span> <span class='ocrx_word' id='word_1_513' title='bbox 1168 2310 1266 2341; x_wconf 85' lang='lat' dir='ltr'>Paris</span> <span class='ocrx_word' id='word_1_514' title='bbox 1282 2321 1308 2341; x_wconf 93' lang='lat' dir='ltr'>c.</span> <span class='ocrx_word' id='word_1_515' title='bbox 1332 2320 1413 2351; x_wconf 84' lang='lat'>1497</span> <span class='ocrx_word' id='word_1_516' title='bbox 1432 2313 1501 2351; x_wconf 90' lang='lat' dir='ltr'>(see</span> <span class='ocrx_word' id='word_1_517' title='bbox 1519 2311 1609 2353; x_wconf 89' lang='lat' dir='ltr'>Epp.</span> <span class='ocrx_word' id='word_1_518' title='bbox 1630 2320 1703 2352; x_wconf 86' lang='lat'>130.</span> <span class='ocrx_word' id='word_1_519' title='bbox 1719 2321 1800 2352; x_wconf 80' lang='grc'>9211,</span> <span class='ocrx_word' id='word_1_520' title='bbox 1814 2320 1882 2351; x_wconf 81' lang='lat'>909</span> 
     </span>
     <span class='ocr_line' id='line_1_66' title="bbox 1113 2353 1881 2393; baseline 0.004 -10"><span class='ocrx_word' id='word_1_521' title='bbox 1113 2353 1260 2393; x_wconf 82' lang='lat' dir='ltr'>introd.)</span> <span class='ocrx_word' id='word_1_522' title='bbox 1276 2366 1283 2385; x_wconf 78' lang='lat' dir='ltr'><strong><em>z</em></strong></span> <span class='ocrx_word' id='word_1_523' title='bbox 1326 2354 1367 2385; x_wconf 76' lang='lat' dir='ltr'>f0.</span> <span class='ocrx_word' id='word_1_524' title='bbox 1401 2354 1437 2385; x_wconf 88' lang='lat' dir='ltr'>h⁵</span> <span class='ocrx_word' id='word_1_525' title='bbox 1468 2354 1503 2386; x_wconf 86' lang='lat' dir='ltr'>of</span> <span class='ocrx_word' id='word_1_526' title='bbox 1539 2354 1705 2387; x_wconf 84' lang='lat' dir='ltr'>Froben&#39;s</span> <span class='ocrx_word' id='word_1_527' title='bbox 1735 2355 1881 2393; x_wconf 87' lang='lat' dir='ltr'>edition,</span> 
     </span>
     <span class='ocr_line' id='line_1_67' title="bbox 1116 2396 1882 2438; baseline 0.003 -11"><span class='ocrx_word' id='word_1_528' title='bbox 1116 2396 1235 2428; x_wconf 84' lang='lat' dir='ltr'>March</span> <span class='ocrx_word' id='word_1_529' title='bbox 1266 2406 1361 2438; x_wconf 71' lang='lat'>1522,</span> <span class='ocrx_word' id='word_1_530' title='bbox 1390 2398 1460 2429; x_wconf 87' lang='lat' dir='ltr'>LB.</span> <span class='ocrx_word' id='word_1_531' title='bbox 1487 2399 1509 2429; x_wconf 92' lang='lat' dir='ltr'>i.</span> <span class='ocrx_word' id='word_1_532' title='bbox 1538 2400 1605 2438; x_wconf 83' lang='lat'>664</span> <span class='ocrx_word' id='word_1_533' title='bbox 1619 2408 1676 2430; x_wconf 89' lang='lat' dir='ltr'>CD.</span> <span class='ocrx_word' id='word_1_534' title='bbox 1728 2399 1778 2431; x_wconf 83' lang='lat' dir='ltr'>Cf.</span> <span class='ocrx_word' id='word_1_535' title='bbox 1809 2398 1882 2430; x_wconf 87' lang='lat' dir='ltr'>also</span> 
     </span>
     <span class='ocr_line' id='line_1_68' title="bbox 1115 2440 1576 2482; baseline 0.004 -12"><span class='ocrx_word' id='word_1_536' title='bbox 1115 2440 1187 2472; x_wconf 75' lang='lat' dir='ltr'>Cat.</span> <span class='ocrx_word' id='word_1_537' title='bbox 1207 2441 1288 2472; x_wconf 60' lang='grc' dir='ltr'>[αις.</span> <span class='ocrx_word' id='word_1_538' title='bbox 1309 2443 1349 2480; x_wconf 86' lang='grc'>(1,</span> <span class='ocrx_word' id='word_1_539' title='bbox 1368 2451 1402 2482; x_wconf 88' lang='lat' dir='ltr'>p.</span> <span class='ocrx_word' id='word_1_540' title='bbox 1426 2451 1476 2472; x_wconf 86' lang='lat'>11.</span> <span class='ocrx_word' id='word_1_541' title='bbox 1500 2443 1576 2481; x_wconf 89' lang='lat'>1,2).</span> 
     </span>
    </p>

    <p class='ocr_par' dir='ltr' id='par_1_16' title="bbox 1111 2484 1880 3048">
     <span class='ocr_line' id='line_1_69' title="bbox 1159 2484 1880 2526; baseline 0.001 -11"><span class='ocrx_word' id='word_1_542' title='bbox 1159 2494 1234 2526; x_wconf 84' lang='lat'>254.</span> <span class='ocrx_word' id='word_1_543' title='bbox 1259 2494 1313 2515; x_wconf 88' lang='lat' dir='ltr'>me</span> <span class='ocrx_word' id='word_1_544' title='bbox 1333 2484 1547 2526; x_wconf 89' lang='lat' dir='ltr'>propellunt]</span> <span class='ocrx_word' id='word_1_545' title='bbox 1568 2484 1652 2516; x_wconf 85' lang='lat' dir='ltr'>This</span> <span class='ocrx_word' id='word_1_546' title='bbox 1671 2484 1880 2516; x_wconf 85' lang='lat' dir='ltr'>determina-</span> 
     </span>
     <span class='ocr_line' id='line_1_70' title="bbox 1112 2527 1879 2570; baseline 0.001 -12"><span class='ocrx_word' id='word_1_547' title='bbox 1112 2527 1189 2558; x_wconf 80' lang='lat' dir='ltr'>tion</span> <span class='ocrx_word' id='word_1_548' title='bbox 1208 2531 1245 2559; x_wconf 89' lang='lat' dir='ltr'>to</span> <span class='ocrx_word' id='word_1_549' title='bbox 1262 2527 1359 2559; x_wconf 77' lang='lat' dir='ltr'>leave</span> <span class='ocrx_word' id='word_1_550' title='bbox 1378 2529 1555 2569; x_wconf 86' lang='lat' dir='ltr'>Germany</span> <span class='ocrx_word' id='word_1_551' title='bbox 1571 2538 1642 2559; x_wconf 79' lang='lat' dir='ltr'>was</span> <span class='ocrx_word' id='word_1_552' title='bbox 1659 2527 1814 2560; x_wconf 80' lang='lat' dir='ltr'>fortified</span> <span class='ocrx_word' id='word_1_553' title='bbox 1832 2528 1879 2570; x_wconf 84' lang='lat' dir='ltr'>by</span> 
     </span>
     <span class='ocr_line' id='line_1_71' title="bbox 1113 2571 1878 2613; baseline 0.001 -11"><span class='ocrx_word' id='word_1_554' title='bbox 1113 2571 1173 2602; x_wconf 83' lang='lat' dir='ltr'>the</span> <span class='ocrx_word' id='word_1_555' title='bbox 1195 2572 1385 2603; x_wconf 83' lang='lat' dir='ltr'>continued</span> <span class='ocrx_word' id='word_1_556' title='bbox 1405 2572 1544 2603; x_wconf 78' lang='lat' dir='ltr'>attacks</span> <span class='ocrx_word' id='word_1_557' title='bbox 1565 2571 1667 2603; x_wconf 87' lang='lat' dir='ltr'>made</span> <span class='ocrx_word' id='word_1_558' title='bbox 1689 2582 1784 2613; x_wconf 89' lang='lat' dir='ltr'>upon</span> <span class='ocrx_word' id='word_1_559' title='bbox 1805 2572 1878 2603; x_wconf 88' lang='lat' dir='ltr'>him</span> 
     </span>
     <span class='ocr_line' id='line_1_72' title="bbox 1112 2614 1879 2647; baseline 0.001 -2"><span class='ocrx_word' id='word_1_560' title='bbox 1112 2614 1203 2646; x_wconf 78' lang='lat' dir='ltr'>from</span> <span class='ocrx_word' id='word_1_561' title='bbox 1233 2616 1293 2647; x_wconf 86' lang='lat' dir='ltr'>the</span> <span class='ocrx_word' id='word_1_562' title='bbox 1322 2616 1395 2647; x_wconf 87' lang='lat' dir='ltr'>side</span> <span class='ocrx_word' id='word_1_563' title='bbox 1426 2616 1461 2647; x_wconf 83' lang='lat' dir='ltr'>of</span> <span class='ocrx_word' id='word_1_564' title='bbox 1490 2616 1550 2647; x_wconf 91' lang='lat' dir='ltr'>the</span> <span class='ocrx_word' id='word_1_565' title='bbox 1580 2615 1789 2647; x_wconf 77' lang='lat' dir='ltr'>Reformers.</span> <span class='ocrx_word' id='word_1_566' title='bbox 1843 2616 1879 2647; x_wconf 89' lang='lat' dir='ltr'>It</span> 
     </span>
     <span class='ocr_line' id='line_1_73' title="bbox 1112 2658 1875 2701; baseline 0.001 -12"><span class='ocrx_word' id='word_1_567' title='bbox 1112 2658 1225 2690; x_wconf 83' lang='lat' dir='ltr'>lasted</span> <span class='ocrx_word' id='word_1_568' title='bbox 1237 2659 1395 2701; x_wconf 82' lang='lat' dir='ltr'>strongly</span> <span class='ocrx_word' id='word_1_569' title='bbox 1411 2659 1629 2701; x_wconf 84' lang='lat' dir='ltr'>throughout</span> <span class='ocrx_word' id='word_1_570' title='bbox 1643 2659 1704 2691; x_wconf 86' lang='lat' dir='ltr'>the</span> <span class='ocrx_word' id='word_1_571' title='bbox 1719 2669 1804 2700; x_wconf 85' lang='lat' dir='ltr'>year</span> <span class='ocrx_word' id='word_1_572' title='bbox 1816 2659 1875 2699; x_wconf 82' lang='lat' dir='ltr'>(cf.</span> 
     </span>
     <span class='ocr_line' id='line_1_74' title="bbox 1115 2702 1875 2745; baseline 0.004 -12"><span class='ocrx_word' id='word_1_573' title='bbox 1115 2702 1204 2744; x_wconf 84' lang='lat' dir='ltr'>Epp.</span> <span class='ocrx_word' id='word_1_574' title='bbox 1231 2713 1324 2744; x_wconf 79' lang='lat'>1359.</span> <span class='ocrx_word' id='word_1_575' title='bbox 1352 2705 1404 2741; x_wconf 86' lang='lat'>16,</span> <span class='ocrx_word' id='word_1_576' title='bbox 1430 2705 1523 2744; x_wconf 79' lang='grc'>1364.</span> <span class='ocrx_word' id='word_1_577' title='bbox 1548 2713 1651 2740; x_wconf 87' lang='grc'>20-2,</span> <span class='ocrx_word' id='word_1_578' title='bbox 1677 2705 1770 2743; x_wconf 88' lang='grc'>1376.</span> <span class='ocrx_word' id='word_1_579' title='bbox 1797 2705 1875 2745; x_wconf 89' lang='lat'>8—9.</span> 
     </span>
     <span class='ocr_line' id='line_1_75' title="bbox 1116 2746 1876 2789; baseline 0.001 -13"><span class='ocrx_word' id='word_1_580' title='bbox 1116 2747 1209 2786; x_wconf 81' lang='grc'>1385.</span> <span class='ocrx_word' id='word_1_581' title='bbox 1238 2758 1290 2784; x_wconf 88' lang='grc'>12,</span> <span class='ocrx_word' id='word_1_582' title='bbox 1321 2748 1414 2786; x_wconf 78' lang='grc'>1386.</span> <span class='ocrx_word' id='word_1_583' title='bbox 1447 2758 1569 2789; x_wconf 88' lang='grc'>12-13,</span> <span class='ocrx_word' id='word_1_584' title='bbox 1597 2748 1689 2787; x_wconf 83' lang='grc'>1388.</span> <span class='ocrx_word' id='word_1_585' title='bbox 1721 2748 1787 2789; x_wconf 84' lang='lat'>13),</span> <span class='ocrx_word' id='word_1_586' title='bbox 1806 2746 1876 2777; x_wconf 87' lang='lat' dir='ltr'>and</span> 
     </span>
     <span class='ocr_line' id='line_1_76' title="bbox 1113 2789 1876 2822; baseline 0.001 -2"><span class='ocrx_word' id='word_1_587' title='bbox 1113 2790 1230 2820; x_wconf 84' lang='lat' dir='ltr'>marks</span> <span class='ocrx_word' id='word_1_588' title='bbox 1242 2790 1301 2821; x_wconf 90' lang='lat' dir='ltr'>the</span> <span class='ocrx_word' id='word_1_589' title='bbox 1314 2790 1491 2822; x_wconf 87' lang='lat' dir='ltr'>unsettled</span> <span class='ocrx_word' id='word_1_590' title='bbox 1499 2790 1679 2822; x_wconf 83' lang='lat' dir='ltr'>condition</span> <span class='ocrx_word' id='word_1_591' title='bbox 1689 2789 1725 2821; x_wconf 85' lang='lat' dir='ltr'>of</span> <span class='ocrx_word' id='word_1_592' title='bbox 1735 2790 1789 2821; x_wconf 88' lang='lat' dir='ltr'>his</span> <span class='ocrx_word' id='word_1_593' title='bbox 1799 2793 1876 2821; x_wconf 89' lang='lat' dir='ltr'>out-</span> 
     </span>
     <span class='ocr_line' id='line_1_77' title="bbox 1112 2833 1874 2873; baseline -0.001 -9"><span class='ocrx_word' id='word_1_594' title='bbox 1112 2833 1193 2865; x_wconf 85' lang='lat' dir='ltr'>look</span> <span class='ocrx_word' id='word_1_595' title='bbox 1216 2837 1254 2864; x_wconf 88' lang='lat' dir='ltr'>at</span> <span class='ocrx_word' id='word_1_596' title='bbox 1277 2834 1348 2865; x_wconf 87' lang='lat' dir='ltr'>this</span> <span class='ocrx_word' id='word_1_597' title='bbox 1364 2835 1460 2866; x_wconf 88' lang='lat' dir='ltr'>time.</span> <span class='ocrx_word' id='word_1_598' title='bbox 1504 2834 1557 2866; x_wconf 90' lang='lat' dir='ltr'>On</span> <span class='ocrx_word' id='word_1_599' title='bbox 1573 2843 1615 2865; x_wconf 90' lang='lat'>22</span> <span class='ocrx_word' id='word_1_600' title='bbox 1634 2833 1726 2865; x_wconf 85' lang='lat' dir='ltr'>June</span> <span class='ocrx_word' id='word_1_601' title='bbox 1743 2835 1874 2873; x_wconf 84' lang='grc'>&lt;1523&gt;</span> 
     </span>
     <span class='ocr_line' id='line_1_78' title="bbox 1114 2875 1876 2909; baseline 0.001 -2"><span class='ocrx_word' id='word_1_602' title='bbox 1114 2876 1207 2908; x_wconf 88' lang='lat' dir='ltr'>Basil</span> <span class='ocrx_word' id='word_1_603' title='bbox 1233 2877 1429 2909; x_wconf 87' lang='lat' dir='ltr'>Amerbach</span> <span class='ocrx_word' id='word_1_604' title='bbox 1456 2878 1571 2908; x_wconf 88' lang='lat' dir='ltr'>writes</span> <span class='ocrx_word' id='word_1_605' title='bbox 1595 2877 1686 2908; x_wconf 85' lang='lat' dir='ltr'>from</span> <span class='ocrx_word' id='word_1_606' title='bbox 1711 2875 1812 2908; x_wconf 89' lang='lat' dir='ltr'>Basle</span> <span class='ocrx_word' id='word_1_607' title='bbox 1837 2880 1876 2908; x_wconf 85' lang='lat' dir='ltr'>to</span> 
     </span>
     <span class='ocr_line' id='line_1_79' title="bbox 1113 2919 1875 2962; baseline 0 -11"><span class='ocrx_word' id='word_1_608' title='bbox 1113 2920 1280 2952; x_wconf 82' lang='lat' dir='ltr'>Boniface</span> <span class='ocrx_word' id='word_1_609' title='bbox 1291 2925 1329 2952; x_wconf 88' lang='lat' dir='ltr'>at</span> <span class='ocrx_word' id='word_1_610' title='bbox 1336 2921 1510 2962; x_wconf 83' lang='lat' dir='ltr'>Avignon,</span> <span class='ocrx_word' id='word_1_611' title='bbox 1523 2920 1530 2933; x_wconf 93' lang='lat'>‘</span> <span class='ocrx_word' id='word_1_612' title='bbox 1541 2921 1582 2951; x_wconf 90' lang='lat' dir='ltr'>D.</span> <span class='ocrx_word' id='word_1_613' title='bbox 1595 2920 1761 2951; x_wconf 87' lang='lat' dir='ltr'>Erasmus</span> <span class='ocrx_word' id='word_1_614' title='bbox 1768 2919 1875 2951; x_wconf 83' lang='lat' dir='ltr'>Rote-</span> 
     </span>
     <span class='ocr_line' id='line_1_80' title="bbox 1112 2963 1876 3006; baseline -0.001 -11"><span class='ocrx_word' id='word_1_615' title='bbox 1112 2963 1277 2995; x_wconf 87' lang='lat' dir='ltr'>rodamus</span> <span class='ocrx_word' id='word_1_616' title='bbox 1295 2965 1360 2996; x_wconf 89' lang='lat' dir='ltr'>sub</span> <span class='ocrx_word' id='word_1_617' title='bbox 1382 2964 1622 3006; x_wconf 86' lang='lat' dir='ltr'>Septembrem</span> <span class='ocrx_word' id='word_1_618' title='bbox 1643 2963 1713 2995; x_wconf 85' lang='lat' dir='ltr'>alio</span> <span class='ocrx_word' id='word_1_619' title='bbox 1727 2963 1876 3004; x_wconf 76' lang='lat' dir='ltr'>migrare</span> 
     </span>
     <span class='ocr_line' id='line_1_81' title="bbox 1111 3007 1874 3048; baseline 0 -9"><span class='ocrx_word' id='word_1_620' title='bbox 1111 3007 1219 3039; x_wconf 88' lang='lat' dir='ltr'>habet</span> <span class='ocrx_word' id='word_1_621' title='bbox 1230 3009 1267 3039; x_wconf 87' lang='lat' dir='ltr'>&#39;m</span> <span class='ocrx_word' id='word_1_622' title='bbox 1277 3007 1606 3047; x_wconf 71' lang='lat' dir='ltr'>anjmo&#39;fflasleMS.</span> <span class='ocrx_word' id='word_1_623' title='bbox 1616 3007 1711 3040; x_wconf 87' lang='lat' dir='ltr'>G.II.</span> <span class='ocrx_word' id='word_1_624' title='bbox 1725 3016 1737 3038; x_wconf 94' lang='lat'>1</span> <span class='ocrx_word' id='word_1_625' title='bbox 1745 3016 1773 3048; x_wconf 88' lang='grc'>3.</span> <span class='ocrx_word' id='word_1_626' title='bbox 1786 3008 1874 3048; x_wconf 87' lang='grc'>145).</span> 
     </span>
    </p>

    <p class='ocr_par' dir='ltr' id='par_1_17' title="bbox 1200 3050 1807 3093">
     <span class='ocr_line' id='line_1_82' title="bbox 1200 3050 1807 3093; baseline 0 -11"><span class='ocrx_word' id='word_1_627' title='bbox 1200 3051 1434 3093; x_wconf 82' lang='lat' dir='ltr'>hypocausta]</span> <span class='ocrx_word' id='word_1_628' title='bbox 1451 3050 1502 3084; x_wconf 82' lang='lat' dir='ltr'>Of.</span> <span class='ocrx_word' id='word_1_629' title='bbox 1522 3051 1587 3093; x_wconf 87' lang='lat' dir='ltr'>Ep.</span> <span class='ocrx_word' id='word_1_630' title='bbox 1611 3051 1705 3090; x_wconf 89' lang='lat'>1248.</span> <span class='ocrx_word' id='word_1_631' title='bbox 1731 3060 1807 3084; x_wconf 86' lang='lat'>1011.</span> 
     </span>
    </p>

    <p class='ocr_par' dir='ltr' id='par_1_18' title="bbox 1158 3094 1724 3136">
     <span class='ocr_line' id='line_1_83' title="bbox 1158 3094 1724 3136; baseline -0.002 -10"><span class='ocrx_word' id='word_1_632' title='bbox 1158 3103 1233 3136; x_wconf 87' lang='lat'>255.</span> <span class='ocrx_word' id='word_1_633' title='bbox 1258 3094 1356 3134; x_wconf 80' lang='lat' dir='ltr'>vina]</span> <span class='ocrx_word' id='word_1_634' title='bbox 1373 3094 1423 3127; x_wconf 81' lang='lat' dir='ltr'>Cf.</span> <span class='ocrx_word' id='word_1_635' title='bbox 1442 3094 1508 3136; x_wconf 90' lang='lat' dir='ltr'>Ep.</span> <span class='ocrx_word' id='word_1_636' title='bbox 1530 3096 1625 3134; x_wconf 84' lang='lat'>1316.</span> <span class='ocrx_word' id='word_1_637' title='bbox 1645 3104 1724 3135; x_wconf 82' lang='lat' dir='ltr'>24n.</span> 
     </span>
    </p>
   </div>
  </div>
 </body>
</html>
