2012 3370
144 160 266 210 1436]
497 159 570 198 ΤΟ
599 158 860 208 <GERARD
891 159 1378 209 GELDENHAUER?>
1653 161 1733 201 429

143 268 318 307 robusto
347 281 530 320 corpore,
551 267 739 314 callidus,
769 267 1042 318 pecuniarum
1070 270 1291 314 tractator,
1322 272 1518 308 strenuus
1547 273 1733 320 potator,
1749 285 1794 318 70

144 322 452 373 voluptuarius.
507 322 618 370 Quid
642 321 819 361 multis?
874 321 989 360 Deus
1013 325 1105 360 erat
1129 322 1245 372 apud
1262 322 1368 362 illos.
1423 323 1504 362 Hic
1529 336 1606 375 ego
1630 336 1734 374 puer

142 379 187 416 et
215 376 549 416 valetudinarius
576 380 621 415 et
648 375 761 415 solus
788 380 833 415 et
860 388 999 414 rerum
1028 375 1311 415 humanarum
1332 377 1565 428 imperitus,
1589 382 1640 416 vt
1661 379 1734 429 qui

143 443 308 482 semper
335 432 533 470 vixissem
565 432 609 469 in
644 429 808 476 scholis,
846 429 1115 469 obtundebat
1149 431 1409 480 quotidianis
1444 432 1581 470 minis.
1646 431 1734 471 Nec

143 484 319 524 deerant
349 485 422 536 qui
453 485 577 524 minis
607 484 812 523 adderent
842 484 1085 522 blanditias.
1145 484 1294 523 Frater
1324 486 1397 536 qui
1428 486 1540 524 solus
1571 499 1736 537 semper

143 542 352 578 tractarat
388 552 477 578 rem
514 538 811 590 pecuniariam,
851 538 1053 589 quicquid
1091 543 1321 588 supererat,
1361 552 1503 578 secum
1541 540 1733 587 abstulit,
1750 550 1790 582 75

143 597 188 632 et
221 593 409 644 alioquin
442 593 741 632 furacissimus.
805 592 863 631 Vt
896 591 1054 638 finiam,
1091 604 1178 631 non
1212 596 1382 632 mutata
1416 595 1627 633 sententia
1662 594 1735 634 sed

143 648 296 695 victus,
316 648 525 699 ingressus
545 660 638 686 sum
658 646 976 686 monasterium.

199 701 266 740 Ibi
298 703 482 753 primum
513 701 670 740 blanda
702 701 857 747 omnia,
890 704 934 739 et
964 700 1009 738 in
1041 699 1236 738 omnibus
1267 700 1567 752 indulgebatur
1598 702 1733 741 nobis.

145 754 272 793 Venit
304 755 393 795 dies
425 755 653 794 sumendae
693 755 824 794 vestis
864 766 1019 793 sacrae.
1089 754 1337 793 Reclamaui
1376 755 1540 794 denuo:
1591 768 1736 794 rursus

144 809 374 849 acrioribus
406 810 530 849 minis
560 809 752 860 repulsus
784 821 891 855 sum,
925 812 970 847 et
1002 809 1139 846 omnis
1175 809 1291 847 vitae
1325 821 1418 860 spes
1452 810 1666 861 adempta,
1702 811 1736 849 si
1753 816 1795 847 80

144 862 283 902 locum
310 867 532 903 mutarem.
588 863 770 914 Sumpta
795 867 861 902 est
887 863 1030 909 vestis,
1058 863 1145 901 imo
1170 863 1326 901 iniecta
1352 867 1430 902 est.
1487 863 1736 902 Etiamnum

144 917 362 956 blanditiis
376 917 567 957 laetabar
586 931 594 964 ;
626 921 670 957 et
684 922 830 957 tamen
846 917 1036 956 subolere
1052 921 1281 967 coeperunt
1296 917 1385 955 eius
1400 918 1515 956 vitae
1531 919 1735 957 miseriae.

145 971 329 1011 Venerat
364 984 500 1011 annus
536 971 818 1023 professionis,
857 984 882 1010 a
918 984 1004 1022 qua
1040 971 1224 1010 maxime
1262 971 1519 1011 abhorrebat
1556 973 1735 1011 animus.

144 1025 210 1065 Ibi
230 1038 297 1065 me
316 1027 431 1065 omni
454 1026 745 1065 machinarum
767 1039 916 1077 genere
941 1029 1041 1064 sunt
1065 1025 1218 1072 adorti,
1244 1029 1339 1064 tum
1362 1027 1478 1065 intus
1502 1030 1597 1065 tum
1621 1026 1735 1065 foris.

146 1079 263 1119 Inter
292 1081 434 1120 omnia
466 1082 650 1119 maxime
679 1094 746 1119 me
775 1080 1073 1119 commonebat
1106 1080 1255 1131 pudor,
1291 1093 1418 1131 quem
1452 1081 1567 1120 miris
1601 1081 1738 1120 modis
1755 1087 1793 1127 85

143 1134 469 1185 exaggerabant,
509 1136 544 1174 si
581 1148 743 1174 sacram
779 1135 897 1174 illam
934 1138 1097 1173 vestem
1134 1134 1401 1185 deponerem.
1470 1134 1738 1174 Obiiciebant

142 1189 288 1240 ingens
302 1188 534 1240 periculum
548 1189 602 1227 ab
617 1189 855 1240 Augustino
868 1190 990 1235 irato,
1008 1189 1043 1227 si
1056 1192 1218 1227 vestem
1232 1188 1292 1227 illi
1307 1201 1469 1227 sacram
1484 1189 1707 1228 abiicerem
1727 1203 1735 1235 ;

144 1255 220 1281 nec
239 1255 328 1282 esse
348 1256 465 1294 spem
486 1243 616 1281 vllam
636 1243 690 1282 ab
710 1243 805 1282 vllis
825 1244 982 1289 amicis,
1005 1244 1039 1281 si
1058 1243 1161 1293 quid
1181 1243 1266 1281 tale
1287 1243 1498 1282 auderem.
1548 1243 1615 1282 An
1634 1244 1737 1283 haec

144 1296 371 1336 manifesta
414 1298 480 1335 vis
522 1301 614 1336 erat
656 1298 700 1336 in
744 1297 1067 1343 adolescentem,
1112 1298 1268 1348 ingenii
1312 1297 1553 1344 verecundi,
1597 1310 1737 1336 rerum

143 1352 400 1402 imperitum,
430 1355 475 1390 et
502 1351 698 1390 omnibus
726 1351 945 1402 praesidiis
973 1351 1242 1397 destitutum,
1273 1364 1298 1389 a
1326 1350 1457 1390 fratre
1485 1352 1615 1390 etiam
1644 1365 1736 1402 pro·
1754 1368 1798 1399 90

143 1404 319 1444 ditum?
386 1404 467 1443 Hic
505 1406 540 1444 si
576 1418 662 1444 non
699 1409 791 1444 erat
828 1408 968 1444 metus
1005 1405 1159 1443 cadens
1195 1406 1239 1443 in
1277 1409 1545 1444 constantem
1583 1406 1736 1452 virum,

144 1462 256 1498 certe
289 1462 429 1497 metus
462 1463 554 1498 erat
589 1459 743 1498 cadens
782 1460 826 1498 in
866 1460 1063 1510 quamuis
1103 1463 1372 1498 constantem
1412 1459 1736 1499 adolescentem.

143 1512 211 1552 Sic
233 1512 435 1552 Erasmus
460 1512 600 1552 factus
624 1517 690 1553 est
714 1514 953 1553 canonicus.
1008 1513 1066 1552 Et
1088 1513 1157 1552 ille
1183 1513 1313 1552 Iudas
1336 1512 1468 1553 frater
1493 1526 1617 1565 saepe
1641 1518 1740 1565 post

143 1566 356 1606 confessus
377 1571 442 1606 est
462 1580 586 1606 suum
606 1571 842 1619 peccatum,
865 1567 981 1619 quod
1002 1580 1068 1606 me
1088 1568 1133 1606 in
1153 1580 1247 1606 eam
1267 1580 1437 1606 nassam
1458 1568 1708 1607 detrusisset
1728 1583 1736 1615 3

143 1621 216 1660 sed
238 1621 341 1660 mihi
364 1634 455 1660 sero
477 1622 671 1673 sapiebat
692 1622 774 1662 ille.
1756 1641 1777 1671 9
1783 1640 1796 1671 3

197 1675 301 1715 Post
319 1680 543 1727 acceptum
568 1677 801 1727 capistrum
827 1677 979 1728 aperiri
1006 1680 1236 1727 coeperunt
1262 1677 1351 1715 eius
1378 1677 1494 1715 vitae
1521 1678 1736 1728 mysteria.

144 1729 399 1781 Quanquam
432 1734 577 1769 autem
610 1731 713 1769 mihi
742 1731 857 1770 nulla
887 1743 981 1782 spes
1010 1735 1102 1769 erat
1130 1730 1240 1769 elabi
1269 1744 1321 1768 ex
1351 1743 1400 1769 eo
1429 1732 1545 1770 vitae
1575 1744 1737 1782 genere,

143 1788 289 1823 tamen
310 1783 468 1823 furtiue
490 1788 534 1823 et
555 1785 884 1824 reclamantibus
906 1785 1100 1836 patribus
1122 1785 1330 1823 vacabam
1353 1785 1505 1823 studiis
1527 1789 1738 1836 quatenus

143 1838 275 1877 licuit.
327 1838 385 1878 Et
406 1840 603 1890 quamuis
625 1840 767 1878 animo
788 1851 1008 1890 nunquam
1031 1839 1331 1889 approbassem
1354 1839 1433 1878 hoc
1456 1840 1570 1878 vitae
1593 1852 1736 1891 genus,

144 1896 290 1931 tamen
316 1892 370 1931 ob
396 1893 643 1931 scandalum
672 1897 766 1932 tum
792 1906 898 1944 pene
927 1893 1170 1932 inuincibile
1196 1892 1384 1932 ferebam
1410 1894 1565 1932 omnia.
1622 1893 1738 1933 Haec
1762 1910 1823 1932 100

145 1948 257 1985 enim
276 1948 521 1998 superstitio
540 1948 598 1986 sic
617 1947 788 1997 penitus
807 1947 1020 1986 insederat
1041 1947 1261 1986 hominum
1284 1947 1497 1986 mentibus
1519 1952 1570 1987 vt
1591 1947 1740 1986 mulier

145 2001 356 2052 quaedam
402 2001 636 2048 abortierit,
682 2001 797 2052 quod
843 2001 1008 2040 videret
1054 2003 1304 2040 canonicum
1351 2002 1565 2053 quendam
1612 2003 1740 2041 sacris

145 2054 378 2106 virginibus
416 2055 678 2106 praefectum
715 2057 760 2095 in
797 2057 952 2095 vicinia
990 2054 1339 2095 obambulantem
1376 2057 1421 2095 in
1459 2060 1577 2095 veste
1614 2056 1739 2103 linea,

144 2122 231 2148 non
250 2112 415 2148 tectum
433 2110 552 2161 nigro
573 2110 713 2161 pallio.
763 2110 821 2149 Et
841 2110 1016 2161 quidam
1036 2114 1142 2149 natu
1163 2110 1333 2162 grandis
1353 2111 1459 2149 serio
1481 2111 1583 2149 mihi
1604 2110 1741 2149 fassus

145 2177 188 2202 se
206 2164 455 2210 veriturum,
478 2165 513 2203 si
534 2164 737 2203 dormiret
757 2177 843 2204 non
864 2168 1004 2204 tectus
1026 2169 1143 2204 veste
1164 2165 1288 2212 linea,
1311 2178 1364 2204 ne
1385 2165 1580 2204 diabolus
1600 2166 1739 2216 ipsum
1764 2182 1821 2214 105

146 2218 295 2256 viuum
317 2221 485 2269 raperet
508 2218 563 2257 ad
586 2218 753 2258 inferos.

200 2271 377 2311 Interim
396 2271 554 2319 oblata,
574 2286 660 2312 non
678 2277 817 2324 capta,
838 2274 1056 2313 occasione
1075 2278 1253 2313 vocatus
1272 2287 1366 2312 sum
1383 2275 1427 2312 in
1446 2273 1739 2319 Brabantiam,

145 2326 243 2365 inde
280 2326 335 2365 ad
379 2326 637 2378 Episcopum
674 2327 1029 2367 Cameracensem.
1099 2328 1181 2368 Hic
1220 2328 1325 2367 nihil
1364 2332 1509 2367 actum
1549 2332 1614 2366 est
1653 2329 1741 2366 sine

146 2380 410 2420 authoritate
459 2382 680 2421 maiorum.
758 2382 857 2421 Abii
907 2382 1123 2421 Lutetiam
1144 2396 1152 2429 ;
1220 2396 1297 2421 nec
1346 2386 1509 2421 vestem
1559 2382 1739 2428 mutaui,

144 2434 336 2486 religiosa
364 2435 551 2486 quadam
582 2437 846 2483 verecundia,
878 2436 1010 2475 donec
1042 2438 1086 2475 in
1117 2436 1244 2475 Italia
1275 2437 1502 2475 necessitas
1526 2436 1669 2487 adegit
1693 2440 1739 2474 vt
1764 2452 1824 2475 110

193 2528 242 2560 75.
270 2524 440 2553 tractaret
456 2521 533 2553 MS.
789 2526 972 2564 superarat
989 2523 1066 2555 MS.
1087 2523 1144 2554 sed
1158 2521 1198 2562 cf.
1222 2534 1245 2553 ν.
1264 2532 1308 2561 40
1325 2526 1353 2553 e!
1369 2521 1432 2562 Ερ.
1451 2531 1527 2561 447.
1550 2531 1601 2561 74,
1623 2522 1738 2562 165-6.

145 2563 198 2595 86.
223 2564 480 2606 exaggerebant
496 2565 573 2597 MS.
791 2576 843 2605 92.
871 2567 1030 2607 quemuis
1048 2566 1125 2598 MS.
1334 2565 1386 2603 98.
1413 2568 1588 2606 quatenus
1607 2565 1739 2605 scripsi.

145 2607 325 2639 ,eccundum
344 2608 408 2648 Ep.
429 2616 506 2648 447.
527 2617 613 2649 450:
638 2619 745 2650 quam
766 2610 843 2641 MS.

172 2719 263 2760 ‘107.
289 2709 324 2740 in
360 2707 605 2764 Brabantiam]
637 2708 710 2739 The
742 2708 908 2757 accept-ed
976 2707 1018 2738 be
1044 2707 1126 2757 read
1152 2708 1188 2738 in
1215 2707 1276 2757 the
1301 2717 1396 2738 same
1423 2716 1535 2781 xva-*ymb
1563 2705 1739 2780 Ergasmus‘

144 2763 241 2839 {3222
256 2751 911 2835 05.οΕἷὲῗῖζῗθᾱῖἓῖἓθὲἒιξέἛὲἐὲἐὲἔ
975 2761 1136 2836 ἷέἷίἳῗξιῗῗ
1149 2750 1250 2825 iffi
1267 2760 1312 2825 ¹50
1322 2750 1512 2826 Ρὲἷὲἒέἰῖιὶ
1528 2753 1613 2834 3er
1627 2759 1741 2834 ἳῑιῖἒῗὲ

146 2839 206 2872 the
231 2843 432 2880 monastery
456 2839 526 2870 and
550 2838 610 2869 the
635 2838 765 2869 service
790 2837 826 2869 of
849 2837 910 2869 t-he
976 2836 1132 2868 Brussels
1151 2848 1190 2869 or
1208 2836 1364 2874 Malines,
1385 2841 1423 2869 to
1444 2836 1485 2868 be
1504 2837 1740 2875 interviewed,

147 2883 212 2925 Bp.
246 2883 283 2915 of
313 2882 497 2923 Cambray.
554 2881 596 2912 In
629 2880 716 2913 both
749 2881 801 2912 his
833 2891 909 2912 own
976 2880 1092 2912 before
1115 2880 1158 2912 he
1180 2880 1294 2912 learnt
1315 2880 1396 2912 that
1416 2881 1447 2912 it
1468 2890 1538 2911 was
1560 2879 1621 2912 the
1644 2879 1741 2922 Bp.’s

145 2930 357 2960 statements
376 2927 428 2966 (11.
449 2927 537 2966 94—8
557 2924 627 2956 and
648 2924 711 2965 Ep.
732 2933 808 2964 447.
829 2927 910 2964 454)
975 2924 1105 2955 service
1127 2923 1208 2956 that
1230 2924 1272 2955 he
1293 2934 1363 2955 was
1385 2927 1423 2955 to
1444 2927 1552 2956 enter.
1600 2923 1668 2956 For
1690 2924 1742 2956 his

147 2970 190 3003 he
210 2973 405 3012 represents
425 2969 485 3002 the
506 2969 695 3001 invitation
716 2977 754 2999 as
775 2969 911 3010 coming
976 2968 1061 3000 time
1077 2966 1162 2999 with
1178 2967 1238 3000 the
1255 2967 1318 3009 Bp.
1336 2977 1393 3000 see
1409 2967 1498 3009 App.
1518 2976 1534 3008 5
1552 2967 1588 2999 in
1603 2967 1673 3000 vol.
1690 2968 1712 2999 i.

147 3014 238 3046 from
274 3013 336 3046 the
372 3013 463 3055 Bp.;
512 3012 583 3044 and
619 3010 771 3061 Beatus'.
800 3011 912 3043 words
1026 3021 1095 3043 110.
1121 3012 1156 3043 in
1178 3010 1299 3051 Italia]
1319 3010 1369 3043 of.
1390 3010 1479 3053 Epp.
1503 3012 1578 3049 296.
1602 3012 1742 3051 178—90,

148 3058 211 3098 (lv.
241 3060 374 3099 39-41)‚
401 3056 535 3099 though
562 3060 625 3088 not
649 3054 804 3097 explic1t‚
831 3065 912 3096 may
976 3065 1051 3096 447.
1069 3056 1212 3095 470-96.
