2012 3370
247 153 326 190 580
727 150 980 189 LETTERS
1012 150 1083 189 OF
1113 150 1376 189 ERASMUS
1725 153 1848 201 [1524

248 259 392 297 multis
409 260 493 297 iam
513 258 661 296 seculis
679 257 781 295 nihil
800 257 912 295 orbis
931 256 1082 295 habuit
1100 257 1333 303 sublimius,
1354 257 1531 296 floreant
1549 262 1589 296 et
1611 257 1850 297 Christiana

244 312 389 364 religio
422 316 466 351 et
498 315 615 350 recta
648 310 791 350 studia
824 315 868 350 et
901 310 1072 362 publica
1104 311 1405 362 tranquillitas,
1442 324 1524 363 que
1558 311 1661 351 mihi
1695 324 1849 363 magno

187 384 224 418 35
245 380 383 405 rerum
421 367 660 405 discrimine
697 370 849 404 nutare
887 365 1099 404 videntur.
1167 365 1299 405 Vetus
1336 366 1536 417 adagium
1573 370 1650 413 est,
1689 366 1849 405 malum

249 421 469 459 consilium
491 421 722 471 pessimum
743 433 831 458 esse
851 420 887 458 ei
907 421 979 471 qui
999 419 1117 458 dedit
1139 433 1146 466 3
1182 434 1330 459 verum
1350 421 1394 459 in
1413 422 1547 460 tantis
1566 433 1705 460 rerum
1726 422 1848 460 moti-

243 475 322 513 bus
348 475 421 513 vix
447 478 593 513 tutum
619 474 801 513 arbitror
827 475 957 512 etiam
984 474 1144 513 bonum
1170 475 1390 514 consilium
1417 475 1530 513 dare.
1586 474 1848 514 Luteranum

243 529 464 579 negocium
494 528 698 567 latissime
729 532 1011 579 peruagatum
1042 532 1119 574 est,
1152 533 1196 567 et
1226 529 1360 567 indies
1391 542 1433 567 se
1465 533 1675 580 propagat
1705 529 1846 568 latius

244 582 425 621 Proinde
463 587 608 621 metuo
646 595 697 621 ne
735 582 980 633 vulgaribus
1016 583 1224 629 remediis,
1264 583 1342 621 hoc
1380 588 1445 621 est
1482 583 1719 634 palinodiis,
1760 595 1846 621 car·

181 654 224 684 40
243 636 406 674 ceribus
428 640 472 675 ct
494 636 716 683 fasciculis,
740 649 825 675 non
848 638 978 675 simus
1001 637 1232 676 admodum
1256 637 1499 687 profecturi.

300 690 393 729 Hac
439 690 491 728 de
535 703 579 728 rc
625 690 955 729 submonueram
1000 691 1375 742 inuictiss<imum>
1422 691 1629 737 Cesarcm,
1670 691 1846 730 fratrcm

244 749 316 783 tue
368 744 576 783 illustriss
629 745 904 791 celsitudinis,
958 758 1032 796 pcr
1076 744 1339 796 Glapionem.
1413 745 1752 785 Submonueram
1802 751 1845 785 et

243 798 478 837 Adrianum
506 798 810 852 pont<ificem>.
876 799 1111 838 Submonui
1137 799 1410 846 Clementem,
1432 805 1476 838 et
1505 800 1630 838 huius
1659 799 1847 851 legatum

242 853 529 904 Campegium.
581 853 623 893 Si
644 854 829 904 quedam
851 858 1120 892 mutarentur
1141 867 1222 904 que
1244 853 1361 892 nullo
1379 854 1590 905 religionis
1611 854 1846 905 dispendio,

180 925 221 957 45
241 907 358 946 nulla
393 907 550 958 publici
581 912 720 946 status
750 907 1035 954 conuulsionc,
1075 909 1231 946 mutari
1262 913 1453 959 possunt,
1484 909 1612 959 idque
1642 908 1760 947 fieret
1796 921 1848 947 ex

242 962 475 1001 autoritate
493 962 803 1015 pont<ificum>,
821 963 1115 1013 episcoporum
1132 967 1176 1001 et
1193 963 1444 1013 principum,
1467 962 1665 1009 mundus,
1683 963 1846 1013 opinor,

240 1017 444 1067 inciperet
469 1016 721 1062 auscultare,
748 1022 792 1055 et
816 1029 910 1067 spes
935 1020 1045 1055 esset
1069 1016 1276 1067 paulatim
1302 1018 1536 1057 redituram
1562 1017 1845 1056 concordiam.

241 1070 364 1109 Nunc
390 1075 572 1122 Vtraque
596 1083 694 1122 pars
718 1070 931 1109 mordicus
954 1074 1101 1110 tuetur
1125 1084 1214 1109 sua.
1269 1071 1327 1110 Et
1351 1084 1497 1110 vereor
1520 1084 1572 1110 ne
1596 1072 1640 1110 in
1665 1075 1847 1122 vtraque

240 1128 361 1175 parte
396 1126 482 1164 sint
517 1125 590 1176 qui
625 1138 749 1163 suum
785 1124 1057 1163 commodum
1092 1126 1208 1176 prius
1244 1125 1432 1164 habeant
1466 1126 1640 1177 negocio
1676 1125 1844 1165 Christi.

183 1197 222 1228 50
240 1178 450 1229 Equidem
471 1192 557 1218 non
578 1192 671 1217 sum
691 1180 726 1217 is
747 1180 820 1230 qui
840 1180 884 1217 in
903 1192 947 1218 re
967 1179 1089 1231 longe
1110 1179 1463 1230 periculosissima
1483 1181 1658 1218 summis
1679 1192 1843 1219 monar-

239 1232 327 1271 chis
358 1233 579 1272 consilium
609 1234 710 1272 dare
740 1235 927 1284 possim:
980 1238 1092 1273 certe
1127 1234 1243 1285 quod
1278 1247 1464 1285 possum,
1501 1235 1641 1274 Deum
1677 1234 1846 1273 assidue

238 1287 440 1338 deprecor
484 1291 534 1327 vt
578 1287 763 1326 Ecclesie
808 1288 1041 1339 mundique
1082 1288 1344 1340 principibus
1385 1290 1608 1340 impartiat
1648 1289 1845 1339 spiritum

239 1354 376 1388 suum,
408 1342 617 1393 simulque
647 1342 901 1393 populorum
932 1342 1060 1381 corda
1089 1347 1314 1382 conuertat
1344 1343 1399 1381 ad
1428 1356 1477 1382 ea
1507 1356 1589 1394 que
1618 1347 1719 1382 sunt
1749 1355 1845 1381 vere

237 1396 412 1447 pietatis
431 1400 476 1435 et
496 1395 732 1435 Christiane
753 1397 882 1447 pacis.

181 1467 218 1499 55
295 1449 418 1497 Quod
441 1450 497 1488 ad
520 1463 596 1489 nos
620 1452 791 1497 attinet,
817 1464 947 1502 quam
971 1451 1045 1490 diu
1069 1452 1299 1502 quicquam
1323 1452 1496 1503 spiritus
1521 1451 1676 1490 calebit
1698 1452 1742 1490 in
1766 1450 1845 1490 hoc

239 1504 501 1554 corpusculo,
529 1517 615 1543 non
641 1504 832 1543 desinam
859 1518 935 1556 pro
962 1505 1123 1544 viribus
1149 1506 1304 1544 seruire
1330 1505 1510 1557 publicis
1537 1505 1783 1552 commodis,
1811 1506 1845 1544 si

238 1570 325 1597 non
342 1571 496 1610 magno
512 1571 719 1605 successu,
738 1564 850 1598 certe
867 1572 1022 1610 magna
1038 1572 1134 1598 cum
1149 1561 1280 1598 animi
1296 1560 1566 1610 synceritate.
1613 1559 1699 1599 Det
1713 1559 1842 1606 Deus,

238 1613 311 1663 qui
342 1612 449 1652 solet
480 1617 524 1651 et
554 1617 698 1664 potest
728 1613 950 1652 hominum
982 1613 1095 1652 mala
1125 1618 1289 1653 vertere
1319 1615 1363 1652 in
1394 1613 1568 1661 bonum,
1601 1618 1650 1653 vt
1681 1627 1733 1653 ex
1764 1613 1844 1652 hoc

237 1665 426 1705 violento
453 1679 683 1719 amaroque
710 1668 955 1718 pharmaco,
979 1668 1096 1719 quod
1122 1681 1196 1719 per
1219 1668 1424 1708 Luterum
1448 1669 1660 1708 concussit
1683 1667 1842 1714 orbem,

176 1730 220 1762 60
237 1719 371 1760 veluti
418 1733 570 1772 corpus
617 1721 893 1773 vndiquaque
940 1727 1202 1774 corruptum,
1250 1727 1452 1762 nascatur
1499 1723 1660 1774 aliquid
1706 1722 1843 1761 bonae

235 1775 434 1814 sanitatis
453 1775 498 1814 in
519 1776 707 1814 moribus
728 1776 1077 1816 Christianorum.
1128 1776 1249 1816 Idem
1269 1781 1392 1816 tuam
1411 1776 1620 1816 illustriss.
1643 1775 1841 1828 amplitu-

236 1827 379 1868 dinem
399 1834 539 1869 seruet
549 1830 827 1877 incolumem.

291 1883 494 1922 Basileae.
547 1895 608 1923 12.
632 1883 718 1924 Cal.
742 1885 963 1923 Decembr.
987 1885 1066 1924 An.
1092 1896 1209 1936 1524.

489 2023 675 2077 15161527
737 2021 876 2063 FROM
908 2021 1119 2064 FRANOIS
1151 2022 1407 2064 MOLINms.

283 2109 433 2154 Leipzig
452 2108 526 2145 MS.
1510 2112 1645 2158 LyonS.

284 2166 360 2201 ΕΕ.
381 2177 437 2211 31.
1394 2180 1433 2204 21
1456 2169 1670 2204 November
1690 2180 1790 2215 1524.

279 2246 347 2287 [An
368 2248 514 2290 original
533 2248 648 2286 letter,
669 2249 868 2291 autograph
889 2249 1118 2291 throughout,
1141 2248 1205 2281 but
1223 2248 1309 2281 with
1329 2248 1390 2281 the
1409 2248 1666 2281 address—sheet
1686 2249 1837 2292 missing.

236 2289 308 2322 The
327 2301 389 2323 ms.
410 2291 592 2332 year-date
611 2293 639 2324 is
658 2292 846 2324 confirmed
866 2292 914 2334 by
932 2292 992 2324 the
1012 2291 1183 2324 reference
1201 2293 1236 2324 in
1257 2292 1320 2333 Ep.
1346 2301 1438 2334 1527.
1462 2301 1476 2332 5
1499 2296 1538 2325 to
1556 2303 1575 2324 a
1595 2291 1701 2325 letter
1718 2293 1755 2324 of
1778 2292 1839 2325 the

235 2343 332 2366 same
348 2340 496 2376 purport·
512 2345 550 2367 as
568 2335 631 2377 Ep.
656 2337 767 2377 1484]

288 2409 357 2449 AD
387 2415 430 2450 te
460 2412 641 2451 mittunt
672 2412 797 2451 multi
825 2412 1065 2451 elaboratas
1095 2411 1294 2463 epistolas
1324 2413 1576 2464 excogitatis
1606 2411 1838 2460 vocabulis,

233 2465 482 2505 suauissime
524 2466 712 2505 Erasme.
794 2466 910 2505 Tuus
952 2466 1153 2505 Eleemon
1196 2467 1341 2517 paucis
1386 2467 1619 2505 admodum
1660 2465 1838 2506 literulis

233 2530 355 2558 suam
384 2519 653 2560 voluntatem
683 2522 895 2572 exprimit.
960 2520 1049 2560 Scit
1077 2525 1178 2559 tuus
1205 2521 1351 2559 haeres
1375 2520 1561 2560 Hilarius
1585 2534 1670 2572 quo
1695 2521 1837 2560 animo

282 2603 376 2634 1515.
404 2610 455 2642 33.
482 2602 517 2634 H
533 2615 541 2635 ι
572 2604 666 2636 orbit
681 2617 710 2636 a.
905 2604 1052 2636 floreant
1068 2616 1109 2636 a:
1140 2604 1357 2636 efflorescant
1373 2605 1416 2636 H.
1586 2605 1638 2644 38.
1665 2609 1837 2646 propagat

239 2655 274 2676 se
292 2645 336 2676 H.
449 2655 502 2685 42.
530 2647 707 2679 Illustriss.
726 2647 940 2680 celsitudinis
957 2652 1040 2680 tuae
1057 2648 1100 2680 H.
1212 2657 1267 2688 43.
1293 2650 1345 2679 ‹221
1371 2648 1467 2680 fieres
1484 2650 1527 2678 (ιι.
1633 2649 1687 2687 46.
1715 2649 1837 2690 opinor

233 2687 308 2720 add.
327 2688 371 2721 H.
541 2699 591 2730 59.
618 2701 679 2732 per
695 2691 863 2723 Luterum
879 2691 953 2723 adel.
975 2693 1016 2723 (Β.
1200 2692 1254 2724 60.
1282 2691 1380 2723 velut
1395 2691 1439 2724 H.
1542 2692 1575 2723 H
1588 2703 1595 2723 ε
1621 2696 1786 2724 noscatur
1802 2705 1832 2723 α.

234 2733 287 2771 63.
314 2731 517 2765 Decembris
534 2733 580 2766 N.

281 2824 374 2857 1515.
401 2833 451 2865 35.
480 2827 611 2858 malum
635 2826 831 2867 consilium]
855 2826 906 2859 Cf.
932 2827 997 2868 Ep.
1113 2837 1168 2866 44.
1194 2826 1436 2869 Campegium]
1446 2827 1509 2860 See
1521 2827 1611 2869 Epp.
1628 2837 1722 2869 1410,
1739 2837 1833 2869 1415,

239 2868 333 2947 1026..
355 2876 530 2951 Ccelgarem]
546 2911 597 2944 Cf.
615 2912 679 2954 Ep.
701 2914 794 2954 1526.
817 2916 912 2953 146n.
1074 2880 1210 2945 145516.
1236 2923 1266 2945 2.
1294 2913 1475 2953 Eleemon]
1498 2914 1661 2947 Molinius
1684 2913 1834 2952 himself,

277 2962 333 2991 42.
358 2963 419 2994 per
433 2954 653 2996 Glapionem]
668 2956 730 2988 See
746 2957 811 2998 Ep.
832 2966 912 2999 1275
1069 2968 1107 2989 as
1123 2957 1242 2990 Grand
1257 2957 1423 2990 Almoner
1437 2962 1475 2990 to
1491 2958 1633 2990 Francis
1647 2967 1670 2990 1.

278 3004 332 3035 43.
358 2996 566 3038 Adrianum]
581 2999 644 3031 See
659 2999 723 3041 Ep.
744 3009 836 3041 1352.
1115 3010 1146 3041 3.
1173 3000 1307 3041 haeres]
1317 3001 1372 3033 An
1385 3001 1533 3034 allusion
1545 3005 1584 3034 to
1597 3001 1658 3034 the
1673 3000 1834 3034 weleome

324 3037 552 3081 Clementem]
568 3042 631 3073 See
648 3042 713 3083 Ep.
736 3045 828 3083 1418.
1069 3046 1172 3086 given
1196 3046 1232 3077 in
1257 3044 1387 3077 France
1413 3044 1469 3084 (cf.
1498 3045 1588 3087 Epp.
1618 3054 1710 3085 1413.
1735 3053 1832 3084 3—12‚
