2012 3370
189 902 204 933 5

168 1174 205 1196 10

162 1718 203 1739 20

161 2260 202 2292 30

160 2531 198 2563 35

230 115 308 153 392
681 112 935 152 LETTERS
967 112 1039 153 OF
1068 112 1331 154 ERASMUS
1707 117 1830 167 [1524

230 223 351 265 copied
369 223 415 264 by
433 223 580 255 another
598 227 864 263 contemporary
882 222 1202 264 hand—evidently
1220 223 1279 255 1110
1296 227 1496 265 cxtcmpore
1515 224 1612 265 reply
1629 225 1830 257 mentioned

228 268 263 299 in
282 267 370 309 Epp.
395 269 487 306 1418.
512 269 611 305 45—o,
636 275 727 306 1423.
758 275 872 305 1:23,
892 265 1003 298 which
1021 277 1090 298 was
1106 267 1311 299 afterwards
1329 267 1466 299 worked
1488 278 1536 308 up
1556 269 1633 300 into
1654 268 1714 301 the
1737 273 1831 301 tract

229 315 310 343 sent
327 315 364 343 to
382 311 494 342 Faber
511 310 589 351 (Ep.
614 311 722 349 1428).

273 354 345 387 The
367 353 488 386 verbal
509 352 745 385 coincidences
767 353 853 385 with
875 353 976 386 other
996 353 1117 386 letters
1139 354 1176 386 oi
1197 354 1268 387 this
1289 354 1385 392 time,
1408 354 1594 396 especially
1615 355 1704 398 Epp.
1734 358 1834 396 1416,

232 400 325 438 1418,
339 397 440 429 make
455 397 485 428 it
499 407 583 438 easy
594 400 631 428 to
643 396 759 439 assign
769 396 881 430 dates.
920 397 968 429 As
981 397 1079 430 there
1090 408 1159 430 was
1173 408 1195 430 a
1210 398 1315 431 letter
1325 402 1362 431 to
1373 398 1560 440 Campegio
1573 399 1611 431 in
1627 399 1687 431 the
1699 399 1832 442 budget·

227 445 306 474 sent
323 439 475 482 through
493 440 670 472 Filonardi
686 450 732 472 on
748 449 787 472 21
810 440 891 472 Feb.
912 441 981 480 (see
999 441 1063 483 Ep.
1087 450 1181 482 1424.
1204 444 1293 482 1—2),
1311 441 1382 474 this
1400 452 1481 483 may
1500 442 1540 474 be
1557 441 1680 484 placed
1696 443 1732 475 in
1750 443 1832 475 that

228 485 264 516 of
279 488 295 516 8
317 484 411 521 Feb„
428 483 540 516 which
556 494 625 516 was
643 484 774 516 carried
789 483 879 516 from
897 484 999 516 Basle
1014 485 1062 526 by
1078 484 1218 518 Faber's
1234 489 1378 518 servant
1393 485 1471 527 (Ep.
1494 494 1587 527 1423.
1611 488 1743 527 11—14).

844 609 942 637 CAR.
974 609 1214 640 CAMPEGIO.

280 668 321 709 S.
354 669 416 716 R,
448 669 794 710 reuercndissime
825 670 1006 710 domine.
1067 671 1135 710 Ad
1162 671 1328 711 litteras
1360 671 1411 709 R,
1445 671 1496 709 D.
1530 671 1576 710 T.
1610 684 1717 723 quas
1747 685 1832 711 vna

227 735 323 762 cum
345 723 497 764 Pacaei
517 725 652 764 nostri
670 724 825 764 litteris
841 726 996 776 accepi,
1014 739 1088 777 per
1103 726 1299 765 morbum
1316 739 1402 765 non
1416 725 1538 765 licuit
1551 726 1828 777 respondere;

226 777 306 816 nisi
339 778 455 830 quod
488 782 582 818 tum
616 791 753 830 pauca
787 779 949 818 dictaui
981 779 1142 819 famulo
1175 780 1232 819 ad
1265 780 1490 827 Pacaeum,
1526 793 1635 831 quae
1668 781 1762 828 tibi,
1797 781 1833 820 si

226 832 498 872 commodum
524 837 646 881 esset,
674 834 1020 873 communicaret.
1075 834 1277 873 Animum
1303 835 1434 873 istum
1460 839 1551 874 tam
1577 835 1762 874 amioum
1788 839 1832 874 et

226 886 455 926 candidum
481 901 572 939 ego,
601 892 650 927 vt
676 888 823 935 debeo,
851 888 1071 927 exosculor
1097 889 1232 936 vnice,
1260 888 1457 940 daboque
1491 902 1663 941 operam
1691 893 1741 928 vt
1769 889 1831 928 illi

225 953 302 991 pro
339 941 501 981 viribus
537 943 829 993 respondeam.
898 942 1036 981 Vnam
1074 943 1278 994 epistolae
1315 946 1416 982 tuae
1452 944 1708 995 particulam
1745 956 1831 983 non

225 995 328 1034 satis
361 995 664 1048 intelligebam,
699 997 743 1035 in
777 1010 863 1048 qua
897 996 1043 1036 scribis
1077 1010 1144 1036 me
1177 998 1281 1036 scire
1315 997 1419 1049 quid
1462 997 1587 1037 isthic
1622 1003 1829 1050 ageretur.

226 1049 359 1088 Paulo
394 1054 493 1101 post
528 1064 580 1090 ex
615 1051 905 1102 Noremberga
940 1051 1092 1090 missae
1127 1055 1229 1091 sunt
1263 1052 1320 1090 ad
1354 1064 1421 1091 me
1457 1065 1594 1091 nouae
1630 1052 1831 1092 Stunicae

225 1104 550 1144 Conclusiones:
597 1109 642 1144 et
670 1109 838 1156 praeter
866 1105 943 1144 has
969 1106 1187 1156 promittit
1215 1109 1301 1145 tres
1329 1105 1505 1154 libellos,
1537 1120 1643 1158 quos
1670 1107 1832 1146 vetitus

224 1158 373 1197 aedere
406 1162 549 1198 vestra
584 1163 627 1198 et
660 1159 879 1199 Pontificis
912 1159 1090 1199 Adriani
1123 1160 1368 1200 autoritate.
1431 1160 1496 1199 De
1529 1160 1609 1200 hoc
1641 1162 1831 1212 suspicor

224 1212 402 1252 sensisse
435 1217 557 1252 tuam
592 1213 829 1265 epistolam.
894 1213 1088 1253 Demiror
1122 1214 1306 1254 hominis
1341 1214 1577 1254 audaciam.
1643 1215 1831 1256 Exorsus

223 1270 317 1306 crat
347 1266 456 1306 hanc
487 1267 679 1307 fabulam
711 1268 790 1307 sub
822 1268 974 1316 Leone,
1007 1282 1084 1308 nec
1115 1268 1308 1320 profecit.
1370 1269 1533 1309 Rursus
1563 1283 1614 1309 eo
1646 1274 1828 1317 mortuo,

224 1333 357 1372 quum
389 1322 547 1361 rediret
579 1323 635 1361 ad
668 1327 855 1362 veterem
888 1322 1093 1370 fabulam,
1128 1324 1290 1363 vetitus
1322 1324 1477 1363 iterum
1511 1328 1642 1375 atque
1674 1325 1829 1364 iterum

223 1375 363 1415 edicto
391 1375 694 1424 cardinalium,
722 1377 823 1416 viuo
851 1376 990 1417 adhuc
1019 1377 1265 1417 Sedunensi.
1322 1378 1381 1417 Et
1407 1382 1554 1417 tamen
1581 1383 1830 1430 contempto

224 1429 363 1469 edicto
387 1435 541 1477 vestro,
566 1431 714 1471 furtim
737 1432 878 1470 emisit
900 1445 1032 1470 vnum
1056 1436 1186 1483 atque
1209 1432 1390 1471 alterum
1411 1432 1613 1471 libellum.
1666 1433 1830 1473 Rursus

223 1484 340 1535 apud
368 1483 606 1524 Adrianum
635 1496 682 1524 VI
711 1486 797 1537 egit
827 1489 875 1525 vt
903 1486 1049 1525 liceret
1075 1487 1223 1525 aedere
1244 1487 1345 1525 treis
1363 1486 1456 1525 illos
1476 1486 1651 1534 libellos,
1674 1488 1718 1526 in
1738 1488 1827 1539 qui-

225 1538 303 1577 bus
333 1538 567 1578 declarauit
597 1544 807 1591 quantum
842 1541 977 1591 possit
1005 1541 1165 1579 insanis
1194 1541 1422 1587 conuiciis;
1462 1541 1531 1580 ille
1564 1543 1827 1594 pernegauit.

222 1592 347 1632 Nunc
377 1594 421 1632 in
450 1594 704 1645 interregno,
736 1594 857 1633 vobis
887 1595 940 1633 de
970 1608 1083 1634 nouo
1113 1594 1319 1634 Pontifice
1350 1596 1656 1646 satagentibus,
1689 1597 1830 1636 emisit

223 1660 320 1686 suas
352 1648 649 1687 Conclusiones
681 1649 805 1699 plane
837 1649 1177 1700 sycophanticas.
1239 1649 1302 1688 De
1334 1649 1490 1700 quibus
1520 1649 1645 1700 plane
1677 1651 1829 1690 dubito

222 1714 277 1739 an
298 1701 385 1741 sint
404 1701 618 1742 Stunicae.
669 1703 867 1754 Suspicor
888 1716 976 1742 esse
997 1703 1173 1742 alicuius
1195 1703 1441 1750 Lutherani,
1464 1705 1538 1755 qui
1559 1704 1626 1743 Vel
1647 1704 1830 1744 voluerit

223 1769 289 1794 me
319 1756 363 1794 in
394 1760 538 1807 partes
568 1769 667 1796 suas
698 1757 941 1808 pertrahere
974 1758 1040 1796 vel
1072 1757 1243 1805 vlcisci;
1291 1758 1336 1796 in
1366 1758 1530 1797 nullum
1562 1759 1673 1798 enim
1696 1760 1829 1811 magis

222 1809 411 1849 fremunt
425 1824 555 1862 quam
568 1811 612 1850 in
627 1824 693 1850 me
714 1825 721 1850 :
753 1812 821 1850 cui
835 1812 909 1850 vni
921 1811 1142 1863 imputant
1155 1812 1271 1863 quod
1291 1825 1377 1851 non
1398 1812 1522 1863 plane
1542 1813 1824 1865 triumphent,

224 1876 472 1916 quanquam
500 1865 691 1904 nondum
720 1866 966 1905 abiecerunt
994 1879 1112 1918 spem
1141 1867 1357 1906 victoriae.
1417 1866 1540 1914 Quod
1566 1868 1601 1906 si
1626 1868 1828 1907 Stunicae

221 1922 335 1965 sunt,
359 1932 445 1958 11011
466 1919 593 1958 miror
614 1933 621 1967 ;
660 1933 793 1971 quum
813 1920 882 1959 ille
902 1921 947 1960 in
968 1934 1044 1959 sua
1066 1920 1275 1972 Hispania
1296 1934 1461 1973 semper
1480 1921 1654 1961 habitus
1675 1922 1731 1961 sit
1750 1935 1828 1974 pro

221 1972 355 2019 fatuo,
388 1978 433 2012 et
459 1973 556 2013 libri
585 1974 768 2013 hominis
798 1975 902 2014 satis
932 1975 1149 2014 declarent
1178 1988 1276 2014 eum
1305 1988 1391 2014 non
1421 1989 1508 2015 esse
1538 1976 1631 2015 sani
1661 1977 1826 2028 capitis,

220 2040 296 2066 nec
312 2028 402 2066 sine
421 2041 549 2067 causa
567 2028 612 2068 in
631 2029 779 2080 clypeo
795 2033 961 2080 gestare
977 2033 1186 2069 catenam.
1242 2029 1376 2081 Magis
1396 2030 1440 2069 in
1455 2030 1536 2069 illis
1551 2031 1742 2070 desidero
1759 2032 1826 2070 vel

220 2082 484 2132 aequitatem
498 2082 565 2121 vel
578 2083 851 2133 prudentiam
866 2085 1013 2134 [quam
1027 2086 1108 2134 vt,]
1122 2085 1197 2135 qui
1209 2084 1424 2123 hominem
1438 2085 1494 2124 ad
1506 2086 1590 2124 ista
1602 2085 1822 2138 instigant.

275 2135 465 2174 Primum
500 2136 604 2187 quid
636 2137 823 2188 iniquius
845 2141 860 2176 ’Β
941 2138 1022 2185 Qui
1054 2142 1123 2177 tot
1156 2139 1260 2177 meis
1289 2138 1657 2178 lucubrationibus
1683 2139 1825 2192 profui

208 2190 373 2229 studiis
413 2190 605 2241 publicis,
651 2192 724 2242 qui
764 2204 840 2230 nec
884 2204 1134 2243 magnorum
1174 2193 1414 2245 principum
1455 2193 1825 2234 sollicitationibus

219 2257 295 2284 nec
323 2244 418 2283 vllis
443 2245 707 2284 eruditorum
732 2245 937 2285 illecebris
962 2259 1039 2286 nec
1065 2246 1334 2286 inimicorum
1360 2247 1467 2287 odiis
1492 2248 1615 2299 potui
1640 2248 1708 2288 vel
1735 2262 1824 2301 per-

219 2298 333 2337 trahi
363 2298 430 2338 vel
460 2299 598 2350 pellici
628 2300 684 2338 ad
712 2299 862 2339 foedus
892 2300 1081 2347 Lutheri,
1114 2301 1187 2340 sed
1218 2301 1415 2340 omnibus
1445 2306 1489 2340 et
1519 2303 1753 2342 commodis
1781 2308 1826 2343 et

219 2352 499 2392 incommodis
544 2355 802 2405 contemptis
847 2354 1015 2405 perstiti
1058 2355 1102 2393 in
1147 2356 1405 2406 synceritate
1451 2369 1557 2403 mea,
1604 2370 1690 2396 non
1735 2357 1825 2397 sine

220 2407 372 2458 capitis
390 2408 473 2447 mei
490 2407 689 2459 periculo,
709 2421 822 2447 nunc
841 2408 972 2447 dedar
990 2409 1097 2448 odiis
1115 2410 1294 2460 priuatis
1312 2422 1545 2460 paucorum
1563 2410 1784 2450 hominum
1806 2415 1822 2450 ἱ)

218 2465 261 2501 et
292 2462 366 2512 qui
393 2462 462 2501 hic
491 2462 737 2514 proscindor
766 2462 1105 2503 virulentissimis
1133 2463 1284 2503 libellis
1313 2463 1667 2513 Lutheranorum,
1697 2465 1824 2505 isthic

221 2515 564 2557 manifestissima
594 2517 806 2557 calumnia
836 2517 1105 2556 circumferar
1134 2517 1440 2557 Lutheranus?
1499 2518 1662 2559 Deinde
1692 2532 1822 2571 quam

218 2569 368 2609 inutile
388 2570 445 2609 ad
465 2584 636 2610 causam
658 2584 788 2623 quam
809 2571 1043 2611 moliuntur
1062 2572 1070 2611 !
1121 2571 1164 2612 Si
1184 2573 1442 2624 persuadent
1462 2586 1530 2612 me
1549 2574 1705 2613 sentire
1725 2587 1822 2613 cum

220 2624 421 2671 Luthero,
438 2624 578 2676 plures
593 2629 718 2665 erunt
733 2626 807 2677 qui
821 2626 1022 2665 libentius
1039 2639 1135 2665 cum
1151 2639 1199 2666 eo
1216 2627 1412 2666 sentient.
1467 2627 1630 2667 Romae
1645 2627 1823 2668 Stunica

221 2678 405 2718 blaterat
441 2692 507 2718 me
544 2693 632 2719 esse
668 2680 974 2720 Lutheranum.
1040 2680 1099 2720 At
1132 2685 1200 2721 tot
1237 2681 1507 2721 Lutheranae
1543 2682 1741 2731 cohortis,
1778 2686 1824 2722 et

268 2840 293 2862 1.
319 2832 471 2873 litteras]
487 2832 538 2865 Cf.
557 2832 621 2874 Ep.
646 2835 739 2873 1416.
763 2843 814 2865 111.
1100 2843 1152 2866 22.
1177 2833 1411 2876 triumphent]
1437 2834 1488 2867 Cf.
1517 2834 1606 2876 Epp.
1640 2843 1732 2875 1411.
1766 2845 1817 2875 19,

263 2875 294 2905 8.
318 2886 361 2907 ex
385 2876 636 2918 Noremberga]
675 2877 731 2920 By
765 2877 897 2915 Faber3
941 2876 983 2910 ci.
1057 2886 1150 2918 1422.
1170 2887 1220 2919 57.

219 2917 285 2959 Ep·
307 2919 487 3002 181ξὲ101110]
501 2962 564 2996 See
579 2963 668 3005 App.
690 2972 725 3005 13
742 2964 779 2996 in
792 2963 861 2997 vol.
878 2964 922 2997 iv.
1097 2922 1150 3004 ἓξ.
1174 2921 1562 3004 ggffigssffloffibffssfiff
1567 2922 1746 3006 Igpl?;,118
1764 2975 1811 3006 17.

269 3013 316 3043 14.
342 3004 547 3049 Sedunensi]
567 3007 617 3039 Cf.
638 3008 701 3049 Ep.
726 3018 809 3047 1410
826 3008 953 3040 introd.
1099 3017 1148 3048 33.
1176 3008 1284 3041 dedar
1298 3008 1401 3049 odiis]
1414 3008 1464 3041 Of.
1482 3007 1546 3049 Ep.
1567 3010 1659 3048 1418.
1680 3017 1729 3049 50.
