2012 3370
238 125 314 166 102

710 125 964 166 LETTERS
997 125 1070 167 OF
1099 125 1363 167 ERASMUS

1716 127 1838 177 [1522

236 236 604 287 eloquentissimos
641 235 771 274 libros
815 235 1018 275 aduersus
1040 235 1235 283 Gentes,
1274 236 1584 276 Tertullianum
1628 236 1838 281 imitatus,

173 298 220 329 60
236 290 597 342 quemadmodum
617 290 729 329 hunc
747 290 943 329 imitatus
961 294 1027 329 est
1045 289 1309 338 Lactantius,
1329 304 1415 330 non
1435 294 1579 342 potest
1603 290 1841 342 imperitiae

236 344 370 384 videri
398 345 515 396 quod
542 345 586 383 in
614 344 693 383 hoc
723 357 848 395 opere
875 348 944 383 tot
972 344 1206 384 soloecismi
1234 346 1562 397 comperiantur,
1592 345 1840 396 praesertim

236 399 342 438 adeo
366 398 581 438 manifesti
603 402 654 437 vt
676 398 749 437 vix
772 398 931 438 Holcot
953 403 1030 438 aut
1053 399 1200 438 Bricot
1222 399 1461 439 soloecisset
1484 399 1676 439 crassius.

292 453 380 493 Nec
404 457 469 493 est
492 452 608 504 quod
632 453 729 492 hinc
753 453 1015 504 suspicemur
1039 453 1150 493 hunc
1174 454 1410 493 Arnobium
1434 467 1522 493 esse
1547 453 1761 493 diuersum
1787 452 1841 492 ab

237 507 308 546 illo
347 508 466 547 cuius
503 520 610 558 opus
648 507 851 547 aduersus
889 507 1047 547 Gentes
1085 509 1215 547 etiam
1252 509 1307 548 ob
1345 509 1548 548 orationis
1587 508 1841 559 elegantiam

177 571 217 610 65
238 561 451 601 laudatur.
511 561 631 601 Idem
675 562 856 613 scripsit,
901 562 976 601 sed
1019 575 1104 601 non
1148 563 1316 615 scripsit
1357 563 1519 602 iisdem.

239 616 408 667 scripsit
425 615 614 663 eruditis,
635 616 714 655 hoc
732 616 901 667 scripsit
919 616 1059 668 vulgo.

1579 562 1692 601 Illud
1735 575 1843 613 opus

1117 617 1296 657 Constat
1315 622 1458 657 autem
1479 617 1594 669 apud
1613 617 1842 668 Hispanos,

240 670 378 717 Afros,
418 670 560 709 Gallos
598 670 865 722 reliquasque
903 671 1195 711 Romanorum
1233 673 1473 723 prouincias
1511 672 1568 711 sic
1607 683 1843 711 sermonem

240 725 484 764 Romanum
507 725 636 764 fuisse
658 725 786 777 vulgo
808 738 1076 765 communem
1099 730 1150 765 vt
1171 725 1322 766 Latine
1345 727 1667 766 concionantem
1691 724 1844 765 intelli·

240 784 387 831 gerent
421 780 553 819 etiam
590 779 803 826 cerdones‚
841 780 876 819 si
912 780 1039 819 modo
1075 781 1149 832 qui
1184 780 1367 828 dicebat,
1405 781 1624 832 paululum
1662 794 1751 819 sese
1788 778 1842 818 ad

178 848 224 882 70
240 833 458 886 vulgarem
486 833 717 874 dictionem
745 835 1120 874 accommodasset.
1179 835 1410 875 Declarant
1438 836 1516 874 hoc
1544 835 1767 874 conciones
1795 847 1843 872 ac

241 888 552 940 disputationes
578 888 790 940 quaedam
816 888 1045 941 Augustini
1070 890 1185 941 apud
1212 890 1417 941 populum
1444 890 1630 936 habitae,
1658 902 1765 941 quas
1791 902 1843 927 ex

240 943 333 994 ipsa
364 956 408 983 re
440 947 612 983 constat
642 956 728 983 non
759 943 814 982 ab
846 943 1086 996 Augustino
1117 945 1298 995 scriptas
1329 945 1471 991 fuisse,
1505 944 1578 983 sed
1611 957 1636 983 a
1667 943 1845 982 notariis

240 1002 454 1049 exceptas,
489 998 564 1049 qui
596 1011 683 1037 non
715 998 852 1037 solum
886 998 1123 1038 retulerunt
1155 999 1199 1037 in
1233 999 1439 1049 scriptum
1472 998 1589 1050 quod
1622 997 1845 1037 dicebatur

242 1051 315 1092 sed
349 1052 480 1091 etiam
516 1052 632 1102 quod
667 1052 885 1104 agebatur.

945 1052 1060 1100 Quos
1094 1053 1226 1103 siquis
1260 1052 1450 1103 postulet
1483 1052 1564 1091 sibi
1599 1065 1675 1092 ceu
1710 1051 1844 1103 digito

179 1121 219 1154 75
241 1107 579 1153 commonstrari,
603 1106 717 1145 vnde
741 1107 866 1146 huius
889 1107 949 1146 rei
972 1107 1107 1158 possit
1129 1108 1468 1158 experimentum
1493 1110 1656 1147 certum
1680 1119 1844 1157 capere,

240 1160 355 1212 legat
379 1160 715 1212 disputationem
740 1160 969 1212 Augustini
994 1174 1091 1201 cum
1116 1161 1362 1208 Maximino,
1389 1165 1435 1201 et
1459 1161 1651 1201 conserat
1675 1161 1844 1200 initium

241 1213 544 1267 disputationis
569 1228 595 1254 a
618 1215 796 1254 notariis
819 1219 1060 1267 exceptum,
1087 1229 1183 1255 cum
1208 1216 1297 1255 eius
1321 1216 1458 1268 operis
1482 1215 1578 1263 fine,
1604 1228 1732 1267 quem
1756 1215 1846 1266 ipsc

241 1269 476 1321 descripsit,
516 1269 633 1321 quod
670 1270 928 1309 Maximinus
965 1283 1010 1310 se
1047 1270 1321 1310 subduxisset
1357 1270 1653 1322 disputationi.
1711 1269 1847 1321 Legat

241 1323 347 1363 duas
386 1324 607 1364 conciones
645 1324 800 1375 quibus
831 1331 1042 1376 expurgat
1071 1326 1232 1364 famam
1264 1325 1317 1365 de
1347 1325 1506 1364 clericis
1537 1325 1622 1364 suis
1653 1336 1844 1376 sparsam

179 1379 285 1418 80111
309 1378 492 1430 populo;
533 1378 648 1430 legat
672 1379 909 1418 orationem
938 1392 1024 1430 qua
1048 1393 1100 1419 ex
1126 1379 1273 1431 populi
1299 1379 1508 1431 suffragiis
1531 1379 1612 1418 sibi
1651 1379 1847 1430 designat

239 1433 486 1484 episcopum
505 1446 808 1480 successurum,
830 1438 874 1473 et
892 1434 936 1472 in
955 1433 1183 1473 leuioribus
1202 1434 1385 1486 negociis
1403 1434 1597 1473 futurum
1613 1447 1640 1472 v
1643 1433 1844 1480 icarium;

241 1487 355 1539 legat
375 1488 616 1527 cantionem
637 1487 839 1527 aduersus
860 1488 1125 1535 Donatistas,
1147 1502 1277 1539 quam
1298 1488 1425 1540 vulgo
1447 1488 1681 1527 canendam
1702 1487 1847 1539 lingua

240 1541 407 1594 vulgari
440 1541 674 1593 descripsit.
733 1542 851 1581 Haec
884 1543 919 1581 si
953 1543 1047 1594 quis
1081 1543 1273 1582 conserat
1307 1556 1403 1582 cum
1437 1543 1501 1582 his
1535 1556 1646 1594 quae
1677 1542 1847 1593 scripsit

241 1596 430 1643 eruditis,
449 1596 583 1636 veluti
599 1596 664 1635 De
679 1596 901 1643 Trinitate,
921 1597 985 1636 De
1001 1597 1186 1636 Ciuitate
1203 1597 1295 1644 Dei,
1313 1597 1435 1637 facile
1452 1597 1619 1648 colliget
1635 1600 1846 1647 quantum

180 1659 221 1699 85
240 1651 482 1690 interfuerit
512 1651 623 1690 inter
653 1664 889 1690 sermonem
921 1651 1184 1690 eruditorum
1216 1656 1261 1691 et
1290 1652 1512 1703 imperitae
1544 1651 1846 1690 multitudinis.

241 1704 303 1745 Ac
328 1719 382 1745 ne
407 1705 571 1745 Romae
596 1705 769 1756 quidem
795 1719 844 1745 eo
870 1710 1062 1757 tempore
1087 1719 1172 1757 quo
1199 1706 1383 1745 maxime
1409 1706 1589 1745 florebat
1614 1719 1664 1745 ea
1688 1705 1847 1756 lingua,

241 1772 388 1800 omnes
402 1759 688 1811 loquebantur
707 1760 1069 1811 quemadmodum
1089 1760 1344 1812 loquebatur
1364 1761 1519 1800 Cicero.

1578 1760 1637 1799 Et
1651 1760 1737 1799 iam
1753 1763 1847 1799 tum

244 1814 399 1866 vulgus
420 1814 657 1866 vsurpabat
676 1815 755 1854 sibi
773 1814 985 1866 quaedam
1005 1828 1081 1854 suo
1101 1815 1205 1862 iure,
1226 1828 1336 1866 quae
1356 1815 1472 1854 docti
1491 1815 1771 1854 damnabant.

296 1869 464 1908 Dixerit
480 1869 645 1921 aliquis,
665 1868 776 1916 Quid
793 1870 913 1909 venit
927 1870 972 1908 in
988 1874 1175 1910 mentem
1192 1869 1393 1917 Arnobio,
1412 1870 1503 1908 viro
1531 1868 1848 1915 facundissimo,

179 1938 225 1972 90
243 1927 293 1962 vt
319 1924 396 1963 hos
424 1924 751 1963 commentarios
778 1924 968 1975 plebeiae
994 1924 1162 1976 linguae
1191 1925 1457 1964 committere
1484 1924 1703 1963 voluerit?
1761 1923 1848 1962 Pri-

244 1991 375 2025 mum,
406 1978 506 2017 olim
535 1978 641 2017 nihil
669 1982 762 2017 erat
790 1979 1037 2030 popularius
1066 1978 1245 2018 Psalmis
1275 1979 1505 2025 Dauidicis,
1538 1978 1643 2017 adeo
1673 1982 1723 2016 vt
1751 1977 1849 2016 hinc

243 2037 288 2072 et
312 2036 455 2072 arator
478 2032 640 2084 aliquid
663 2032 955 2072 modularetur
979 2033 1034 2072 ad
1057 2034 1228 2080 stiuam,
1255 2037 1299 2072 et
1327 2033 1549 2072 nauclerus
1578 2032 1633 2071 ad
1662 2032 1845 2078 clauum,

245 2091 289 2126 et
319 2087 469 2126 nauita
500 2087 554 2126 ad
585 2099 762 2133 remum,
795 2091 839 2126 et
868 2087 1004 2126 fossor
1034 2088 1090 2127 ad
1119 2088 1299 2140 glebam,
1332 2092 1377 2128 et
1406 2091 1550 2127 textor
1580 2087 1636 2126 ad
1667 2091 1847 2133 stamen,

245 2144 290 2180 et
314 2153 422 2180 vxor
446 2141 501 2180 ad
526 2141 688 2187 colum3
730 2141 911 2193 denique
935 2141 1122 2182 infantes
1150 2143 1247 2182 hinc
1277 2142 1439 2194 aliquid
1467 2141 1672 2194 gestirent
1700 2154 1849 2180 canere

183 2210 224 2243 95
246 2195 414 2241 nutrici,
436 2196 684 2247 priusquam
705 2195 785 2234 fari
806 2200 992 2235 nossent.
1049 2196 1216 2235 Tantus
1236 2210 1355 2236 amor
1375 2196 1475 2236 olim
1496 2196 1686 2236 habebat
1704 2208 1850 2235 omnes

246 2249 371 2289 huius
394 2226 565 2289 diuinae
584 2250 781 2297 musicae,
802 2263 932 2301 quam
951 2263 1064 2290 nunc
1083 2250 1299 2302 plaerique
1318 2250 1546 2290 fastidiunt
1565 2250 1695 2289 etiam
1715 2262 1847 2289 sacer-

247 2304 382 2343 dotes.
440 2304 622 2344 Proinde
645 2304 782 2343 voluit
803 2305 1016 2344 Arnobius
1039 2305 1094 2344 ab
1117 2305 1314 2344 omnibus
1336 2304 1514 2356 intelligi
1535 2304 1652 2355 quod
1674 2304 1852 2343 videbat

249 2358 411 2397 cantari
443 2358 497 2397 ab
528 2359 738 2398 omnibus.

796 2358 1012 2399 Persuasit
1042 2359 1120 2399 hoc
1150 2359 1210 2398 illi
1240 2359 1481 2398 Christiana
1511 2359 1709 2405 charitas,
1741 2371 1852 2409 quae

249 2412 397 2453 studet
442 2413 640 2465 prodesse
687 2426 818 2464 quam
864 2413 1069 2465 plurimis.
1126 2414 1280 2453 Maluit
1327 2413 1569 2453 balbutiens
1616 2412 1850 2453 Vtilitatem

166 2483 227 2506 100
246 2467 414 2507 adferre
451 2467 610 2515 multis,
649 2481 779 2519 quam
817 2467 1083 2520 eloquentiae
1119 2467 1289 2508 laudem
1326 2467 1490 2508 auferre
1527 2467 1643 2520 apud
1679 2479 1853 2519 paucos.

251 2522 311 2562 Et
341 2522 451 2561 hanc
482 2522 670 2574 linguam
702 2522 950 2574 popularem
981 2522 1277 2574 intelligebant
1307 2526 1352 2562 et
1381 2522 1551 2570 eruditi,
1584 2526 1634 2562 vt
1664 2535 1742 2561 nec
1772 2521 1854 2561 illis

639 2604 694 2636 62.
720 2608 784 2637 aut
805 2617 848 2637 a:
883 2608 920 2637 et
940 2605 1044 2637 Lond.

295 2703 352 2733 62.
379 2701 522 2741 Holcot]
541 2702 602 2735 See
621 2711 668 2734 IV.
688 2713 789 2743 449n.

342 2745 474 2785 Bricot]
498 2746 649 2778 Thomas
675 2747 794 2778 Bricot
817 2747 851 2787 (†
866 2756 905 2778 10
922 2747 1020 2788 April

258 2790 353 2829 1516)
396 2799 465 2820 was
511 2789 599 2821 D.D.
644 2790 734 2821 from
780 2790 840 2822 the
885 2789 1019 2831 College

252 2832 313 2863 des
347 2831 486 2864 Cholets
519 2836 558 2864 at
591 2833 689 2864 Paris
726 2842 765 2874 13
799 2834 1016 2874 Jan.14{2.

253 2875 308 2917 By
331 2884 411 2916 1502
435 2875 477 2907 110
497 2886 567 2908 was
587 2886 699 2908 canon
719 2877 755 2909 of
769 2876 880 2909 Notre
896 2876 1020 2916 Dame,

253 2918 378 2951 andin
402 2927 484 2959 1503
504 2919 750 2962 penitentiary.
796 2920 850 2952 He
870 2931 940 2952 was
960 2920 1020 2952 the

252 2961 382 2994 author
411 2961 447 2993 of
477 2971 583 3004 many
613 2963 726 2995 works
757 2973 802 2995 on
831 2963 888 3005 log
889 2964 920 2995 ic
950 2963 1021 2995 and

251 3004 475 3049 philosophy,
497 3006 533 3038 in
565 3006 678 3039 which
709 3007 752 3039 he
782 3008 812 3039 is
841 3007 1020 3040 described

1277 2613 1330 2644 93.
1355 2607 1466 2635 nauta
1482 2604 1527 2635 N.

1087 2714 1125 2734 as
1153 2702 1267 2734 ‘sacre
1291 2703 1416 2744 pagine
1440 2713 1479 2734 ac
1505 2702 1850 2734 vernant-issimarum

1087 2747 1217 2778 artium
1249 2747 1372 2778 doctor
1393 2746 1738 2796 profundissimus';
1782 2745 1853 2777 and

1088 2790 1216 2832 played
1238 2801 1259 2821 a
1282 2790 1510 2831 conspicuous
1532 2793 1613 2831 part
1633 2790 1669 2821 in
1692 2789 1751 2820 the
1774 2799 1851 2830 pro-

1088 2833 1230 2874 ceeding
1232 2843 1247 2865 s
1276 2833 1311 2865 of
1338 2833 1397 2865 the
1425 2833 1574 2874 Faculty
1602 2832 1637 2864 of
1663 2832 1853 2873 Theology,

1089 2878 1125 2909 of
1149 2877 1261 2909 which
1284 2877 1319 2908 in
1340 2880 1422 2917 1506
1439 2877 1481 2908 he
1502 2886 1572 2908 was
1591 2876 1680 2908 dean
1705 2875 1816 2913 (Clerv
1819 2876 1852 2907 al

1089 2931 1123 2963 p.
1134 2922 1209 2995 613).
1243 2920 1304 2953 See
1316 2920 1523 2958 Renaudet;
1540 2919 1654 2958 Hei-in;
1671 2918 1851 2961 Copinger.

1134 2964 1189 3002 6.4
1215 2963 1381 2996 aduersus
1397 2962 1540 3002 Gentes]
1556 2962 1653 2995 Seel.
1673 2972 1771 2996 21on.

1136 3015 1189 3048 72
1215 3006 1374 3046 notariis]
1391 3006 1440 3038 Cf.
1459 3006 1524 3048 Ep.
1545 3015 1638 3047 1231.
1659 3015 1733 3047 33n.
