2033 3395
232 1807 278 1839 90

298 163 348 201 10
766 165 1020 205 LETTERS
1052 166 1124 205 OF
1154 165 1417 206 ERASMUS

1766 165 1889 216 [1522

291 273 520 324 quicquam
547 277 612 312 est
638 274 849 312 amicitiae
875 287 971 313 cum
998 275 1200 313 Caesareo
1226 275 1474 321 confessore,
1502 275 1569 313 cui
1595 273 1699 313 fides
1724 274 1768 312 in
1794 272 1893 311 aula

291 340 378 366 non
398 328 535 366 minor
551 341 681 379 quam
700 328 879 367 Christo.
926 328 985 366 Et
1008 329 1096 379 ipse
1114 341 1163 367 eo
1180 328 1251 366 ibo
1269 333 1367 379 post
1382 328 1671 380 <ab>solutum
1690 327 1888 379 Augusti-

291 394 408 428 num,
439 382 512 420 vbi
542 382 678 421 calore
707 395 801 421 meo
830 395 916 420 non
945 395 1095 433 parum
1125 382 1250 421 huius
1278 382 1456 422 nebulae
1486 382 1744 428 dissoluam3
1790 393 1890 420 nam

292 489 423 528 nandi
443 503 451 528 :

230 444 270 483 65
292 448 429 487 neque
456 449 522 475 me
548 436 741 474 infimum
769 437 958 474 omnium
986 441 1141 483 censet,
1170 440 1214 475 et
1240 449 1318 487 ago
1345 441 1395 475 vt
1421 438 1499 475 sim
1526 437 1578 476 de
1604 436 1767 475 familia
1792 435 1888 474 Fer-

511 490 584 529 sed
627 490 706 529 hoc
750 490 1020 541 Harpocrati,
1060 504 1124 537 nc,
1165 491 1200 529 si
1237 492 1459 538 emanarit,
1503 491 1698 542 impediri
1740 490 1888 542 possit.

286 544 477 596 ’Άγγελων
510 544 545 582 si
576 544 797 583 commode
827 557 969 595 posses
1000 557 1074 595 per
1105 545 1367 583 occasionem
1398 545 1625 585 honorifice
1655 545 1887 590 nominare,

292 598 487 637 redderes
515 601 605 637 ὅλοιν
631 601 728 644 mim
767 611 867 637 nam
896 603 1072 650 questus
1101 603 1166 638 est
1188 599 1291 637 mihi
1314 604 1357 639 te
1385 612 1471 638 non
1493 599 1685 639 retulisse
1707 599 1888 650 gratiam

436 652 545 665 ΑιΑ.

230 721 275 753 70
292 707 435 757 potius
465 706 570 758 quid
601 707 652 746 de
683 711 727 746 te
758 708 928 754 sentiat,
962 721 1094 759 quum
1126 711 1350 759 tantopere
1382 708 1500 759 cupit
1530 708 1694 747 laudari
1725 708 1801 746 abs
1832 711 1889 745 te.

292 761 371 799 Isti
397 774 497 800 vero
524 761 596 799 alii
622 761 819 801 mordent
845 762 981 801 acrius
1008 762 1215 808 morituri,
1243 766 1293 801 vt
1319 762 1530 813 quaedam
1558 762 1746 808 bestiae;
1790 773 1890 800 nam

291 815 400 854 hanc
421 815 691 855 iuuentutem
714 820 884 855 constat
905 829 976 855 eos
998 829 1083 855 non
1106 816 1339 863 habituros,
1363 830 1473 868 quae
1494 821 1589 855 tota
1611 820 1676 855 est
1698 820 1787 862 tua,
1811 816 1891 854 hoc

291 874 356 909 est
376 869 584 908 bonorum
605 870 858 917 studiorum,
879 875 924 910 et
943 871 1111 910 Christi.

346 924 587 963 Saxicidam
615 924 796 976 collegae
823 925 1018 972 oderunt,
1047 930 1097 964 vt
1122 924 1293 964 ferunt:
1338 929 1483 964 tantos
1510 925 1682 976 spiritus
1709 923 1892 975 sumpsit

230 992 270 1025 75
290 977 478 1030 ingressu
505 978 630 1018 huius
654 979 806 1018 domus
831 979 1155 1026 Cameracensis,
1182 984 1227 1019 et
1251 979 1515 1019 arbitrantur
1539 992 1635 1019 eum
1660 979 1891 1030 plurimum

291 1045 426 1083 posse,
448 1033 565 1084 quod
584 1046 763 1084 puerum
783 1038 981 1073 sectetur.
1032 1034 1067 1073 Ο
1088 1034 1279 1073 homines
1298 1034 1459 1073 vmbris
1479 1034 1704 1073 exterritos
1724 1033 1732 1072 !
1769 1031 1892 1083 quasi

292 1086 360 1125 vel
398 1100 525 1138 quem
565 1088 769 1139 sequitur,
811 1088 972 1139 aliquid
1011 1089 1174 1139 possit;

1229 1088 1297 1127 vel
1334 1088 1403 1128 ille
1442 1092 1653 1139 quantum
1693 1087 1892 1126 dominus

292 1145 448 1192 potest,
469 1142 616 1192 possit.
666 1142 895 1181 Decretum
915 1143 1046 1181 animi
1065 1143 1130 1181 tui
1149 1146 1226 1188 est,
1248 1142 1373 1193 quale
1393 1155 1557 1193 semper
1575 1142 1672 1188 fuit,
1693 1141 1892 1181 Christia-

292 1208 395 1234 num
416 1208 425 1242 ;
457 1200 502 1234 et
516 1195 690 1235 indubie
707 1200 907 1247 paratum
923 1201 989 1235 est
1004 1197 1084 1235 tibi
1101 1210 1126 1234 a
1143 1197 1309 1236 Christo
1325 1197 1471 1247 ingens
1486 1196 1598 1235 illius
1613 1200 1658 1235 et
1674 1196 1892 1247 copiosum

230 1256 276 1288 80
293 1250 543 1301 praemium,
578 1250 927 1302 quandoquidem
961 1255 1052 1289 tam
1087 1251 1200 1289 mala
1232 1251 1313 1289 tibi
1347 1251 1401 1290 ab
1435 1250 1678 1290 hominibus
1711 1249 1892 1289 refertur

292 1304 431 1355 gratia
450 1317 458 1342 :
498 1305 671 1344 tametsi
695 1309 906 1355 quantum
923 1305 978 1343 ad
998 1305 1074 1344 hos
1097 1309 1277 1356 spectat,
1302 1309 1431 1356 prout
1453 1305 1582 1344 fuerit
1596 1305 1661 1344 tui
1676 1303 1892 1343 studiosus

293 1358 361 1397 vel
381 1371 500 1398 secus
521 1372 658 1397 nouus
679 1359 891 1405 Pontifex,
913 1359 1043 1398 leniet
1063 1364 1140 1398 aut
1160 1360 1390 1410 asperiores
1410 1359 1560 1398 reddet
1580 1359 1730 1398 horum
1752 1371 1890 1397 voces.

294 1412 377 1452 Sed
401 1425 558 1464 quaeso
582 1417 639 1459 te,
665 1414 730 1452 vis
753 1418 803 1452 tu
827 1427 1095 1453 communem
1121 1414 1329 1452 bonorum
1347 1414 1567 1452 hominum
1593 1418 1750 1452 sortem
1774 1425 1889 1451 recu-

294 1479 386 1505 sare
407 1470 422 1505 ⁶?
475 1466 555 1506 Per
578 1467 792 1507 Christum
814 1481 915 1519 rogo
938 1472 982 1507 te
1004 1469 1134 1507 etiam
1158 1473 1288 1519 atque
1311 1468 1454 1515 etiam,
1479 1468 1537 1506 mi
1561 1468 1748 1513 Erasme,
1773 1480 1826 1506 ne
1848 1470 1893 1505 te

232 1528 273 1568 85
295 1534 426 1572 angas
455 1522 610 1568 animo,
642 1535 695 1561 ne
724 1523 976 1574 praecipites
1006 1526 1268 1562 senectutem
1298 1527 1433 1569 tuam,
1465 1522 1655 1562 demissis
1685 1522 1729 1560 in
1757 1521 1892 1560 imum

293 1579 443 1626 pectus
463 1576 556 1614 istis
577 1576 828 1615 rumusculis
848 1590 857 1623 ;
896 1590 995 1615 nam
1018 1577 1086 1616 cui
1107 1581 1150 1616 et
1172 1577 1362 1616 Christus
1383 1577 1472 1628 ipse
1494 1581 1538 1616 et
1559 1576 1660 1615 boni
1682 1588 1827 1615 omnes
1850 1578 1894 1614 et

293 1630 538 1669 innocentia
567 1631 848 1670 conscientiae
879 1635 1103 1682 tantopere
1132 1631 1294 1678 fauent,
1326 1644 1413 1669 non
1441 1635 1507 1670 est
1537 1644 1562 1669 a
1592 1630 1713 1669 malis
1743 1642 1893 1669 nocere

293 1683 429 1723 facile.
478 1684 574 1723 Tibi
594 1686 706 1724 enim
727 1698 859 1736 quum
883 1685 1007 1736 culpa
1027 1686 1258 1732 vacaueris,
1281 1698 1390 1736 quae
1411 1689 1476 1724 est
1497 1698 1583 1724 vna
1604 1685 1715 1723 bono
1737 1685 1828 1723 viro
1849 1684 1893 1722 in

294 1739 387 1777 vita
404 1739 674 1789 praestanda,
695 1753 822 1790 quem
841 1740 921 1778 tibi
939 1740 1102 1779 exitum
1121 1744 1288 1778 statuat
1306 1740 1434 1786 Deus,
1456 1739 1689 1779 curandum
1709 1751 1795 1777 non
1813 1741 1892 1777 est.

349 1792 433 1833 Sed
465 1806 542 1844 ego
575 1794 772 1833 haeccine
805 1794 885 1833 tibi
906 1798 921 1832 ’ἲ
985 1794 1217 1834 Varamum
1251 1798 1295 1833 et
1327 1794 1533 1833 Tha-lenm
1566 1798 1610 1833 et
1642 1793 1891 1832 Mauritium

339 1860 394 1898 63.
420 1858 620 1891 absolutum
634 1859 776 1901 scripsi:
792 1860 948 1891 solutum
965 1873 995 1892 α.
1044 1868 1098 1899 74.
1125 1872 1143 1889 α
1161 1860 1266 1892 Lond.
1281 1872 1288 1892 z
1307 1859 1482 1891 saccidam
1499 1862 1534 1893 β.

295 1901 348 1934 81.
374 1903 517 1934 tametsi
531 1903 676 1944 scripsi:
705 1904 893 1936 tamenetsi
907 1915 925 1933 cz
942 1916 949 1936 ε
976 1907 1097 1936 tamen
1111 1904 1178 1935 etsi
1191 1906 1223 1938 β.

338 1974 392 2006 62.
417 1974 627 2015 confessore]
643 1975 792 2016 Glapion
808 1987 817 2012 ;
846 1985 902 2007 see
920 1986 953 2017 p.
970 1984 1023 2014 47.

340 2019 394 2055 63.
420 2017 672 2059 Augustinum]
691 2019 753 2051 See
770 2019 807 2050 ll.
820 2029 962 2061 93—100‚
978 2021 1062 2052 128-

301 2069 373 2102 142.

340 2105 394 2146 65.
419 2105 552 2144 censet]
568 2115 610 2136 sc.
630 2105 789 2146 Glapion.

384 2148 574 2188 Fernandi]
597 2149 697 2182 Since
720 2149 780 2180 the
796 2148 903 2180 death
920 2149 955 2180 of
971 2149 1061 2191 Croy

298 2190 402 2222 Vives
429 2191 499 2223 had
531 2191 618 2224 been
647 2193 683 2224 in
714 2203 735 2223 a
766 2193 917 2233 position
948 2196 985 2224 to
1008 2203 1057 2224 re-

297 2244 372 2266 new
395 2234 455 2267 the
479 2235 659 2276 proposals
681 2236 783 2267 made
806 2237 842 2268 in
870 2245 975 2277 1519:
1005 2246 1061 2268 see

297 2278 362 2319 Ep.
380 2287 456 2318 917.
499 2278 549 2311 cf.
569 2278 634 2320 Ep.
658 2288 750 2319 1271.
775 2279 890 2310 126—8.

339 2321 394 2353 66.
421 2321 647 2363 Harpocrati]
668 2323 741 2354 The
763 2322 831 2364 god
854 2323 890 2354 of
911 2323 1061 2361 silence3

297 2364 341 2397 cf.
360 2364 467 2405 Ada9.
487 2374 583 2406 3052.

340 2408 394 2448 67.
417 2408 597 2449 Ἄγγελον]
613 2409 804 2442 Aleander:
822 2409 923 2442 seell.
940 2421 1035 2452 30-2.

341 2452 396 2490 69.
424 2450 459 2492 ζᾷ
488 2453 524 2484 in
552 2453 749 2493 Stunicam]
777 2452 822 2485 In
852 2453 1061 2494 annotating

297 2494 401 2527 Matt.
418 2505 451 2535 4.
475 2505 487 2527 1
511 2495 677 2528 Erasmus
694 2496 765 2528 had
782 2497 964 2528 remarked
982 2496 1064 2528 that

298 2548 319 2569 a
340 2538 483 2580 reading
505 2539 542 2571 of
564 2549 585 2570 a
607 2548 665 2572 MS.
689 2539 727 2571 of
749 2539 886 2582 Hilary‚
908 2539 1062 2572 zabulum

298 2582 435 2614 instead
483 2583 519 2614 of
565 2582 747 2622 diabolum,
794 2593 866 2615 was
913 2583 1062 2624 perhaps

299 2635 321 2655 a
361 2625 527 2667 copyist's
567 2637 670 2659 error.
735 2627 879 2660 Stunica
921 2627 1061 2666 (Annot.

299 2672 412 2700 contra
435 2669 627 2709 Erasmum,
653 2678 749 2711 1520,
771 2670 812 2702 f0.
837 2670 894 2709 ΑΘ)
918 2670 1061 2711 pointed

299 2714 363 2742 out
396 2711 476 2743 that
509 2712 570 2744 the
602 2713 692 2745 form
726 2723 798 2745 was
831 2723 992 2745 common
1027 2714 1062 2745 in

300 2754 425 2795 Hilary
435 2755 505 2786 and
517 2755 617 2788 other
627 2755 786 2795 Fathers‚
797 2757 867 2788 and
878 2757 1062 2798 suggested

300 2806 321 2827 a
350 2797 545 2830 derivation
575 2799 664 2831 from
697 2799 803 2832 Hebr.
835 2800 935 2832 zebul.
990 2800 1063 2832 But

300 2839 473 2873 Aleander
504 2841 679 2874 indicated
712 2846 750 2874 to
783 2843 949 2875 Erasmus
982 2843 1064 2875 that

299 2894 338 2916 za
360 2884 389 2916 is
411 2884 508 2916 often
530 2885 615 2916 used
645 2886 680 2918 in
703 2885 814 2918 Greek
836 2887 891 2918 for
913 2886 972 2918 διά.
1018 2886 1062 2919 In

299 2927 456 2969 replying
479 2931 517 2959 to
541 2928 684 2961 Stunica
707 2929 874 2961 Erasmus
896 2932 1003 2962 wrote
1026 2931 1062 2961 in

300 2969 354 3002 his
371 2971 448 3003 first
463 2971 608 3010 edition,
625 2971 796 3010 Louvain,
811 2972 874 3005 Th.
894 2973 1064 3012 Martens,

299 3024 370 3047 aa.
411 3015 481 3054 (see
511 3014 601 3056 App.
645 3016 722 3055 15):
777 3014 886 3048 ‘Mihi
922 3015 1064 3048 videtur

300 3057 482 3099 aliquanto
495 3057 707 3099 probabilius
721 3058 883 3090 zabulum
897 3069 918 3090 a
931 3059 1063 3091 Graeca

1596 1862 1636 1891 vt
1649 1858 1794 1900 scripsi:
1812 1858 1839 1889 &
1858 1870 1888 1889 α.

1373 1914 1426 1943 90.
1453 1915 1472 1932 (ι
1490 1902 1594 1934 Lond.
1609 1915 1616 1934 t
1642 1903 1838 1934 Varranum
1854 1903 1887 1935 Β.

1126 1985 1212 2007 voce
1239 1974 1422 2007 deflexum.
1453 2000 1460 2006 .
1491 1999 1498 2007 .
1529 1999 1537 2006 .
1567 1975 1659 2006 Nam
1687 1984 1726 2006 za.
1753 1973 1892 2005 Graecis

1127 2019 1312 2060 aliquoties
1335 2019 1418 2059 poni
1432 2028 1494 2059 pro
1509 2019 1570 2058 διὰ,
1584 2018 1702 2049 notius
1716 2020 1770 2049 est-
1784 2027 1889 2058 quam

1128 2066 1169 2094 vt
1189 2062 1244 2094 hic
1265 2065 1427 2103 oporteat
1447 2061 1594 2103 probare
1607 2060 1628 2093 ².
1672 2061 1722 2092 To
1743 2060 1826 2100 this,
1846 2070 1891 2092 no

1128 2105 1240 2137 doubt
1258 2116 1296 2137 as
1313 2105 1374 2137 the
1390 2105 1500 2137 result
1515 2105 1551 2136 of
1568 2104 1628 2137 the
1646 2107 1785 2146 present
1802 2103 1892 2142 hjnt,

1128 2149 1171 2181 he
1206 2149 1320 2180 added
1354 2150 1390 2181 in
1424 2148 1485 2180 the
1519 2148 1656 2180 Froben
1690 2148 1821 2180 edition
1855 2147 1892 2179 of

1128 2192 1210 2224 Feb.
1242 2202 1347 2233 1522:
1388 2191 1396 2204 ‘
1412 2192 1525 2224 Hujus
1549 2192 1599 2224 rei
1621 2201 1684 2223 nos
1708 2191 1892 2222 admonuit

1129 2236 1364 2277 Hieronymus
1384 2235 1568 2274 Aleander‚
1587 2235 1760 2276 trilinguis
1780 2233 1891 2266 erudi-

1127 2279 1233 2311 tionis
1270 2279 1431 2318 antistes,
1466 2280 1510 2311 n‘e
1547 2289 1651 2320 quem
1689 2288 1752 2310 sua
1787 2277 1892 2310 laude

1127 2322 1307 2355 fraudasse
1327 2322 1510 2354 videamur
1522 2321 1543 2354 ‘.

1172 2375 1226 2406 74.
1253 2365 1467 2406 Saxioidam]
1501 2366 1557 2398 Ja.
1596 2365 1787 2397 Latomus:
1835 2374 1893 2396 see

1126 2409 1163 2441 ll.
1181 2420 1199 2442 2
1224 2419 1277 2449 -9.

1174 2421 1229 2493 7}-
1254 2453 1380 2484 domus
1425 2452 1696 2492 Cameracensis]
1737 2451 1891 2492 Perhaps

1128 2497 1188 2528 the
1214 2496 1352 2529 chdteau
1377 2499 1416 2528 at
1441 2496 1603 2535 Heverle,
1628 2505 1646 2527 2
1674 2505 1738 2527 mS.
1765 2504 1827 2527 sw.
1856 2495 1893 2526 of

1129 2540 1299 2579 Louvain,
1323 2540 1479 2581 recently
1504 2539 1594 2571 built
1616 2538 1665 2580 by
1686 2538 1747 2570 the
1769 2538 1893 2579 family

1129 2583 1164 2615 of
1195 2583 1307 2625 Croy:
1346 2593 1403 2615 see
1428 2583 1472 2615 de
1494 2582 1611 2624 Jongh
1634 2592 1667 2623 p.
1693 2582 1792 2622 25*n.
1854 2580 1892 2612 It

1129 2637 1276 2668 appears
1315 2626 1397 2658 that
1436 2636 1475 2658 as
1513 2626 1574 2658 the
1613 2625 1723 2657 result
1761 2624 1798 2656 of
1837 2623 1890 2656 his

1129 2669 1306 2711 tutorship
1331 2670 1410 2711 (Ep.
1437 2679 1511 2710 934.
1541 2670 1613 2709 3n),
1637 2667 1816 2700 Latomus’
1843 2669 1892 2700 tie

1129 2713 1213 2745 with
1231 2713 1291 2744 the
1308 2723 1426 2755 young
1443 2712 1577 2744 Robert
1594 2712 1672 2752 (Ep.
1696 2712 1787 2751 1287.
1810 2712 1888 2750 39n)

1128 2767 1167 2788 or
1179 2756 1318 2789 Charles
1333 2756 1423 2798 Croy
1436 2756 1507 2787 had
1523 2755 1664 2787 become
1679 2764 1773 2786 more
1788 2754 1891 2786 close.

1173 2807 1229 2838 90.
1256 2800 1462 2840 Varamum]
1493 2799 1547 2830 No
1578 2797 1690 2830 doubt
1721 2807 1742 2829 a
1773 2807 1891 2839 young

1128 2843 1290 2875 kinsman
1307 2843 1344 2874 of
1360 2842 1449 2884 Abp.
1470 2841 1645 2874 Warham.

1215 2886 1401 2926 Thaleum]
1411 2885 1460 2918 Of.
1473 2885 1538 2926 Ep.
1554 2893 1648 2925 1303.
1665 2891 1700 2923 51
1716 2895 1723 2916 ε
1742 2883 1890 2925 perhaps

1128 2939 1149 2960 a
1163 2939 1280 2971 young
1291 2929 1453 2961 kinsman
1465 2928 1501 2960 os
1512 2927 1572 2960 the
1583 2927 1695 2960 friend
1707 2927 1892 2959 addressed

1126 2973 1163 3005 in
1184 2972 1214 3005 E
1243 2996 1249 3003 .
1277 2980 1370 3010 1224.

1216 2983 1435 3055 {mauritium}
1463 3013 1507 3046 In
1544 3014 1610 3055 Ep.
1656 3017 1718 3054 176
1762 3014 1890 3047 introd.

1128 3058 1199 3090 this
1230 3069 1355 3100 person
1386 3059 1415 3090 is
1446 3057 1624 3090 identified
1656 3057 1740 3089 with
1771 3058 1892 3090 James
