2012 3370
145 149 265 197 1344]
468 145 628 184 FROM
656 142 986 183 WILLIBALD
1016 138 1434 180 Pinciffifflixmss
1655 139 1731 176 231

139 260 318 310 quisque
350 260 394 297 in
425 259 539 296 viam
571 269 691 294 suam
724 255 1002 299 declinarunt,
1036 268 1111 293 nec
1143 255 1342 292 inuentus
1375 256 1440 291 est
1471 252 1544 302 qui
1576 252 1735 289 faceret

142 314 314 360 bonum,
350 317 395 352 et
429 325 504 351 nec
540 324 648 349 vnus
685 310 869 360 quidem.
935 309 1162 347 Pollicetur
1196 308 1371 346 tandem
1407 306 1572 345 multa:
1625 318 1734 355 quae

140 368 306 406 vtinam
330 367 446 412 velit,
471 370 515 405 et
537 377 669 416 quum
694 364 810 410 velit,
835 364 981 414 possit,
1007 367 1051 401 et
1074 375 1206 413 quum
1230 362 1376 412 possit,
1402 374 1446 399 re
1469 363 1705 411 exequatur
1726 360 1732 397 1

141 421 265 468 Quod
280 421 425 460 multis
439 418 697 470 impossibile
712 418 882 456 videtur
902 431 910 456 :
943 417 1017 456 sed
1032 417 1122 456 Deo
1138 417 1281 455 omnia
1296 420 1396 454 sunt
1413 413 1732 454 committenda.
1750 431 1793 464 70

140 476 250 515 Male
283 475 465 514 audiunt
496 472 863 523 Nurenbergenses
898 485 923 510 a
955 471 1211 522 quibusdam
1244 475 1452 521 tanquam
1487 468 1733 514 Lutherani,

141 531 242 580 quia
296 527 595 580 Euangelicam
648 526 886 564 doctrinam
941 524 1091 576 cupide
1146 524 1476 574 amplectuntur.
1558 523 1733 561 Vtinam

141 584 428 623 Romanenses
453 595 502 621 ea
526 594 612 632 qua
636 580 1003 630 Nurenbergenses
1028 578 1236 617 modestia
1261 583 1305 616 et·
1330 591 1493 616 morum
1520 577 1733 628 probitate

141 639 203 677 vsi
234 638 425 683 fuissent,
457 640 502 675 et
532 635 670 674 adhuc
701 633 950 673 vterentur!
997 646 1097 671 nam
1129 633 1267 671 minus
1299 632 1505 678 viderent,
1538 631 1735 670 audirent

140 705 188 731 ac
209 693 415 731 sentirent
434 703 542 741 quae
564 688 729 728 assidue
750 687 931 739 perferre
952 690 1172 738 coguntur.
1750 702 1789 735 75

193 746 276 785 Sed
298 745 350 785 de
372 745 436 783 his
459 744 575 782 satis.
626 743 859 783 Scriberem
880 741 960 780 tibi
983 741 1087 792 quid
1108 741 1152 779 in
1175 744 1388 779 conuentu
1412 740 1493 778 isto
1517 739 1733 777 decretum

139 804 261 847 esset,
290 800 325 838 si
350 799 395 838 id
420 802 620 837 tenerem.
676 797 814 835 Multa
840 797 951 835 enim
977 796 1022 834 in
1048 795 1235 834 medium
1263 794 1448 832 deducta
1474 797 1587 839 sunt,
1616 806 1732 844 prae<

139 855 260 905 cipue
291 854 343 892 de
374 852 601 892 vniuersali
632 851 881 890 Germaniae
912 863 1016 901 pace
1047 848 1359 894 constituenda,
1393 847 1465 886 sed
1496 860 1633 897 pauca
1664 859 1731 885 ex-

138 908 284 959 pedita
303 921 312 954 ;
351 911 649 958 praeterquam
673 905 788 956 quod
811 904 992 956 populus
1015 904 1137 942 nouis
1161 902 1454 941 exactionibus
1478 905 1733 952 aggrauatus

137 966 215 1009 est,
234 974 386 1012 nempe
404 965 453 999 vt
471 961 523 999 de
541 960 737 999 omnibus
755 959 976 1005 mercibus,
996 959 1084 996 siue
1101 958 1146 996 in
1165 956 1434 996 Germaniam
1453 955 1733 1006 importandis
1752 964 1795 994 80

137 1017 227 1055 siue
248 1015 535 1067 exportandis,
559 1014 855 1065 persoluantur
876 1017 1062 1064 quatuor
1083 1012 1198 1050 aurei
1221 1011 1273 1050 de
1296 1015 1480 1057 centum,
1505 1009 1664 1049 scilicet
1686 1013 1735 1047 vt

138 1071 325 1109 habeant
368 1072 573 1120 δημοβωρωι
613 1073 794 1119 ’,Ιέιισκὶεες
825 1067 940 1118 quod
983 1070 1125 1118 agant.
1199 1066 1351 1104 Vtrum
1396 1078 1495 1103 vero
1539 1069 1629 1102 tam
1673 1064 1732 1101 in-

137 1124 405 1163 tolerandum
425 1136 531 1162 onus
550 1123 722 1174 perferri
741 1122 911 1173 poterit,
933 1122 1072 1160 exitus
1088 1120 1297 1158 ostendet.
1346 1119 1494 1170 Legati
1510 1119 1734 1157 ciuitatum

137 1192 283 1217 omnes
311 1178 553 1217 insalutatis
584 1178 722 1215 abiere
751 1176 1023 1227 principibus,
1054 1188 1130 1213 nec
1161 1174 1245 1212 vllo
1275 1178 1402 1224 pacto
1433 1185 1617 1211 annuere
1647 1172 1732 1210 vol-

137 1237 304 1272 uerunt.
363 1232 456 1271 Hoc
486 1232 694 1283 principes
723 1231 866 1269 ferunt
895 1230 1200 1275 molestissime,
1232 1232 1288 1274 et,
1319 1229 1363 1266 ni
1390 1227 1526 1273 fallor,
1558 1238 1734 1277 magnae
1753 1235 1792 1275 85

136 1287 235 1326 inde
263 1287 415 1326 turbae
443 1287 673 1336 insurgent.
738 1285 952 1335 Principes
981 1284 1093 1322 enim
1123 1283 1295 1321 omnino
1324 1282 1590 1320 exactionem
1619 1281 1734 1318 illam

135 1345 275 1380 ratam
298 1341 443 1379 haberi
466 1340 617 1378 volunt
637 1353 645 1385 3
685 1339 881 1378 ciuitates
905 1350 1004 1376 vero
1027 1338 1198 1388 penitus
1220 1336 1497 1381 reluctantur,
1522 1348 1570 1373 ac
1593 1334 1736 1372 omnia

137 1396 279 1446 potius
314 1394 488 1433 ferenda
523 1406 611 1432 esse
648 1397 805 1443 putant
840 1405 970 1443 quam
1006 1396 1098 1430 tam
1133 1391 1413 1428 inhumanum
1450 1390 1610 1440 iugum.
1676 1388 1731 1426 Et

134 1449 305 1488 interim
331 1452 479 1487 contra
503 1448 662 1486 Turcas
687 1447 956 1497 accingimur,
984 1458 1116 1496 quum
1143 1444 1258 1495 apud
1283 1457 1360 1482 nos
1386 1444 1528 1481 omnia
1554 1442 1736 1481 dissidiis

135 1508 179 1542 et
217 1503 323 1542 odiis
360 1502 570 1553 flagrant,
626 1501 801 1552 aliisque
840 1500 998 1539 auxilia
1034 1499 1293 1550 pollicemur,
1334 1511 1466 1549 quum
1504 1510 1581 1535 nos
1620 1497 1735 1535 omni
1753 1513 1798 1545 90

136 1557 332 1597 destituti
360 1557 489 1595 simus
517 1555 718 1595 subsidio.
775 1555 963 1594 Cernunt
990 1554 1199 1605 principes
1225 1553 1381 1603 vbique
1410 1551 1571 1590 nobiles
1599 1551 1736 1590 moliri

136 1611 429 1657 defectionem,
461 1614 619 1649 norunt
648 1609 842 1648 subditos
872 1609 1128 1660 grauissimis
1158 1608 1292 1659 premi
1323 1607 1532 1653 oneribus,
1563 1606 1735 1656 insuper

135 1671 281 1705 tamen
304 1666 500 1704 ciuitates
522 1665 651 1703 etiam
675 1664 855 1703 alienare
879 1662 1143 1702 contendunt
1164 1675 1172 1700 :
1212 1661 1327 1712 quod
1349 1660 1539 1712 profecto
1562 1660 1735 1699 minime

135 1720 266 1767 fieret,
297 1720 377 1758 nisi
405 1719 551 1758 diuina
579 1732 655 1757 nos
685 1722 851 1770 vrgeret
880 1717 1083 1756 vindicta.
1141 1716 1223 1756 Sed
1257 1716 1418 1766 longior
1452 1727 1574 1753 sum:
1620 1714 1736 1752 Deus

135 1775 192 1814 sit
212 1775 334 1813 nobis
354 1774 562 1825 propitius
583 1773 590 1811 1
1753 1782 1793 1815 95

192 1828 314 1876 Quod
344 1841 443 1866 vero
474 1827 632 1873 scribis,
665 1826 914 1865 Pontificem
945 1826 1088 1864 literas
1119 1824 1174 1863 ad
1203 1829 1246 1863 te
1277 1823 1558 1862 humanitatis
1588 1822 1734 1873 plenas

136 1883 311 1929 dedisse,
339 1886 507 1933 gratum
534 1882 637 1920 mihi
662 1881 745 1919 fuit
771 1880 929 1926 audire,
957 1893 1053 1918 cum
1079 1879 1249 1918 honoris
1274 1878 1352 1924 tui,
1379 1882 1472 1916 tum
1499 1877 1734 1928 sycophan-

136 1942 277 1976 tarum
309 1941 481 1975 tuorum
513 1936 661 1987 gratia.
723 1935 845 1974 Facit
876 1934 1065 1985 profecto
1097 1946 1183 1972 non
1213 1932 1517 1983 imprudenter,
1551 1932 1585 1969 si
1616 1935 1659 1969 te
1691 1935 1731 1968 et

135 1992 239 2030 alios
267 1991 415 2030 doctos
443 1990 667 2029 demulcet.
725 1989 837 2029 Satis
865 1989 977 2027 enim
1006 1987 1130 2027 multi
1157 1988 1243 2025 iam
1271 1987 1427 2025 irritati
1455 1990 1583 2032 sunt,
1628 1998 1735 2035 quos

137 2046 435 2091 Hochstratus,
481 2044 651 2090 Eckius,
697 2043 906 2082 Aleander
948 2046 992 2081 ct
1035 2043 1232 2081 vniuersa
1275 2041 1562 2092 sophistarum
1606 2039 1733 2078 turba
1757 2053 1820 2076 που

137 2100 308 2138 minime
333 2099 545 2150 quiescere
570 2099 722 2144 sinent,
749 2098 829 2136 nisi
854 2096 1071 2136 Pontificis
1096 2095 1333 2135 intercedat
1359 2095 1579 2133 autoritas
1635 2093 1734 2133 Sen-

135 2155 245 2193 tient
277 2153 452 2192 tandem
484 2153 773 2191 Romanenses
806 2165 935 2202 quam
969 2152 1024 2189 sit
1055 2164 1121 2189 res
1152 2149 1326 2202 periculi
1358 2149 1483 2200 plena
1515 2161 1657 2187 ensem
1690 2148 1734 2186 in

136 2221 286 2247 manus
310 2207 476 2247 tradere
499 2207 719 2246 hominum
742 2207 1000 2252 insanorum,
1025 2205 1371 2250 temulentorum,
1396 2203 1730 2248 temerariorum,

134 2263 250 2302 fastu
279 2266 323 2301 et
351 2262 593 2312 arrogantia
621 2261 905 2312 repletorum;
951 2260 1148 2311 quamuis
1175 2258 1427 2310 iampridem
1456 2257 1620 2308 experti
1649 2257 1734 2295 sint

135 2321 300 2370 quanta
320 2316 432 2355 mala
457 2316 553 2355 hinc
579 2315 676 2354 inde
701 2316 919 2354 temeritas
945 2318 989 2353 et
1012 2327 1164 2365 parum
1190 2312 1456 2352 considerata
1481 2311 1733 2350 excitauerit
1755 2322 1814 2355 105

136 2371 326 2410 audacia.
377 2370 510 2411 Silent
531 2369 705 2421 quidam
726 2369 908 2420 indignis
929 2369 1066 2408 habiti
1087 2368 1236 2414 modis,
1258 2367 1386 2418 idque
1407 2366 1485 2405 sub
1507 2368 1734 2416 prae-textu

136 2425 376 2477 pontificiae
410 2425 706 2463 auctoritatis:
756 2425 830 2475 qui
863 2424 957 2474 plus
989 2423 1285 2462 taciturnitate
1319 2434 1395 2460 sua
1428 2434 1471 2459 sc
1504 2419 1734 2458 vendicant

136 2493 265 2532 quam
293 2479 467 2531 quidam
495 2478 808 2518 tumultuantes
836 2483 879 2517 et
907 2478 1050 2516 omnia
1077 2477 1257 2516 clamore
1285 2475 1507 2526 replentes,
1536 2473 1733 2524 quamuis

135 2539 180 2573 et
198 2535 227 2573 ii
246 2533 425 2573 forsitan
446 2537 635 2584 tempore
656 2546 730 2572 suo
750 2533 866 2583 loqui
886 2532 1101 2582 incipient.

138 2647 265 2687 poterit
289 2645 602 2686 Nurembergenses
626 2646 803 2686 hucusque
826 2647 931 2687 impie
955 2645 1040 2686 quid
1063 2649 1125 2676 aut
1149 2644 1244 2676 aliud
1269 2644 1352 2686 quid
1376 2644 1483 2684 egisse
1507 2653 1612 2684 quam
1636 2641 1731 2682 quod

136 2691 227 2721 viros
255 2689 363 2721 bonos
390 2692 425 2720 ct
453 2689 659 2729 Euangelice
686 2689 841 2721 doctrine
868 2688 1042 2721 studiosos
1069 2688 1190 2720 deceat
1218 2691 1250 2722 β.
1344 2699 1394 2729 ”3.
1422 2687 1657 2719 Romane-uses
1687 2697 1729 2716 a:

138 2733 393 2765 Antiluthcrani
411 2734 444 2766 β.
542 2743 612 2773 qua
629 2757 636 2764 .
657 2757 664 2764 .
684 2757 691 2764 .
712 2732 887 2774 probitate
906 2745 923 2761 α
941 2745 947 2764 :
980 2731 1148 2763 modestia
1167 2742 1236 2772 qua
1253 2732 1285 2762 N
1289 2711 1529 2771 urcisci-gomses
1547 2732 1580 2764 Β.
1678 2738 1728 2769 74.

137 2782 171 2809 ct
195 2802 201 2808 .
227 2802 232 2808 .
257 2801 264 2808 .
288 2787 340 2819 75.
365 2778 536 2816 coguntur
557 2788 598 2807 a:
633 2787 702 2807 non
723 2777 814 2807 enim
835 2775 966 2815 audire,
986 2775 1102 2806 vidore
1124 2786 1163 2806 ac
1184 2776 1310 2806 sentire
1331 2778 1533 2815 cogerentur
1553 2783 1642 2814 quae
1665 2772 1730 2804 illis

136 2820 292 2862 quotidie
304 2819 466 2851 accidunt
480 2821 513 2853 β.
583 2822 633 2862 76.
659 2819 849 2853 Scriborom
867 2845 875 2852 .
896 2844 903 2852 .
925 2844 933 2852 .
963 2831 1033 2852 110.
1059 2819 1229 2850 aduenere
1243 2831 1282 2851 a:
1308 2819 1387 2850 Fiat
1399 2818 1562 2851 voluntas
1577 2817 1729 2854 Domini,

181 2946 232 2985 67.
260 2952 322 2973 nco
338 2940 516 2979 inuentus]
533 2940 582 2971 Cf.
603 2940 655 2971 Ps.
680 2950 726 2982 13.
746 2951 777 2981 3,
797 2949 847 2982 52.
868 2952 896 2981 3.
969 2941 1021 2973 oh.
1044 2951 1073 2972 2.

182 2988 234 3018 80.
261 2984 445 3023 mercibus]
484 2985 552 3015 For
589 2984 684 3016 these
722 2985 900 3026 proposals
1012 2987 1064 3017 82.
1091 2986 1274 3024 Srywsswpm]
1291 2984 1340 3017 Cf.
1361 2985 1463 3016 Hom.
1483 2984 1524 3015 Il.
1548 2995 1574 3016 ι.
1595 2993 1667 3024 231.

137 3040 191 3061 see
211 3028 345 3066 Rauke,
366 3028 455 3060 Hist.
478 3028 515 3069 of
532 3028 772 3068 Reformalson.
790 3029 845 3060 bk.
868 3039 898 3069 3,
1011 3029 1063 3068 96.
1090 3029 1222 3070 literas]
1240 3029 1304 3069 Ep.
1328 3037 1420 3068 1324.
