2012 3370
137 113 257 163 1494]
600 110 671 149 To
703 108 1015 148 POLYDORE
1046 104 1265 146 VERGIL
1652 105 1730 142 543

132 219 189 258 Et
206 218 307 257 audi
323 217 537 270 quomodo
554 229 621 255 me
638 217 693 254 sit
710 215 838 254 vltus.
885 215 1175 266 Antuuerpiae
1192 214 1348 265 sparsit
1364 224 1575 251 rumorem
1593 223 1729 249 meam

131 273 359 324 imaginem
388 284 484 311 cum
513 269 710 310 omnibus
737 268 854 308 libris
883 270 986 308 meis
1015 273 1212 307 exustam
1241 280 1329 306 esse
1359 266 1535 313 Romae,
1566 269 1609 304 et
1637 264 1733 303 ideo

132 339 199 366 me
226 339 339 366 nunc
368 325 547 366 scribere
573 326 618 364 in
642 323 818 375 Papam.
862 322 920 362 Et
948 324 1159 374 persuasit
1186 321 1333 361 multis
1361 321 1464 361 haec
1493 319 1733 372 prodigiosa
1753 333 1792 367 35

132 380 366 420 mendacia.
428 379 567 419 Immo
599 377 790 418 Clemens
823 378 1030 428 septimus
1062 377 1175 416 vltro
1208 377 1325 415 misit
1357 375 1413 414 ad
1445 387 1512 414 me
1545 374 1733 426 diploma

132 434 603 476 honorificentissimum
635 445 731 471 cum
762 432 930 471 florenis
962 433 1099 470 aureis
1130 431 1353 469 ducentis:
1400 433 1446 468 et
1476 441 1552 480 ego
1584 427 1733 467 eodem

132 494 323 541 tempore
346 488 486 528 aedidi
507 487 696 527 libellum
720 486 784 526 De
806 485 938 526 libero
962 485 1138 524 arbitrio
1162 489 1312 524 contra
1334 483 1614 523 Lutheranos
1666 480 1733 521 Sic

132 543 296 583 Romae
317 555 410 582 sum
431 546 619 589 exustus,
642 554 701 580 slc
721 539 860 580 scribo
881 544 1029 579 contra
1050 539 1226 590 Papam.

186 596 231 638 Si
257 598 444 636 nancisci
474 596 608 648 possis
638 596 951 647 negociatorem
982 595 1055 645 qui
1087 594 1399 645 quinquaginta
1430 591 1648 631 volumina
1679 589 1733 628 ad
1751 605 1795 637 40

133 665 177 691 se
203 653 421 703 reciperet,
451 654 618 690 caetera
644 648 768 689 facile
797 647 1045 687 conficerem
1075 660 1171 686 cum
1200 646 1422 686 Frobem‘o.

188 705 303 746 Bene
332 705 427 744 vale
465 704 656 745 Basileae
676 703 801 743 Anno
823 704 1080 754 †M.D.XX111.

411 863 598 915 14951503
658 860 726 901 To
759 859 905 900 DUIOE
938 857 1139 899 GEORGE
1173 867 1231 897 OF
1264 855 1477 898 SAXONY.

181 951 346 986 Dresden
364 951 452 991 MS„
471 951 556 986 Loc.
581 960 704 994 10300,
723 949 749 984 f.
773 959 811 994 13
829 951 891 992 (α).
1439 946 1558 980 Basle.

182 1010 230 1045 H.
250 1021 285 1055 p.
302 1011 370 1044 622
390 1024 396 1043 :
430 1009 476 1044 N.
494 1020 528 1053 p.
547 1017 612 1053 593
631 1023 638 1042 ι
672 1007 788 1042 Lond.
806 1007 909 1042 xviii.
925 1017 970 1050 42
990 1021 996 1040 :
1031 1005 1106 1040 LB.
1122 1006 1205 1050 695.
1307 1006 1331 1038 6
1350 1003 1566 1049 September
1589 1012 1687 1047 1524.

182 1089 250 1130 [An
266 1089 410 1131 original
424 1089 538 1127 letter,
555 1088 695 1121 written
710 1087 757 1129 by
771 1098 791 1119 a
807 1090 982 1127 secretary
997 1086 1072 1126 (α’),
1085 1085 1206 1128 signed
1222 1084 1291 1116 and
1307 1083 1493 1116 addressed
1510 1082 1557 1123 by
1571 1082 1738 1114 Erasmus

137 1135 224 1173 (0²);
260 1136 300 1165 at
321 1133 382 1165 the
406 1133 561 1165 Dresden
584 1132 684 1165 State
705 1131 882 1168 Arcffives,
906 1131 943 1162 in
966 1129 1027 1162 the
1049 1139 1145 1161 same
1168 1128 1308 1160 volume
1335 1138 1373 1160 as
1397 1127 1486 1168 Epp.
1517 1128 1610 1165 1283,
1640 1135 1733 1165 1313.

137 1176 209 1209 The
225 1176 482 1209 address-sheet
495 1177 525 1208 is
542 1176 660 1208 bound
677 1185 725 1217 up
740 1173 981 1207 unnumbered
997 1184 1018 1205 a
1032 1172 1127 1205 little
1141 1171 1278 1204 further
1294 1182 1339 1203 on
1354 1172 1390 1202 in
1407 1171 1467 1202 the
1485 1169 1586 1202 book.

182 1220 347 1252 Erasmus
378 1219 447 1252 had
478 1230 555 1252 now
587 1219 673 1251 been
704 1218 854 1250 without
883 1218 995 1250 direct
1024 1216 1320 1248 communication
1350 1214 1439 1246 from
1472 1213 1573 1245 Duke
1605 1213 1736 1255 George

137 1264 192 1295 for
213 1267 284 1295 two
306 1273 429 1304 years;
466 1263 527 1295 the
549 1262 618 1295 last
639 1262 745 1294 letter
766 1262 848 1294 that
870 1261 940 1293 had
962 1259 1110 1292 reached
1133 1259 1205 1291 him
1229 1259 1358 1300 having
1383 1258 1469 1290 been
1492 1256 1669 1289 answered
1692 1267 1737 1288 on

139 1316 155 1347 3
174 1306 271 1348 Sept.
291 1316 383 1347 1522.
425 1306 493 1338 For
507 1306 568 1339 the
584 1316 704 1338 causes
718 1305 830 1337 which
845 1303 1066 1345 interrupted
1080 1302 1173 1335 their
1188 1301 1480 1343 correspondence
1496 1311 1551 1332 see
1567 1300 1631 1341 Ep.
1654 1308 1734 1339 1313

136 1350 266 1383 introd.
300 1350 402 1382 After
411 1360 432 1382 a
442 1349 617 1392 fortnight
627 1349 692 1390 Ep.
709 1350 792 1389 1448
804 1348 953 1386 arrived,
965 1347 1035 1379 and
1046 1357 1117 1378 was
1128 1350 1167 1378 at
1178 1356 1262 1377 once
1274 1345 1450 1377 answered
1462 1343 1548 1376 with
1559 1343 1624 1385 Ep.
1642 1352 1738 1383 1499.

183 1393 255 1426 The
267 1393 441 1425 variation
454 1392 491 1425 of
502 1393 562 1425 the
575 1392 799 1425 mouth-date
810 1392 845 1423 in
859 1391 1015 1433 printing
1026 1391 1056 1422 is
1068 1393 1129 1422 too
1142 1389 1259 1422 trivial
1272 1392 1311 1421 to
1324 1388 1366 1420 be
1378 1398 1399 1420 a
1412 1387 1602 1420 deliberate
1614 1386 1738 1419 altera-

139 1437 213 1469 tion
225 1436 311 1469 such
323 1447 362 1469 as
373 1437 403 1468 is
414 1436 525 1469 found
537 1437 573 1468 in
589 1436 678 1477 Epp.
696 1444 770 1476 333,
790 1444 828 1475 33
835 1443 864 1476 5,
886 1435 970 1475 1469
986 1446 994 1472 ;
1023 1433 1094 1466 and
1107 1442 1190 1474 may
1202 1432 1245 1464 be
1260 1431 1428 1474 regarded
1444 1441 1482 1463 as
1498 1441 1519 1462 a
1536 1441 1628 1462 mere
1644 1429 1741 1472 lapse

140 1480 196 1520 (cf.
217 1480 306 1522 Epp.
326 1489 400 1521 255.
425 1488 501 1517 10n,
519 1481 593 1519 278.
615 1479 727 1519 29n).]

195 1568 236 1608 S.
267 1567 329 1615 P„
359 1567 642 1608 illustrissime
671 1565 884 1616 Princeps.
948 1563 1072 1611 Quod
1104 1562 1312 1602 hactenus
1345 1564 1447 1600 tuae
1481 1559 1742 1599 celsitudinis

141 1620 384 1660 hortatibus
396 1633 483 1660 non
494 1621 721 1672 paruerim,
736 1632 833 1659 cum
847 1618 929 1658 alia
942 1617 1092 1664 multa,
1106 1621 1202 1656 tum
1217 1615 1303 1655 duo
1316 1616 1542 1667 praecipue
1553 1615 1598 1654 in
1616 1626 1744 1653 causa

140 1675 270 1715 fuere.
325 1674 516 1714 Primum
541 1674 658 1726 quod
683 1686 770 1713 non
795 1673 933 1712 solum
959 1685 1026 1711 me
1052 1671 1241 1711 viderem
1267 1674 1312 1709 et
1338 1674 1481 1709 aetate
1507 1672 1552 1708 et
1577 1670 1745 1720 ingenio

140 1731 347 1781 imparem
367 1729 465 1769 huie
484 1728 837 1781 periculosissimo
855 1728 1042 1779 negocio,
1065 1738 1214 1765 verum
1233 1726 1363 1763 etiam
1379 1723 1494 1775 quod
1514 1724 1621 1762 miro
1641 1736 1743 1774 quo-

141 1784 242 1823 dam
270 1788 450 1823 naturae
475 1796 600 1823 sensu
627 1783 682 1822 ab
707 1782 951 1822 huiusmodi
979 1780 1242 1832 gladiatoriis
1270 1780 1423 1830 pugnis
1449 1778 1744 1817 abhorrerem:
1767 1793 1782 1826 5

142 1838 246 1890 quid
269 1839 382 1877 enim
408 1838 473 1877 his
497 1837 649 1877 libellis
672 1838 746 1889 qui
768 1850 882 1876 nunc
912 1835 1070 1886 vbique
1099 1833 1329 1886 prouolant
1358 1834 1512 1884 agitur„
1534 1833 1615 1871 nisi
1631 1831 1745 1883 quod

142 1893 211 1944 agi
223 1892 330 1932 solet
344 1893 389 1932 in
404 1892 563 1931 harena
578 1891 831 1944 gladiatoria
847 1894 864 1930 ⁴?
897 1890 1061 1929 Deinde
1074 1888 1190 1940 quod
1208 1888 1508 1939 perpenderem
1526 1886 1744 1932 Laterum,

142 1947 280 2000 qualis
309 1946 446 1998 qualis
463 1950 528 1986 est
556 1947 645 1985 eius
673 1946 881 1992 doctrina,
913 1944 1130 1996 quoddam
1159 1955 1248 1982 esse
1274 1942 1557 1980 necessarium
1586 1940 1745 1979 malum

142 2002 187 2041 in
210 2001 398 2052 vndique
421 2001 748 2052 corruptissimis
771 1999 983 2039 Ecclesiae
1005 1997 1131 2037 rebus
1151 2011 1160 2044 ;
1201 2001 1330 2048 atque
1354 2009 1406 2035 ex
1429 2009 1479 2034 eo
1501 1995 1746 2046 pharmaco,

144 2057 341 2107 quamuis
373 2068 518 2094 amaro
550 2068 599 2094 ac
631 2055 832 2102 violento,
867 2053 1073 2105 optabam
1105 2057 1155 2091 vt
1187 2051 1349 2102 aliquid
1380 2050 1517 2089 bonae
1550 2050 1748 2088 sanitatis
1771 2065 1809 2088 10

144 2114 388 2149 nasceretur
423 2111 467 2149 in
504 2122 676 2161 corpore
712 2108 857 2161 populi
896 2108 1137 2148 Christiani.
1203 2106 1328 2145 Nunc
1365 2117 1498 2156 quum
1536 2104 1748 2155 comperio

146 2164 366 2216 plerosque
392 2164 501 2204 hanc
528 2177 666 2203 meam
693 2163 1028 2203 moderationem
1054 2161 1324 2212 interpretari
1353 2159 1624 2198 collusionem
1653 2171 1747 2196 cum

146 2218 317 2266 Lutero,
338 2232 434 2257 cum
455 2231 540 2270 quo
560 2219 665 2257 nihil
688 2230 879 2269 vnquam
903 2217 1006 2256 mihi
1031 2215 1115 2255 fuit
1139 2216 1289 2254 secreti
1312 2214 1505 2259 foederis,
1537 2212 1748 2263 simulque

147 2286 244 2312 cum
267 2273 392 2312 video
417 2273 496 2312 sub
522 2276 750 2324 praetextu
778 2271 1000 2323 Euangelii
1024 2269 1222 2309 subnasci
1251 2281 1409 2308 nouam
1440 2272 1623 2319 gentem,
1655 2279 1748 2318 pro-

148 2340 303 2374 cacem,
319 2327 614 2379 impudentem
630 2332 674 2366 et
690 2325 1249 2366 intractabilem—breuiter
1264 2323 1394 2361 talem
1411 2327 1461 2361 vt
1475 2334 1552 2360 ncc
1569 2320 1750 2359 Luterus
1772 2336 1785 2359 1
1794 2337 1808 2368 5

147 2383 236 2432 ipse
276 2381 399 2429 ferat,
443 2394 691 2433 quanquam
731 2381 792 2420 illi
833 2381 981 2419 eadem
1022 2378 1300 2429 improbitate
1342 2389 1427 2427 qua
1469 2378 1751 2414 contemnunt

147 2436 365 2487 episcopos
385 2440 429 2475 et
455 2437 676 2487 principes,
699 2439 981 2475 contemnunt
1000 2438 1045 2472 et
1065 2433 1269 2472 Luterum
1286 2445 1294 2478 3
1327 2430 1464 2481 prodii
1483 2430 1527 2468 in
1547 2429 1748 2468 harenam

146 2490 296 2530 eadem
321 2489 452 2529 ferme
479 2494 622 2529 aetate
649 2502 734 2542 qua
762 2489 938 2528 Publius
965 2486 1282 2538 mimographus
1310 2484 1468 2536 prodiit
1495 2485 1538 2522 in
1566 2495 1749 2521 scenam.

150 2543 267 2591 Quae
294 2557 360 2583 res
389 2557 517 2596 quam
548 2544 651 2583 mihi
683 2545 739 2583 sit
764 2543 911 2582 futura
938 2542 1040 2581 felix
1072 2542 1242 2586 nescio;
1286 2543 1398 2578 certe
1428 2542 1530 2589 opto
1565 2542 1614 2576 vt
1648 2538 1749 2588 reip.

148 2598 412 2638 Christianae
432 2599 487 2637 sit
508 2598 609 2638 felix
630 2597 870 2648 faustaque.
1769 2607 1812 2630 20

202 2652 331 2691 Mitto
361 2656 462 2691 tuae
494 2652 732 2691 celsitudini
763 2651 951 2690 libellum
983 2651 1046 2689 De
1077 2649 1209 2688 libero
1240 2647 1429 2694 arbitrio,
1462 2646 1514 2685 de
1546 2658 1631 2696 quo
1663 2644 1751 2683 vidi

199 2747 291 2778 1495.
321 2754 348 2777 1.
375 2754 404 2777 s.
418 2752 450 2777 Ρ.
467 2757 485 2775 α
503 2757 510 2777 :
539 2753 704 2777 ERAsmvs
717 2752 796 2776 nor.
814 2752 974 2776 (znonoro
990 2751 1076 2775 Dv01
1090 2749 1276 2775 SAxomAn
1312 2750 1340 2772 s.
1357 2748 1392 2771 D.
1409 2739 1453 2771 H.
1597 2749 1630 2778 4.
1657 2738 1751 2779 quod

150 2788 226 2821 add.
243 2788 288 2820 Η.
483 2789 514 2820 6.
534 2788 662 2829 vbique
679 2800 717 2819 a:
744 2787 898 2829 vndique
916 2787 960 2819 H.
1143 2796 1174 2825 9.
1201 2785 1356 2826 vndique
1376 2796 1394 2814 α
1412 2796 1419 2816 :
1456 2782 1681 2824 vndiquaque
1704 2781 1747 2813 H.

154 2842 203 2874 17.
230 2831 343 2874 prodii
359 2844 377 2861 α
396 2845 403 2863 :
433 2831 611 2873 prodimus
628 2831 671 2862 H.

201 2961 291 2992 1494.
319 2969 372 2999 34.
397 2955 574 2996 exustam]
605 2957 655 2988 cf.
687 2957 774 2998 Epp.
819 2964 908 2996 1433.
1029 2956 1082 2994 36.
1107 2953 1276 2995 diploma]
1296 2954 1359 2994 Ep.
1383 2954 1476 2992 1438.

152 3013 207 3045 7n.
231 3003 322 3043 1518.
347 3013 460 3034 11—12.
1036 2999 1128 3030 1495.
1162 3002 1209 3030 18,
1238 2994 1397 3034 Publius]
1413 2996 1463 3028 Cf.
1478 2996 1542 3037 Ep.
1565 2997 1749 3035 1481.14n.
