2012 3370
135 165 253 212 1353]
655 158 727 197 To
757 157 975 197 ULRIOH
1007 157 1201 197 ZAsius
1649 154 1725 192 267

132 267 236 306 facti
265 281 351 307 non
379 280 549 319 possum
579 280 664 306 non
692 267 960 317 improbare3
1006 267 1178 305 tametsi
1208 266 1280 316 qui
1310 267 1467 303 norunt
1496 262 1724 306 hominem,

133 322 382 372 praedicant
407 323 641 361 lunaticum
666 321 808 368 fuisse,
837 325 880 359 et
906 334 991 360 non
1017 322 1096 359 nisi
1123 334 1175 358 ex
1201 318 1435 358 interuallis
1461 318 1603 355 animo
1630 327 1725 353 con·

133 376 303 415 stitisse.
361 376 501 416 Tanta
523 389 575 414 ex
604 376 822 414 occasione
845 375 1019 414 subibat
1047 375 1236 412 animum
1265 373 1429 412 factum
1456 370 1585 415 illud;
1616 368 1729 407 vnde
1751 379 1807 417 185

132 443 282 481 graues
304 430 546 482 tragoediae
569 433 670 468 sunt
693 430 918 476 excitatae,
943 433 987 468 et
1011 441 1107 467 cum
1131 428 1343 479 praesenti
1366 424 1608 478 spectaculo
1632 435 1728 462 con-

132 484 343 524 ferendae.
398 484 519 530 Quod
538 496 634 523 cum
653 483 897 534 frequenter
917 496 965 522 ac
992 482 1220 522 solenniter
1239 481 1329 528 fiat,
1350 494 1476 519 nemo
1495 482 1624 531 putat
1643 477 1730 515 vlla

134 538 309 590 dignum
352 538 730 584 animaduersione,
776 550 872 576 cum
916 536 1040 576 simul
1082 536 1266 575 violetur
1308 535 1397 574 dies
1438 534 1586 579 festus,
1632 544 1728 571 cum

134 597 425 643 praetereatur
453 592 592 632 cultus
621 605 670 630 ac
701 604 837 630 sermo
866 591 1049 638 diuinus,
1082 603 1177 629 cum
1208 594 1358 628 contra
1387 589 1580 627 diuinum
1610 599 1728 638 prae-

133 651 305 698 ceptum
329 648 635 687 committatur.
685 645 881 684 Ebrietas
900 647 1102 691 rixarum,
1127 644 1334 689 caedium,
1360 643 1665 682 adulteriorum
1686 643 1730 679 et
1752 657 1814 689 190

134 702 325 740 omnium
370 714 477 753 pene
521 700 779 752 flagitiorum
826 704 975 746 mater,
1023 699 1214 749 adeoque
1260 697 1461 749 pestifera
1507 695 1730 746 disciplina

133 756 388 806 reipublicae
411 759 461 795 vt
483 768 595 794 nunc
619 754 735 805 apud
759 754 1016 794 Saracaenos
1040 754 1095 792 sit
1119 753 1245 792 ebriis
1267 765 1405 803 poena
1429 751 1593 801 capitis.
1647 747 1729 788 Sed

132 810 302 849 interim
334 809 573 849 sacerdotes
602 808 782 848 libenter
813 808 1110 859 amplectimur
1140 807 1256 859 quod
1284 806 1494 858 prophani
1522 804 1732 855 principes

133 863 283 903 fauent
321 864 575 903 authoritati
608 867 791 910 nostrae,
826 862 1093 902 vindicandis
1131 862 1287 901 nostris
1326 857 1728 901 constitutionibus;

133 918 400 957 immemores
418 919 588 957 interim
603 918 713 956 illius
729 917 954 969 prouerbii,
971 917 1171 956 Mutuum
1188 915 1290 954 muli
1307 914 1502 954 scabunt.
1534 913 1732 963 Cogimur
1753 928 1809 960 195

134 973 246 1011 enim
272 973 353 1011 illis
379 973 563 1011 vicissim
588 972 745 1019 fauere,
774 985 871 1011 cum
896 973 962 1010 ius
988 975 1032 1010 et
1058 984 1158 1022 opes
1184 974 1352 1009 nostras
1378 969 1458 1007 sibi
1484 967 1728 1011 vendicant,

134 1040 230 1064 cum
246 1028 538 1066 immunitates
554 1026 763 1073 adimunt,
781 1039 877 1065 cum
893 1030 1106 1077 occupant
1121 1024 1369 1071 sacerdotia,
1388 1035 1485 1062 cum
1500 1020 1729 1061 exactioni-

135 1080 213 1118 bus
250 1085 459 1132 grauant:
513 1082 712 1120 nimirum
749 1081 829 1120 hoc
865 1084 931 1119 est
967 1081 1031 1119 vti
1066 1080 1213 1118 fauore
1249 1079 1489 1130 principum
1524 1077 1569 1115 in
1605 1074 1730 1113 rebus

134 1134 437 1174 ecclesiasticis.
530 1135 725 1186 Aequum
778 1139 843 1174 est
895 1138 1040 1173 autem
1092 1134 1260 1185 gloriari
1312 1132 1488 1171 tandem
1540 1128 1729 1180 religioni

134 1189 397 1228 Christianae
426 1189 532 1228 belle
561 1189 825 1235 florescenti3
871 1190 918 1235 si,
946 1202 1043 1228 cum
1072 1189 1209 1227 omnis
1234 1188 1326 1226 vita
1354 1190 1501 1225 nostra
1524 1185 1650 1236 plena
1675 1183 1732 1221 sit
1748 1200 1817 1223 200

135 1243 380 1291 ambitione,
405 1243 573 1289 ferocia,
606 1245 800 1290 auaritia,
831 1244 946 1290 rixis,
977 1244 1142 1294 pugnis,
1174 1241 1424 1287 homicidiis,
1452 1239 1584 1286 bellis,
1612 1250 1728 1289 prae-

135 1297 392 1345 dationibus,
440 1298 743 1345 simultatibus,
792 1299 942 1344 vsuris,
991 1298 1192 1343 simoniis,
1240 1295 1476 1341 fraudibus,
1524 1293 1729 1345 periuriis,

135 1352 365 1399 adulteriis,
402 1352 661 1399 libidinibus,
701 1351 839 1398 furtis,
880 1352 959 1390 hoc
997 1352 1266 1402 potissimum
1306 1350 1428 1388 nobis
1467 1348 1731 1387 vindicemus

135 1407 307 1457 pietatis
335 1407 588 1457 opinionem,
619 1407 738 1445 cuius
766 1410 1016 1457 contemptu
1044 1407 1228 1457 primum
1249 1403 1443 1455 Apostoli
1463 1402 1734 1441 declararunt

134 1473 178 1499 se
190 1460 359 1499 fortiter
371 1460 644 1500 Christianos.
687 1460 839 1499 Petrus
853 1464 1084 1511 antequam
1099 1460 1285 1498 exuisset
1297 1462 1440 1498 totum
1454 1456 1735 1501 Iudaismum,
1753 1472 1814 1504 205

134 1514 392 1553 abhorrebat
421 1527 446 1553 a
476 1515 579 1553 cibis
608 1528 714 1566 quos
744 1514 930 1554 Mosaica
957 1514 1026 1553 lex
1054 1514 1347 1553 interdixerat.
1407 1512 1630 1551 Caeterum
1660 1508 1735 1547 vbi

134 1568 310 1608 caelitus
347 1569 499 1608 doctus
536 1570 730 1620 concepit
766 1568 1015 1608 firmitatem
1052 1568 1368 1619 Euangelicam,
1409 1566 1595 1605 vescitur
1632 1563 1736 1603 cibis

134 1623 408 1674 quibuslibet.

189 1677 331 1728 Atque
359 1678 462 1716 haec
492 1677 683 1723 dixerim,
714 1678 996 1717 eruditissime
1025 1678 1132 1724 Zasi,
1162 1690 1249 1716 non
1277 1680 1327 1715 vt
1354 1676 1546 1715 animum
1574 1672 1732 1712 addam

135 1731 291 1779 stultis,
321 1733 393 1783 qui
421 1745 464 1771 se
490 1736 649 1783 putant
676 1732 954 1783 Euangelicos
981 1733 1094 1771 viros
1122 1733 1156 1770 si
1184 1733 1290 1770 citra
1316 1731 1615 1769 necessitatem
1641 1740 1732 1766 ves·
1753 1743 1819 1766 210

136 1790 288 1825 cantur
305 1786 502 1825 carnibus
521 1786 724 1825 aduersus
742 1786 953 1826 Ecclesiae
971 1786 1039 1825 vel
1057 1787 1407 1825 constitutionem
1426 1784 1493 1823 vel
1512 1785 1733 1822 consuetu-

136 1840 292 1887 dinem,
314 1840 387 1879 sed
406 1844 457 1879 vt
479 1841 701 1880 ostendam
722 1841 837 1892 vulgi
857 1845 1130 1892 praepostera
1151 1840 1319 1879 iudicia.
1373 1838 1628 1888 Quanquam
1650 1848 1736 1875 non

136 1895 318 1934 arbitror
340 1899 504 1934 vestros
526 1896 814 1946 magistratus,
839 1896 952 1934 viros
975 1895 1171 1934 cordatos
1194 1898 1238 1933 et
1259 1906 1439 1939 seuerOS,
1464 1892 1570 1931 adeo
1592 1903 1733 1941 super-

136 1950 324 1989 stitiosos
341 1962 431 1988 esse
449 1953 498 1988 vt
515 1951 733 2001 negotium
751 1950 885 1988 velint
901 1949 1105 1988 facessere
1123 1950 1158 1988 si
1176 1950 1270 2000 quis
1289 1952 1461 1987 coactus
1479 1945 1737 1985 valetudinis

136 2005 387 2043 necessitate
416 2008 614 2043 vescatur
642 2004 916 2055 quibuslibet,
947 2005 1077 2043 etiam
1106 2005 1140 2042 si
1169 2003 1332 2042 nullum
1361 2002 1520 2041 habeat
1549 1999 1738 2051 diploma
1755 2016 1816 2047 215

137 2057 367 2097 Pontificis.
429 2058 583 2109 Itaque
615 2059 727 2097 hunc
759 2071 971 2097 rumorem
1003 2059 1170 2097 habebo
1202 2058 1569 2109 peruanissimum,
1603 2054 1736 2092 donec

138 2113 223 2150 tuis
250 2112 382 2151 literis
408 2111 550 2151 factus
577 2126 647 2151 ero
676 2114 840 2152 certior.
898 2113 1120 2152 Caeterum
1149 2112 1265 2163 quod
1293 2111 1347 2150 ad
1376 2112 1566 2150 animum
1594 2121 1736 2147 meum

137 2167 307 2213 attinet,
331 2166 437 2205 adeo
458 2180 543 2206 non
563 2171 716 2218 tangor
735 2167 839 2206 luxu
861 2171 910 2206 vt
931 2169 1099 2219 cupiam
1121 2171 1327 2218 perpetuo
1348 2166 1461 2216 rapis
1482 2168 1526 2204 et
1547 2163 1737 2203 caulibus

138 2221 262 2267 vesci,
281 2221 315 2260 si
332 2221 459 2260 modo
475 2221 554 2260 hoc
571 2222 665 2260 cibo
680 2221 807 2261 liceat
822 2223 932 2261 tueri
948 2222 1238 2261 valetudinem
1256 2219 1505 2272 corpusculi.
1550 2218 1737 2257 Tantum

136 2274 242 2314 illud
267 2275 402 2322 doleo,
429 2276 532 2314 mihi
557 2276 637 2314 hac
661 2277 705 2315 in
729 2289 774 2315 re
798 2280 890 2315 tam
916 2277 1073 2315 bonam
1099 2289 1187 2315 esse
1213 2288 1399 2314 causam.
1453 2273 1599 2312 Malim
1625 2272 1737 2310 enim
1757 2287 1823 2309 220

138 2329 274 2368 decies
313 2331 520 2381 episcopis
560 2330 660 2369 dare
700 2343 859 2382 poenas
897 2335 1167 2382 gustatarum
1208 2331 1398 2369 carnium
1439 2341 1569 2380 quam
1610 2325 1737 2365 semel

138 2383 299 2423 calculo
320 2384 421 2423 dare
442 2397 600 2435 poenas
621 2385 675 2423 ob
697 2398 814 2424 esum
836 2386 1028 2437 piscium.

194 2437 286 2485 Quo
319 2438 386 2478 die
418 2439 501 2478 huc
532 2452 724 2478 reuersus
755 2453 863 2487 sum,
897 2440 1113 2479 redditum
1146 2444 1211 2478 est
1243 2452 1269 2478 a
1301 2439 1497 2477 Romano
1530 2434 1736 2475 Pontifice

138 2491 326 2543 diploma
355 2493 549 2540 alterum,
581 2495 718 2544 priore
743 2494 880 2533 multo
908 2499 1002 2533 tum
1032 2493 1377 2533 honorificentius
1405 2496 1499 2531 tum
1528 2489 1739 2529 blandius.

140 2546 363 2586 Praeterea
393 2547 611 2587 literarum
648 2562 672 2587 a
706 2549 1005 2588 candidissimo
1041 2549 1251 2600 theologo,
1283 2546 1541 2586 Theoderico
1572 2544 1738 2588 Hoscio,
1759 2559 1818 2590 225

140 2602 276 2651 primo
297 2601 515 2641 Pontificis
536 2604 773 2649 secretario,
796 2603 1054 2654 exemplaria
1075 2603 1130 2641 ad
1151 2607 1194 2641 te
1215 2603 1356 2647 mitto,
1379 2614 1431 2639 110
1452 2599 1555 2650 quid
1576 2600 1740 2649 ignores

187 2683 258 2720 185.
286 2682 387 2710 tanta
405 2684 472 2714 affl:
505 2680 599 2711 Data
626 2694 658 2721 γ.
851 2684 922 2715 186.
948 2685 984 2712 et
1001 2692 1063 2712 mn.
1095 2686 1151 2722 137.
1330 2677 1559 2710 conferendae
1587 2688 1628 2707 a:
1660 2686 1740 2706 con-

142 2722 229 2753 ferre
245 2726 301 2764 1-3γ.
389 2733 461 2764 191.
489 2724 694 2765 disciplinae
712 2737 743 2763 Ὗ.
830 2735 902 2766 193.
930 2726 1095 2766 imposita
1111 2729 1184 2765 post
1200 2724 1328 2765 capitis
1345 2722 1419 2755 add.
1439 2735 1471 2762 7.
1564 2729 1635 2762 195.
1663 2720 1738 2751 Mu-

141 2770 242 2798 tuum
259 2769 324 2800 ciffi:
352 2767 482 2798 mulum
501 2780 532 2806 γ.
653 2777 723 2808 197.
751 2778 830 2799 cum
846 2772 920 2799 ante
936 2767 1179 2798 immunitates
1195 2767 1269 2798 add.
1288 2771 1345 2805 βγ.
1474 2776 1546 2807 199.
1574 2764 1738 2803 religione

143 2810 341 2842 Christiana
356 2823 388 2850 γ.
480 2820 557 2842 200.
584 2810 779 2842 florescenti
799 2825 817 2841 ιι
834 2822 841 2842 :
873 2810 1133 2842 conilorescenti
1152 2814 1209 2850 137.
1312 2818 1385 2849 203.
1414 2808 1478 2840 hoc
1498 2812 1540 2842 011
1558 2819 1564 2838 :
1598 2807 1686 2838 hanc
1704 2819 1736 2846 γ.

140 2862 214 2892 204.
240 2853 401 2895 Apostoli
416 2853 568 2894 primum
588 2858 645 2895 βγ.
819 2856 892 2888 206.
920 2860 986 2895 flas:
1024 2853 1236 2885 adhorrebat
1253 2867 1283 2885 a.
1456 2853 1529 2885 216.
1556 2850 1668 2882 habeo
1681 2852 1736 2891 [37.

142 2897 433 2937 peruanissimum
451 2911 468 2927 α
486 2909 492 2928 :
519 2898 819 2939 persuasissimum
841 2902 883 2932 βε
910 2899 1134 2930 falsissimum
1151 2911 1183 2938 γ.
1391 2906 1464 2937 217.
1491 2894 1586 2936 quod
1605 2894 1651 2926 ad
1670 2907 1713 2935 (νγ
1730 2905 1736 2924 :

141 2940 258 2981 quoad
271 2945 305 2976 fl.
383 2949 455 2981 225.
480 2942 693 2975 Thoodorico
704 2945 761 2981 βγ.
831 2941 958 2973 Hescio
973 2957 991 2973 ιι
1008 2954 1014 2972 :
1041 2941 1165 2973 Hessio
1179 2944 1200 2976 β
1218 2953 1224 2972 :
1253 2951 1316 2972 om.
1333 2953 1365 2980 7.

189 3054 265 3085 203.
294 3045 375 3086 hoc]
390 3056 435 3078 sc.
454 3046 609 3078 ciborum
627 3046 774 3079 delectu.
986 3055 1083 3089 1352.
1108 3055 1135 3087 5.

190 3097 264 3127 224.
292 3088 463 3132 diploma]
505 3091 569 3132 Ep.
615 3091 720 3130 13383
760 3088 802 3122 cf.
844 3090 905 3131 Ep.
1026 3098 1098 3129 225.
1124 3089 1319 3128 literarum]
1339 3090 1403 3131 Ep.
1427 3098 1519 3130 1339.
