2012 3370
295 168 373 204 518
770 165 1023 205 LETTERS
1055 166 1126 206 OF
1158 167 1419 206 ERASMUS
1773 168 1808 214 (1
1820 178 1896 215 524

231 292 277 321 90
295 277 513 316 sustulisse
559 290 610 314 ex
658 275 934 315 Naturalibus
981 275 1329 325 Quaestionibus'}
1355 276 1537 314 Senecae
1579 287 1679 313 sane
1717 275 1895 325 gaudeo.

233 562 272 595 95

216 836 276 858 100

218 1108 273 1140 [05

218 1384 277 1406 110

295 330 407 370 Nam
439 332 482 369 in
514 330 592 369 hoc
625 342 731 381 opus
762 329 926 369 nullum
958 334 1050 369 erat
1081 327 1563 381 exemplarvetustuin.
1623 328 1812 368 Tantum
1843 329 1899 367 ad

295 384 421 423 aliam
461 384 719 423 aeditionem
758 384 1029 431 contulimus,
1070 396 1208 435 neque
1246 384 1476 435 quicquam
1517 384 1780 422 mutauimus
1818 383 1899 423 nisi

294 439 410 490 quod
441 438 583 489 palam
613 443 725 477 esset
753 438 1022 478 librariorum
1052 439 1215 477 incuria
1244 439 1542 489 deprauatum.
1602 437 1899 477 Diuinationes

296 493 473 544 margini
500 492 743 540 adiecimus,
772 506 953 544 quarum
980 493 1157 544 aliquot,
1185 493 1229 532 ni
1254 492 1389 539 fallor,
1416 492 1485 531 ille
1511 504 1598 530 non
1622 491 1897 543 improbabit.

296 546 449 597 [taque
472 548 506 586 si
530 547 705 586 mendas
728 547 929 598 prodidit,
955 560 1070 586 meas
1092 560 1178 586 non
1200 547 1401 598 prodidit.

349 601 413 640 De
445 601 599 641 Plauto
631 602 747 652 apud
778 601 935 641 Aldum
967 603 1177 653 castigato
1208 601 1495 653 quadraginta
1526 601 1676 648 aureis,
1708 612 1789 639 nae
1819 600 1899 639 iste

297 655 486 695 modeste
516 657 722 695 mentitus
751 660 844 696 est:
892 657 1045 708 viginti
1074 656 1290 695 duntaxat
1320 656 1511 694 coronati
1541 655 1754 694 numerati
1784 659 1898 701 sunt,

295 723 370 749 nec
405 710 520 749 aliud
554 723 821 762 susceperam
854 724 985 763 quam
1019 711 1343 762 castigationem
1378 722 1577 748 versuum
1611 708 1898 754 confusorum,

293 764 422 816 idque
454 766 649 816 praestiti
680 766 724 806 in
755 765 820 805 his
851 767 895 805 in
927 765 1082 818 quibus
1115 766 1311 804 carminis
1343 778 1474 816 genus
1506 768 1598 803 erat
1630 767 1897 816 perpetuum.

295 819 359 858 De
381 819 544 858 mendis
566 819 764 859 tollendis
785 820 890 859 nihil
910 833 1162 872 receperam.
1215 820 1267 858 In
1289 820 1514 870 Cypriane,
1539 818 1781 869 vbicunque
1803 830 1899 869 sup-

294 873 471 924 petebat
498 874 705 913 auxilium
733 875 894 915 vetusti
922 874 1090 921 codicis,
1119 887 1206 913 non
1233 874 1515 913 dormitatum
1543 876 1636 919 est;
1680 877 1725 911 et
1751 871 1902 911 vident

294 931 410 967 totos
431 927 560 977 libros
581 928 764 976 additos,
788 942 874 968 non
896 929 1023 968 modo
1045 942 1203 968 versus.
1255 928 1298 968 Si
1319 928 1423 980 quid
1444 931 1633 966 erratum
1654 931 1719 966 est
1739 927 1902 965 incuria

294 983 566 1034 typographi,
600 988 816 1034 praestare
846 996 933 1022 non
964 984 1098 1035 potui,
1132 984 1206 1035 qui
1237 987 1332 1022 tum
1363 982 1542 1034 agebam
1573 983 1619 1021 in
1650 981 1899 1020 Brabantia.

296 1037 346 1076 In
379 1036 582 1076 Suetonio
613 1037 717 1077 nihil
749 1050 775 1076 a
805 1051 872 1077 me
903 1037 1188 1089 deprauatum
1220 1042 1298 1084 cst,
1331 1037 1405 1076 sed
1436 1036 1715 1075 vetustissimi
1747 1035 1902 1075 codicis

295 1090 423 1131 fidem
443 1096 649 1142 sequutus
670 1105 787 1139 sum;
820 1105 896 1131 nec
916 1092 1012 1132 ideo
1033 1091 1252 1144 praeclusa
1271 1096 1336 1130 est
1352 1092 1422 1130 via
1436 1092 1487 1130 iis
1503 1091 1576 1142 qui
1591 1090 1686 1142 plus
1701 1089 1902 1129 vtilitatis

295 1144 459 1184 adferre
480 1150 672 1197 possunt.
723 1146 789 1184 Ex
808 1147 989 1186 istorum
1008 1147 1138 1197 igitur
1157 1146 1380 1192 industria,
1403 1146 1438 1185 si
1458 1144 1677 1196 proferant
1696 1157 1787 1191 sua,
1807 1148 1900 1183 tan-

296 1204 389 1238 tum
417 1200 540 1239 abest
568 1205 616 1239 vt
643 1201 920 1252 ignominiam
948 1205 1153 1247 met-uam,
1182 1205 1232 1240 vt
1254 1200 1393 1239 laudis
1419 1200 1550 1238 etiam
1579 1199 1683 1238 mihi
1709 1197 1902 1237 nonnihjl

295 1255 374 1293 sim
406 1259 693 1305 arrogaturus,
730 1259 843 1294 certe
877 1255 969 1303 1100,
1001 1255 1115 1307 quod
1149 1255 1243 1294 istis
1272 1254 1607 1293 dormitantibus
1637 1252 1774 1292 calcar
1803 1251 1898 1291 sub-

294 1309 475 1348 iecerim.

350 1362 414 1402 De
446 1363 534 1402 stili
564 1363 748 1403 formula
778 1377 1000 1416 nunquam
1031 1364 1094 1403 1111
1127 1364 1418 1416 superstitiose
1451 1363 1667 1403 sollicitus.

295 1418 331 1458 si
358 1421 590 1469 vtcunque,
620 1431 706 1458 non
734 1431 884 1470 spurce
912 1419 1102 1471 loquens,
1132 1418 1357 1470 intelligor.
1416 1417 1555 1466 Quam
1584 1429 1685 1456 vero
1713 1420 1901 1455 veterem

297 1471 440 1511 Latini
472 1474 676 1512 sermonis
707 1472 934 1512 formulam
965 1475 1010 1512 in
1042 1486 1109 1512 me
1141 1473 1397 1520 desiderant,
1431 1485 1565 1524 quum
1595 1473 1707 1511 inter
1738 1475 1903 1509 veteres

297 1527 522 1577 scriptores
558 1531 649 1566 tam
687 1527 823 1565 multa
859 1528 945 1567 sint
981 1527 1182 1578 phraseos
1219 1527 1499 1566 discrimina?
1554 1525 1665 1573 Quid
1702 1524 1904 1564 conuenit

1729 1362 1806 1402 Sat
1837 1365 1901 1400 est
1944 1376 1953 1379 -

297 1679 367 1712 and
394 1680 578 1712 concludes
607 1681 644 1721 (1.
677 1685 752 1722 129)
783 1682 1064 1715 ‘Annotauimus

298 1732 379 1756 vero
401 1723 477 1755 loca
499 1724 696 1766 deprauata
717 1736 761 1758 ex
785 1725 838 1758 his
859 1726 1063 1768 exemplari-

300 1766 374 1804 bus,
404 1777 495 1809 quae
524 1778 636 1810 nuper
664 1769 710 1801 ab
740 1769 887 1802 Erasmo
917 1769 1063 1802 Rotero-

298 1810 413 1848 dame,
463 1812 616 1844 maximo
665 1812 836 1845 bonarum
883 1813 1064 1846 literarum

298 1858 467 1887 assertore
495 1858 533 1887 et
561 1856 727 1898 principe,
752 1858 942 1900 recognita,
970 1862 1006 1890 et
1029 1858 1064 1889 in

299 1898 486 1930 Germania
522 1899 679 1932 Basileae
715 1901 866 1942 septimo
902 1901 948 1933 ab
985 1901 1065 1933 hinc

298 1952 390 1974 anno
425 1942 593 1984 impressa
629 1947 724 1976 suut.
785 1945 881 1984 Quae
918 1946 1064 1988 castiga-

299 1986 389 2018 tiora
418 1985 512 2018 inter
541 1990 679 2020 caetera
710 1987 868 2031 vulgata,
900 1992 942 2021 vt
971 1992 1066 2027 sunt,

299 2029 518 2062 credidimus.
576 2031 694 2073 Atque
725 2042 767 2064 ea
800 2036 943 2065 tantum
975 2043 1065 2074 quae

302 2072 497 2111 Erasmum‚
524 2074 586 2115 qui
612 2075 744 2116 primus
770 2075 927 2118 aliquam
952 2075 1064 2108 lucem

299 2117 334 2148 in
370 2116 538 2150 Senecam
574 2119 726 2159 aperuit,
763 2129 930 2161 spemque
967 2119 1068 2152 dedit

301 2169 399 2200 posse
434 2159 535 2192 illum
574 2162 761 2200 emendari,
802 2164 1067 2204 praeterierant,

299 2213 390 2244 quae
414 2213 521 2246 prope
544 2204 684 2237 infinita
707 2210 803 2244 sunt,
827 2207 945 2248 quoad
968 2207 1068 2239 licuit

300 2247 527 2280 restituimus.
582 2247 645 2280 Ille
675 2249 768 2281 enim
797 2250 993 2282 iandudum
1022 2251 1067 2282 ad

300 2290 480 2332 fastigium
497 2301 607 2333 vsque
623 2296 766 2325 euectae
782 2293 897 2326 famae
914 2304 1065 2331 securus,

299 2333 531 2376 negligentius
572 2335 654 2373 ista,
698 2340 740 2369 vt
780 2347 844 2369 sua
887 2338 1067 2369 curatione

301 2379 446 2416 minora,
470 2380 662 2412 tractauit:
700 2380 842 2422 alioqui,
867 2384 961 2414 certo
983 2381 1064 2419 scio,

300 2424 420 2454 nostro
438 2421 549 2455 labori
569 2423 799 2457 consuluisset
810 2423 830 2456 '.

344 2465 417 2497 The
446 2466 616 2507 placidity
645 2467 730 2500 with
758 2468 870 2500 which
899 2468 1066 2501 Erasmus

300 2509 415 2541 writes
452 2509 533 2542 here
568 2510 597 2542 is
633 2510 670 2542 in
706 2512 852 2554 keeping
891 2512 978 2544 with
1015 2512 1067 2545 his

300 2551 464 2594 frequent
492 2555 744 2595 protestations
776 2555 834 2594 (cf.
866 2555 956 2597 Epp.
993 2557 1066 2588 180.

306 2605 420 2637 12—15,
451 2598 522 2629 182.
551 2599 672 2638 57—60,
695 2599 772 2638 844.
802 2600 919 2640 15-16,
944 2608 1065 2641 272—7‚

299 2648 378 2679 900.
407 2641 487 2682 6-7)
518 2640 600 2673 that
629 2641 671 2673 he
701 2641 887 2675 welcomed
916 2642 1067 2684 friendly

302 2683 476 2716 criticism.
530 2684 610 2716 And
640 2685 776 2728 though
806 2686 859 2717 his
889 2686 1000 2718 words
1030 2687 1067 2718 in

301 2725 322 2757 l.
334 2735 388 2767 94,
403 2725 412 2739 ‘
422 2727 458 2759 ni
470 2727 582 2765 fallor,
597 2754 603 2760 .
618 2754 624 2760 .
639 2754 645 2761 .
656 2729 873 2770 improbabit
882 2729 903 2767 ’‚
916 2730 1066 2771 perhaps

301 2769 412 2811 imply
431 2770 512 2803 that
532 2771 574 2804 he
595 2771 665 2804 had
684 2776 749 2805 not
767 2783 806 2805 as
826 2777 888 2814 yet
905 2783 986 2805 seen
1007 2774 1066 2806 the

302 2812 404 2851 book,
423 2813 476 2846 his
492 2815 707 2857 subsequent
723 2817 858 2849 actions
875 2817 970 2849 show
987 2817 1068 2849 that

302 2856 354 2888 his
371 2857 497 2900 feeling
513 2869 583 2890 was
600 2858 708 2901 really
723 2860 960 2902 appreciative
976 2872 984 2898 ;
1013 2860 1069 2893 for

302 2904 365 2932 not
401 2900 484 2942 only
521 2901 581 2934 did
619 2902 661 2934 he
698 2904 811 2944 praise
850 2904 1067 2936 Fortunatus

302 2942 422 2984 highly
451 2945 488 2977 in
518 2945 579 2978 the
609 2946 747 2987 preface
778 2950 818 2979 to
848 2947 909 2980 the
939 2947 1066 2980 second

302 2986 435 3019 edition
469 2988 506 3020 01
540 2989 682 3028 Seneca,
718 2990 838 3023 March
878 3000 961 3032 1529
997 2992 1066 3030 (see

306 3029 368 3072 Ep.
395 3038 456 3070 325
483 3032 640 3072 introd.)‚
666 3034 732 3067 but
754 3044 842 3066 even
867 3034 989 3076 placed
1014 3035 1067 3067 his

304 3084 404 3105 name
423 3074 496 3105 sido
516 3075 562 3114 by
582 3076 653 3107 side
674 3077 758 3108 with
777 3078 828 3109 his
849 3089 925 3110 own
944 3090 988 3110 on
1008 3078 1066 3110 the

1132 1681 1326 1724 title-page.

1179 1725 1224 1757 Of
1241 1725 1458 1758 Fortunatus
1476 1726 1492 1757 Ι
1512 1726 1599 1758 have
1618 1730 1682 1758 not
1698 1726 1900 1759 discovered

1133 1768 1306 1811 anything
1353 1769 1499 1802 further.
1571 1770 1614 1802 In
1662 1769 1723 1802 the
1769 1770 1899 1804 Seneca

1135 1812 1183 1851 (ff.
1212 1813 1246 1840 *⁵
1259 1815 1310 1844 νο.
1338 1813 1409 1845 and
1431 1814 1489 1855 67)
1511 1813 1554 1846 he
1576 1814 1691 1847 writes
1711 1813 1747 1846 01
1771 1814 1898 1855 having

1134 1855 1273 1888 worked
1287 1860 1326 1889 at-
1340 1856 1443 1899 Pliny
1457 1857 1491 1889 H
1495 1857 1550 1889 .N.
1569 1869 1577 1894 3
1606 1857 1671 1890 but
1684 1857 1727 1890 he
1741 1856 1823 1890 does
1838 1861 1901 1890 not

1133 1910 1225 1932 seem
1244 1904 1283 1932 to
1302 1900 1392 1932 have
1410 1900 1595 1942 published
1613 1911 1659 1933 an
1677 1901 1820 1933 edition.

1177 1953 1231 1984 92.
1257 1943 1363 1977 aliam
1408 1944 1636 1984 aeditionem]
1690 1945 1763 1977 The
1817 1944 1899 1977 Nat.

1135 1987 1272 2026 Quaest.
1296 1998 1384 2020 were
1412 1988 1488 2020 first
1512 1988 1653 2030 printed
1678 1988 1715 2021 in
1741 1987 1902 2022 Seneca’s

1135 2031 1245 2072 Opera
1257 2030 1412 2070 moralia,
1425 2031 1563 2070 Venice,
1582 2041 1667 2073 1490
1681 2044 1689 2070 ;
1715 2031 1786 2064 and
1799 2032 1900 2074 again

1134 2075 1169 2105 in
1186 2074 1287 2107 other
1302 2075 1429 2107 Venice
1445 2075 1597 2108 editions
1616 2085 1711 2116 1492,
1730 2077 1836 2117 <1495
1852 2078 1899 2115 ?>,

1139 2128 1148 2149 1
1158 2127 1231 2159 503.
1258 2119 1357 2160 They
1369 2129 1455 2151 were
1468 2119 1541 2152 also
1553 2119 1694 2161 printed
1703 2119 1899 2161 separately

1134 2166 1173 2194 at
1196 2162 1336 2205 Leipzig
1360 2173 1388 2194 c.
1417 2172 1556 2204 1493-5.
1605 2163 1679 2195 But
1700 2162 1719 2194 I
1742 2163 1832 2195 have
1855 2173 1902 2194 no

1135 2205 1209 2238 clue
1250 2209 1288 2238 to
1327 2206 1422 2239 show
1463 2207 1576 2239 which
1615 2210 1695 2239 text
1733 2206 1900 2238 Erasmus

1134 2249 1312 2291 reprinted
1327 2250 1364 2282 in
1381 2250 1434 2283 his
1449 2250 1583 2282 edition
1600 2250 1637 2282 of
1656 2258 1750 2292 1515.

1178 2302 1232 2333 93.
1258 2293 1517 2332 Diuinationes]
1538 2294 1641 2327 Some
1665 2293 1702 2326 of
1725 2293 1823 2326 these
1844 2304 1901 2325 aro

1134 2336 1267 2377 quoted
1299 2337 1346 2378 by
1377 2337 1594 2370 Fortunatus
1623 2338 1661 2369 in
1692 2337 1745 2369 his
1776 2340 1901 2369 notes:

1134 2390 1198 2422 eg.
1215 2379 1249 2411 ff.
1268 2390 1321 2421 74,
1338 2384 1378 2422 78
1394 2384 1459 2418 v⁰.,
1473 2383 1527 2419 81,
1543 2391 1583 2419 92
1600 2384 1651 2412 v0.

1179 2424 1234 2463 96.
1259 2423 1400 2462 Plauto]
1432 2424 1500 2457 For
1529 2424 1706 2456 Erasmus‘
1735 2424 1832 2457 work
1856 2434 1903 2457 on

1136 2466 1282 2499 Plautus
1306 2471 1345 2500 at
1369 2467 1496 2500 Venice
1520 2478 1576 2500 see
1602 2468 1691 2509 Epp.
1720 2468 1794 2509 589.
1819 2477 1900 2507 4411,

1139 2511 1232 2550 1482.
1249 2520 1376 2552 5ο-54;
1395 2511 1465 2543 and
1475 2520 1499 2549 1,
1513 2521 1546 2553 p.
1563 2520 1612 2552 13.
1626 2512 1705 2551 4—6,
1717 2519 1765 2543 IV.
1782 2511 1898 2552 164-5.

1183 2563 1255 2586 100.
1281 2554 1469 2596 Cypriane]
1495 2555 1558 2588 See
1586 2555 1651 2597 Ep.
1682 2562 1792 2593 1000;
1831 2554 1901 2587 and

1135 2597 1178 2629 cf.
1195 2597 1260 2639 Ep.
1281 2600 1375 2639 1482.
1393 2600 1490 2640 35—6.

1183 2650 1256 2681 104.
1280 2640 1463 2681 Suetonio]
1478 2643 1541 2675 See
1556 2642 1621 2684 Ep.
1639 2643 1714 2683 586.

1225 2684 1366 2725 codicis]
1402 2686 1466 2719 See
1499 2686 1564 2728 Ep.
1601 2686 1675 2727 586.
1712 2686 1798 2726 56-9
1831 2685 1902 2717 and

1135 2739 1169 2761 n.

1183 2782 1256 2805 110.
1282 2773 1333 2805 De
1357 2774 1430 2805 stili
1454 2771 1619 2812 formula]
1644 2772 1784 2804 Roman
1809 2772 1900 2804 criti-

1136 2816 1221 2848 cism
1247 2816 1284 2848 01
1308 2816 1484 2849 Erasmus'
1512 2816 1667 2848 freedom
1693 2816 1730 2848 'm
1754 2814 1846 2857 style
1872 2815 1901 2847 is

1135 2860 1297 2892 reflected
1323 2860 1360 2892 in
1386 2860 1452 2902 Ep.
1481 2869 1557 2900 914.
1583 2860 1708 2900 46-70.
1758 2858 1795 2891 It
1819 2858 1898 2891 sub-

1135 2903 1321 2945 sequently
1342 2903 1468 2936 moved
1491 2904 1656 2936 Erasmus
1677 2906 1716 2935 to
1738 2912 1900 2944 compose

1135 2947 1195 2979 the
1230 2946 1497 2985 Ciceronianam
1544 2946 1657 2979 which
1689 2946 1718 2977 is
1753 2945 1902 2986 directly

1135 2991 1250 3023 aimed
1275 2994 1315 3023 at
1339 2991 1400 3023 the
1426 2991 1572 3023 Italians
1599 2989 1683 3029 (LB.
1710 2989 1732 3020 i.
1760 2997 1826 3029 974
1840 2992 1898 3028 Bc)

1135 3035 1205 3066 and
1220 3034 1320 3067 those
1334 3035 1415 3067 that
1427 3033 1588 3066 followed
1602 3032 1699 3065 them
1714 3033 1750 3065 in
1765 3032 1898 3065 bound-

1136 3078 1201 3108 less
1217 3077 1427 3109 admiration
1443 3077 1511 3108 and
1528 3077 1705 3108 imitation
1721 3076 1757 3106 01
1772 3075 1900 3108 Cicero.
