2012 3370
274 143 352 184 374
746 146 1002 185 LETTERS
1034 145 1105 186 OF
1136 145 1398 187 ERASMUS
1749 148 1872 198 [1523

190 270 251 303 215
272 255 404 296 habet
441 257 519 296 hoc
557 256 864 295 Germanorum
909 270 1045 307 neque
1089 255 1193 295 fides
1235 271 1372 308 neque
1415 258 1652 307 integritas,
1697 258 1771 297 sed
1817 272 1870 297 ne

272 311 512 350 Christiana
541 311 684 362 religio
713 311 899 362 quidem.

327 365 385 403 Et
415 365 467 403 de
499 365 695 404 Hutteno
726 378 896 417 quoque
926 378 1012 404 non
1043 366 1148 404 satis
1178 367 1320 405 mirari
1351 379 1523 417 possum
1554 365 1868 406 inclementiam

272 423 391 458 tuam
411 423 455 457 et
471 419 576 458 illud
594 432 693 458 vere
709 420 970 459 virulentum
988 424 1151 471 pectus,
1170 433 1256 472 quo
1273 420 1418 459 ferunt
1435 425 1479 460 te
1497 421 1555 459 sic
1573 433 1719 459 omnes
1738 421 1871 460 bonos

271 477 315 512 ct
334 473 468 512 claros
484 473 739 513 clanculario
759 474 856 513 odio
876 475 1071 526 persequi
1091 474 1336 514 Germanos.
1386 475 1497 514 Nam
1514 479 1564 513 vt
1582 475 1627 513 in
1641 479 1685 513 te
1700 488 1870 526 quoque

187 543 253 567 220
271 527 461 567 acerbior
498 527 628 567 fuerit
668 528 902 576 Huttenus,
944 529 1024 568 hoc
1063 533 1209 568 tamen
1248 531 1439 576 interest,
1481 529 1596 580 quod
1635 529 1705 568 ille
1744 530 1867 575 iuste,

271 582 436 629 merito,
467 583 534 633 pie
564 586 608 622 et
637 582 873 622 Christiane
902 584 1098 623 irascitur
1126 584 1234 623 tibi:
1281 588 1329 622 tu
1360 597 1568 635 peruerse,
1598 584 1797 623 iniuriose
1826 588 1870 623 et

270 636 532 676 mendaciter
564 637 847 677 calumniaris.
910 638 968 677 Et
1001 639 1075 689 qui
1108 638 1293 677 debebas
1326 638 1495 690 culpam
1529 651 1767 689 agnoscere,
1802 637 1869 676 vel

269 690 421 730 saltem
442 691 638 743 apologia
657 693 807 731 testari
828 705 914 731 non
934 692 1150 731 aduersari
1171 692 1404 743 Euangelio
1425 696 1481 739 te,
1505 692 1585 731 hoc
1606 693 1869 744 protestaris,

268 745 373 784 nihil
393 745 500 785 velle
520 759 710 798 vnquam
730 760 819 786 esse
840 748 1079 786 commercii
1098 747 1178 786 tibi
1199 760 1294 786 cum
1315 748 1365 785 iis
1385 748 1486 786 viris
1506 748 1579 798 qui
1600 747 1679 785 sub
1699 747 1869 786 nomine

185 815 247 847 225
268 798 445 839 Lutheri
471 800 751 852 Euangelium
779 801 1148 852 complectuntur:
1192 801 1302 840 forto
1330 805 1380 839 vt
1404 801 1601 852 impleres
1627 814 1867 840 mensuram

269 853 487 893 Pontificis
514 856 579 894 tui
607 857 674 894 cui
701 857 845 894 seruis.
901 856 1045 906 Atque
1072 855 1154 893 huc
1182 860 1350 906 spectat
1376 857 1506 894 etiam
1535 860 1579 894 ct
1604 855 1722 902 illud,
1752 855 1866 906 quod

267 909 305 947 ei
324 910 498 960 negocio
516 910 709 961 implicas
727 911 858 949 etiam
876 911 1137 956 innocentes,
1158 910 1292 948 veluti
1310 910 1429 948 illum
1449 923 1535 948 non
1553 914 1645 949 tam
1665 911 1868 961 sanguine

268 966 312 1002 ct
350 965 481 1002 caeris
520 977 649 1015 quam
689 965 819 1003 etiam
859 965 975 1003 vitae
1013 965 1273 1014 integritate,
1315 965 1503 1003 moribus
1542 969 1586 1003 et
1624 964 1867 1015 eloquentia

267 1017 545 1057 clarissimum
567 1018 830 1057 Henrichum
859 1018 914 1056 ab
944 1018 1220 1069 Eppendorff,
1243 1020 1431 1069 equitem
1453 1019 1770 1070 Germ<anum>,
1794 1019 1867 1070 qui

183 1087 250 1119 230
267 1074 469 1123 quoniam
494 1074 746 1111 coniunctus
769 1073 931 1111 homini
953 1072 1050 1119 fuit,
1075 1072 1254 1111 eandem
1277 1073 1447 1111 laudem
1472 1087 1524 1112 ex
1547 1077 1591 1112 te
1613 1074 1865 1124 reportauit,

266 1126 445 1165 similem
488 1127 749 1166 Erasmicam
791 1128 973 1178 gratiam
1016 1140 1102 1178 qua
1143 1127 1249 1166 soles
1290 1126 1534 1178 frequenter
1574 1128 1749 1166 laudare
1790 1131 1866 1166 aut

265 1181 470 1231 pessimos
495 1185 572 1220 aut
597 1181 822 1220 obscurare
847 1194 934 1220 non
958 1182 1039 1220 nisi
1065 1182 1262 1232 optimos.
1318 1181 1377 1221 Et
1400 1182 1469 1221 1116
1495 1195 1665 1234 quoque
1690 1182 1867 1221 haberet

265 1235 318 1273 de
337 1248 423 1286 quo
442 1240 586 1287 posset
604 1236 875 1287 expostulare
894 1239 938 1274 et
957 1237 1130 1275 crimine
1149 1236 1337 1287 quodam
1357 1249 1576 1288 aspergere
1594 1241 1651 1276 te.
1700 1236 1791 1288 Ego
1811 1236 1865 1275 ob

265 1302 359 1328 cam
380 1303 468 1329 rem
491 1290 608 1329 volui
629 1291 738 1330 clam
760 1303 804 1329 se
825 1294 869 1329 et
890 1303 976 1329 non
998 1303 1119 1329 suam
1141 1303 1335 1330 caussam
1357 1304 1492 1342 agere,
1515 1304 1568 1330 ne
1589 1291 1657 1330 vel
1678 1304 1775 1330 eum
1797 1290 1865 1330 vel

181 1359 243 1391 235
265 1356 510 1395 quenquam
530 1344 686 1384 faciam
707 1349 952 1396 suspectum
973 1345 1067 1392 tibi,
1090 1346 1164 1396 qui
1185 1358 1357 1396 operam
1379 1359 1499 1384 suam
1521 1345 1625 1385 mihi
1644 1345 1862 1384 locauerit.

320 1398 378 1437 Et
396 1403 447 1437 vt
464 1399 593 1438 semel
611 1399 739 1438 finem
757 1399 913 1438 faciam
932 1399 1149 1450 epistolae,
1170 1400 1274 1439 haec
1293 1413 1478 1451 eousque
1497 1413 1523 1438 a
1542 1413 1609 1439 me
1627 1400 1744 1439 dicta
1763 1401 1862 1446 sint,

265 1456 315 1491 vt
335 1453 515 1504 posthac
536 1457 613 1492 aut
633 1453 737 1492 alias
758 1458 836 1493 aut
856 1455 1084 1505 pient-iores
1105 1454 1311 1505 Spongias
1332 1455 1502 1493 scribas.
1552 1454 1664 1493 Nam
1687 1454 1789 1493 haec
1811 1467 1863 1492 ne

265 1508 529 1546 amicissimis
554 1521 724 1559 quoque
749 1508 924 1559 placuit,
951 1513 995 1547 et
1020 1508 1136 1559 quod
1161 1522 1187 1547 a
1211 1509 1468 1560 quibusdam
1494 1513 1641 1560 empta
1666 1509 1861 1547 certatim

263 1565 308 1600 et
325 1561 581 1613 desyderata
598 1567 676 1609 est,
696 1576 783 1602 non
800 1563 880 1601 hoc
899 1564 1041 1602 animo
1059 1567 1124 1602 est
1142 1567 1288 1614 empta
1306 1563 1422 1614 quod
1439 1567 1612 1602 tantum
1630 1563 1859 1602 arridebat

179 1631 247 1663 240
264 1615 338 1655 sed
377 1620 427 1655 vt
466 1616 662 1656 viderent
700 1617 915 1668 quomodo
954 1617 1112 1656 elueres
1150 1617 1266 1656 illam
1307 1631 1528 1668 nunquam
1567 1631 1620 1657 ne
1659 1604 1860 1669 plaustris

264 1670 436 1732 quidem
469 1671 751 1722 Spongiarum
783 1672 1028 1710 diluendam
1060 1673 1249 1710 inustam
1282 1672 1337 1710 ab
1370 1672 1567 1711 Hutteno
1598 1676 1747 1711 notam
1780 1672 1860 1711 tibi

263 1725 343 1763 nisi
378 1726 611 1776 resipiscas.
676 1726 788 1765 Nam
824 1725 988 1764 nullum
1025 1727 1105 1764 erit
1140 1726 1373 1765 remedium
1410 1726 1539 1773 aliud,
1576 1726 1694 1765 nulla
1728 1726 1860 1765 herba

262 1778 471 1818 fullonum
500 1793 610 1831 quae
637 1781 797 1831 poterit
825 1780 996 1819 mederi.
1054 1780 1112 1819 Vt
1139 1782 1359 1832 resipiscas
1387 1794 1501 1828 vero,
1531 1794 1605 1820 oro
1632 1785 1677 1821 te
1703 1782 1748 1820 in
1776 1782 1858 1820 vis·
1885 1814 1887 1816 .

263 1834 426 1872 ceribus
467 1834 594 1875 Ihesu
636 1835 804 1874 Christi.
875 1834 1003 1873 Refer
1043 1835 1207 1886 pedem,
1251 1839 1466 1875 memento
1508 1839 1701 1875 senectae
1742 1839 1856 1882 tuae,

178 1902 240 1935 245
262 1892 477 1927 memento
514 1890 751 1928 vocationis
789 1893 833 1928 et
869 1891 1031 1941 gratiae
1068 1890 1149 1928 tibi
1187 1890 1365 1929 collatae
1403 1903 1545 1929 coram
1582 1895 1674 1929 tam
1712 1890 1858 1929 multis

261 1942 471 1989 testibus,
517 1956 618 1982 nam
647 1943 879 1982 admodum
908 1948 1033 1995 turpe
1063 1948 1128 1983 est
1155 1945 1341 1996 acceptis
1369 1946 1516 1996 gratiis
1544 1944 1666 1984 abuti
1693 1945 1738 1983 in
1766 1957 1855 1995 per-

261 1997 413 2036 niciem
436 1997 649 2036 donantis.
701 1998 902 2037 Abuteris
926 2012 1026 2038 vero
1049 1998 1152 2037 dum
1174 2012 1261 2038 non
1283 2000 1388 2038 totis
1410 1999 1572 2038 viribus
1594 2012 1758 2050 pugnas
1781 2012 1858 2050 pro

262 2050 507 2102 Euangeho,
546 2052 648 2090 dum
684 2053 806 2091 iuuas
842 2056 886 2091 et
922 2053 1146 2092 confirmas
1181 2053 1458 2100 aduersarios,
1496 2053 1599 2092 dum
1635 2053 1857 2105 suspendis

261 2106 426 2144 animas
457 2106 689 2145 multorum
722 2120 832 2157 quae
864 2107 1135 2146 simulatione
1165 2108 1378 2147 adductae
1409 2112 1487 2147 tua
1516 2109 1688 2147 interim
1719 2120 1857 2159 neque

178 2174 243 2206 250
261 2159 441 2199 credunt
470 2173 607 2211 neque
638 2161 781 2199 saluae
811 2161 933 2200 fiunt.
994 2162 1158 2201 Poteris
1188 2162 1325 2202 multo
1356 2164 1557 2201 maiorem
1588 2162 1763 2214 gloriam
1794 2175 1854 2200 re-

261 2217 431 2264 portare
458 2215 555 2253 hinc
585 2216 635 2264 (si
661 2228 832 2266 prorsus
859 2217 916 2254 sic
944 2221 1055 2255 esset
1080 2216 1298 2256 decretum
1325 2217 1509 2268 gloriari)
1537 2230 1667 2268 quam
1695 2217 1749 2255 ab
1776 2216 1856 2255 hac

259 2268 368 2307 falsa
386 2272 431 2307 et
449 2269 650 2308 simulata
668 2271 857 2308 amicitia
875 2270 1095 2309 hominum
1116 2270 1449 2322 desperatorum,
1471 2273 1544 2322 qui
1563 2271 1716 2310 volunt
1735 2271 1857 2309 abuti

259 2322 503 2374 eloquentia
530 2328 620 2370 tua,
651 2328 700 2363 vt
727 2325 771 2363 in
800 2326 1033 2364 autoritate
1061 2329 1138 2364 tua
1165 2325 1409 2376 glorientur.
1466 2325 1691 2364 Praeterea
1719 2325 1855 2364 multo

259 2378 391 2416 etiam
411 2377 577 2429 dignior
596 2391 640 2417 es
660 2391 790 2429 quam
812 2380 884 2430 qui
904 2380 955 2418 iis
976 2379 1131 2418 debeas
1150 2381 1409 2430 patrocinari
1429 2392 1609 2430 quorum
1631 2379 1857 2430 desperata

176 2447 238 2479 255
260 2435 362 2471 sunt
381 2433 536 2471 omnia.

313 2485 402 2538 Age
423 2487 572 2534 solum,
595 2487 712 2526 nulla
730 2489 962 2539 ignominia
982 2492 1047 2527 est
1066 2489 1111 2527 in
1130 2501 1175 2527 re
1194 2489 1311 2539 turpi
1332 2489 1581 2539 obsequium
1603 2488 1852 2534 detrectare,

259 2540 423 2579 nullum
459 2541 641 2581 dedecus
675 2542 897 2594 profugere
933 2542 1000 2581 vel
1035 2542 1298 2581 dissimulare
1334 2543 1389 2581 ad
1423 2547 1607 2593 tempus,
1644 2543 1678 2581 si
1713 2542 1853 2581 denuo

259 2597 515 2647 pugnaueris
533 2609 541 2642 ;
578 2600 623 2635 et
641 2597 747 2636 adeo
766 2610 852 2636 non
871 2597 1153 2648 cogitabimus
1171 2597 1342 2636 hostilia
1359 2598 1404 2635 in
1423 2601 1479 2643 te,
1502 2601 1551 2636 vt
1569 2610 1655 2636 non
1674 2597 1855 2648 pudebit

258 2650 389 2688 etiam
406 2655 625 2690 recantare
642 2651 845 2702 quicquid
862 2664 1052 2713 vnquam
1070 2652 1340 2690 commissum
1357 2655 1423 2690 est
1438 2652 1483 2690 in
1499 2655 1542 2690 te
1560 2651 1628 2690 vel
1644 2651 1854 2690 hostiliter

175 2718 241 2744 200
260 2704 327 2742 vel
346 2705 560 2754 probrose.
611 2705 770 2752 Quodsi
790 2710 935 2744 autem
960 2707 1005 2745 in
1030 2707 1250 2757 proposito
1275 2707 1522 2757 perstiteiis,
1553 2705 1713 2744 malum
1739 2705 1852 2744 malo

260 2757 566 2808 adglomerans,
603 2773 656 2799 ne
692 2773 769 2799 nos
805 2773 975 2811 quoque
1011 2760 1269 2799 cessabimus
1303 2760 1532 2799 reclamare
1567 2764 1612 2799 et
1646 2760 1771 2798 reniti
1806 2760 1851 2798 in

259 2810 411 2851 faciem
432 2813 525 2860 tibi,
547 2814 652 2852 nihil
673 2815 797 2853 veriti
818 2828 955 2866 neque
975 2818 1097 2853 tuam
1118 2815 1404 2866 eloquentiam
1426 2828 1563 2866 neque
1584 2812 1851 2865 magnificam

305 3003 376 3035 215.
403 2995 502 3036 fides]
517 2996 567 3029 Of.
584 2997 651 3038 Ep.
671 3007 708 3030 12
711 3007 751 3039 25
757 3000 882 3039 ..36111
1133 3008 1206 3040 233.
1232 2998 1491 3042 aspergere]Cf.
1511 2999 1575 3041 Ep.
1598 3007 1690 3040 1437.
1710 3007 1763 3038 31.

303 3047 379 3078 229.
403 3009 639 3081 Eppendorff]
648 3041 698 3073 Of.
718 3017 780 3083 Ep.
803 3043 898 3083 1376.
919 3044 1018 3083 25-6
1132 3043 1206 3083 238.
1231 3042 1365 3085 empta]
1380 3041 1429 3074 Cf.
1446 3042 1511 3084 Ep.
1532 3050 1623 3083 1397.
1642 3050 1718 3083 3-4.
