2012 3370
233 124 286 163 82
708 120 963 160 LETTERS
994 120 1066 160 OF
1096 120 1360 160 ERASMUS
1709 120 1832 170 [1522
2008 0 2012 199 l

240 248 288 273 ac
318 233 591 272 illustrissimi
622 230 884 269 marchiones
923 229 1412 280 Brandemburgen<ses>
1440 229 1605 276 fratres,
1636 229 1838 269 Albertus

176 303 213 336 55
236 289 429 327 Prussiae
450 288 650 337 magister
671 289 715 323 et
736 283 952 335 Georgius,
976 284 1265 335 Bohaemique
1286 297 1477 335 proceres
1498 284 1596 323 duo.
1648 283 1714 323 Ibi
1736 297 1835 323 casu

236 344 376 382 nescio
396 354 481 392 quo
501 342 676 379 obortus
697 339 748 377 dc
769 339 926 377 Lutero
946 351 1095 385 sermo,
1117 351 1203 377 non
1222 339 1453 378 admodum
1473 343 1620 390 gratus
1639 340 1835 390 principi-

237 398 317 437 bus
343 397 458 435 meis.
514 395 566 433 Id
591 394 663 433 vbi
690 394 935 432 obseruaret
959 406 1012 432 ex
1038 392 1351 432 marchionibus
1376 393 1496 439 alter,
1524 397 1574 432 vt
1599 394 1837 444 principum
2001 400 2005 407 ⁴

238 452 416 490 Erasmo
441 450 551 500 regie
576 448 816 487 fauentium
841 448 1006 486 animos
1030 447 1193 494 leniret,
1221 447 1376 486 adiecit
1400 448 1607 499 principio
1633 447 1838 486 Luterum

238 506 381 544 omnia
405 517 458 542 ex
485 503 663 541 Erasmo
688 502 890 548 hausisse,
918 505 963 540 et
986 501 1118 552 probe
1142 502 1253 540 inter
1278 514 1366 540 sese
1393 502 1629 541 conuenire.
1685 501 1737 540 Id
1762 514 1840 553 ego

176 566 220 596 60
238 561 418 610 ingenue
435 557 603 596 audisse
622 569 688 595 me
706 555 878 607 quidem
896 568 922 594 a
940 555 1086 595 multis
1102 557 1233 594 etiam
1249 568 1336 595 non
1352 556 1561 608 negabam
1582 569 1590 602 ;
1625 560 1839 594 caeterum

238 613 361 664 longe
383 625 426 651 se
448 624 537 650 rem
560 612 684 650 aliter
706 610 861 649 habere
883 623 969 648 non
991 611 1137 661 paucis
1159 612 1419 661 argumentis
1442 610 1621 656 ostendi,
1646 622 1840 661 praesen-

239 668 406 707 tissimo
423 669 568 705 autem
586 679 636 704 eo
654 665 770 716 quod
786 678 839 704 ex
856 665 942 704 tuis
959 665 1014 703 ad
1032 677 1098 703 me
1115 664 1247 704 literis
1263 677 1406 704 recens
1423 669 1526 703 tunc
1545 664 1648 703 mihi
1664 663 1842 703 redditis
2004 697 2012 716 ι

239 720 519 773 proferebam.
574 719 823 758 Tuebantur
848 719 1120 758 nihilominus
1146 720 1326 770 priorem
1352 719 1543 758 nonnulli
1570 719 1840 758 sententiam.
2004 726 2012 779 g

241 776 350 816 Iussi
368 777 530 814 interea
547 774 691 813 literas
710 778 808 812 tuas
826 773 979 812 afferri.
1026 773 1190 812 Allatas
1209 775 1393 825 primum
1413 774 1576 825 Regina
1594 774 1843 824 praeripuit,
2006 794 2012 851 Ι

179 839 219 877 65
240 829 531 882 agnoscendae
562 841 713 867 manus
744 827 884 874 auida,
918 841 1018 866 mox
1048 832 1093 866 et
1123 827 1216 867 Rex
1246 829 1364 879 ipse3
1411 828 1520 866 hanc
1551 832 1697 867 tamen
1728 828 1845 878 prius

242 888 500 936 cognouerat
513 896 565 922 ex
577 884 628 922 iis
641 896 748 934 quas
761 882 816 921 ad
829 895 895 921 me
910 882 1049 921 adhuc
1064 882 1247 921 Romam
1260 882 1359 921 olim
1374 882 1483 921 Sena
1496 882 1685 921 dederas.
1716 881 1845 921 Volat
2006 854 2012 944 l

242 938 395 978 deinde
419 937 599 989 epistola
623 950 698 988 per
723 938 912 976 omnium
938 949 1102 983 manus,
1129 936 1179 975 fit
1203 936 1431 983 silentium,
1458 936 1624 988 legitur,
1650 936 1846 975 lentescit
2007 945 2012 973 ι

243 993 428 1045 vulgaris
462 993 617 1043 opinio.
681 991 762 1030 Hic
796 992 1000 1042 euestigio
1033 993 1106 1041 qui
1140 991 1329 1037 stabant,
1366 990 1512 1029 stabat
1545 995 1690 1029 autem
1724 990 1846 1029 aulae

244 1060 412 1094 corona,
436 1046 628 1097 pedibus,
654 1047 727 1096 qui
749 1047 852 1084 item
876 1045 1094 1091 sedebant,
1120 1045 1316 1083 manibus
1338 1045 1382 1083 in
1404 1057 1543 1083 meam
1566 1057 1712 1083 omnes
1733 1045 1847 1083 iuere

182 1116 226 1149 70
243 1102 515 1141 sententiam.
568 1100 753 1139 Videbar
775 1100 842 1138 hic
866 1099 968 1137 mihi
992 1112 1204 1145 coronam,
1229 1100 1263 1137 si
1286 1112 1371 1138 non
1394 1098 1710 1150 triumphalem,
1735 1102 1847 1138 certe

245 1157 423 1196 ciuicam
443 1155 606 1205 optimo
625 1155 714 1192 iure
733 1154 947 1200 meruisse,
969 1157 1018 1192 vt
1037 1154 1110 1204 qui
1130 1153 1277 1192 eodem
1297 1157 1488 1204 tempore
1507 1158 1551 1192 et
1569 1153 1847 1192 clarissimum

245 1212 383 1250 ciuem
400 1208 452 1248 de
468 1208 730 1260 rep<ublica>
746 1209 906 1259 optime
924 1208 1123 1247 meritum
1140 1220 1386 1254 seruassem,
1401 1212 1445 1246 et
1457 1212 1548 1246 tam
1561 1207 1849 1259 praefractum

246 1265 413 1304 hostem
442 1264 528 1302 iam
557 1275 644 1302 non
673 1275 806 1301 vnum
836 1261 1179 1314 strangulassem‚
1210 1275 1347 1313 neque
1375 1266 1523 1301 tamen
1551 1261 1698 1301 relicto
1727 1263 1770 1301 in
1800 1274 1849 1300 ea

247 1331 391 1371 pugna
412 1317 519 1357 loco.

187 1388 226 1421 75
303 1372 386 1412 Sed
407 1372 510 1410 haec
533 1370 667 1410 fusius
689 1370 799 1410 forte
822 1384 951 1422 quam
975 1371 1178 1422 oportuit,
1202 1372 1247 1409 in
1275 1384 1319 1409 re
1348 1371 1597 1421 praesertim
1623 1371 1851 1422 plusquam

248 1427 355 1466 seria
371 1440 379 1474 3
409 1439 495 1465 non
513 1426 625 1464 enim
644 1438 729 1464 non
748 1425 872 1464 video
892 1438 1021 1476 quam
1040 1425 1143 1464 nihil
1163 1426 1335 1464 omnino
1353 1425 1562 1464 ludicrum
1580 1426 1785 1476 patiatur,
1804 1428 1853 1463 vt
1890 1426 1893 1429 “

249 1494 360 1533 quae
392 1481 689 1532 grauissimum
723 1481 768 1518 in
801 1481 995 1531 proximo
1029 1480 1214 1518 minetur
1247 1480 1425 1518 exitum.
1489 1480 1547 1518 Et
1580 1479 1853 1518 vehementer

249 1535 441 1587 profecto
464 1547 610 1573 vereor
632 1547 684 1573 ne
707 1547 798 1573 sera
820 1535 999 1572 nimium
1020 1533 1167 1572 futura
1190 1535 1246 1572 sit
1267 1535 1444 1584 quaeuis
1466 1534 1736 1581 consultatio,
1761 1534 1853 1584 ipso

250 1591 381 1629 etiam
413 1588 571 1628 Lutero
603 1588 878 1639 palynodiam
910 1589 995 1627 iam
1027 1601 1139 1626 nunc
1173 1592 1346 1626 cantare
1377 1588 1618 1639 incipiente.
1680 1587 1851 1633 Errant,

190 1651 233 1682 80
251 1648 396 1683 errant
412 1655 666 1694 magnopere
684 1656 777 1681 mea
795 1642 967 1693 quidem
985 1643 1197 1681 sententia
1214 1655 1359 1681 omnes
1376 1643 1450 1693 qui
1466 1643 1591 1681 huius
1609 1642 1709 1681 mali
1726 1641 1853 1680 finem

250 1700 313 1738 ita
348 1697 699 1737 circumscribunt
732 1701 794 1743 vt,
831 1701 1061 1748 postquam
1094 1698 1139 1735 in
1173 1709 1291 1736 sacra
1325 1701 1369 1735 et
1403 1697 1559 1735 clerum
1593 1696 1855 1748 populariter

251 1753 464 1792 saeuitum
500 1750 642 1798 fuerit,
682 1751 870 1802 profanis
907 1752 1102 1803 protinus
1139 1751 1418 1790 abstineatur.
1485 1751 1627 1802 Longe
1663 1750 1856 1802 profecto

252 1807 375 1846 aliter
389 1806 494 1845 haec
509 1805 634 1844 cadet
648 1806 752 1852 alea,
769 1818 921 1856 nempe
936 1810 986 1844 vt
1000 1805 1128 1844 semel
1142 1810 1330 1844 armatas
1345 1806 1424 1844 hoc
1438 1805 1614 1844 tandem
1628 1809 1856 1856 praetextu

254 1873 406 1900 manus
430 1862 474 1899 in
498 1861 688 1899 omnium
713 1859 973 1911 dignitatum
998 1864 1042 1899 et
1066 1861 1407 1911 magistratuum,
1433 1860 1624 1911 adeoque
1648 1860 1778 1899 etiam
1806 1860 1856 1909 (si

195 1923 234 1963 85
255 1915 334 1955 diis
363 1915 521 1967 placet)
550 1915 594 1953 in
622 1915 862 1966 principum
891 1927 939 1953 ac
968 1927 1128 1966 regum,
1158 1914 1323 1965 iugulos
1351 1918 1396 1953 et
1424 1915 1605 1953 ceruices
1635 1914 1783 1965 stringi
1813 1918 1856 1952 et

259 2052 508 2085 Maximilian's
554 2052 683 2083 service
728 2053 764 2083 in
813 2052 890 2083 Oct.
943 2061 1022 2093 1505

261 2096 400 2136 (Henne
425 2096 447 2127 i.
477 2095 546 2136 78),
573 2094 644 2126 and
670 2105 740 2126 was
767 2095 951 2136 employed
978 2095 1025 2137 by

260 2140 334 2171 him
358 2149 396 2170 as
419 2138 590 2170 Resident
613 2141 653 2169 at
676 2138 735 2169 the
761 2138 894 2170 French
918 2138 1027 2170 Court

261 2183 315 2215 for
344 2192 451 2223 many
480 2191 590 2223 years.
645 2181 688 2213 In
717 2180 837 2213 March
870 2183 953 2222 1516
984 2181 1025 2213 he

262 2236 332 2258 was
376 2224 588 2257 transferred
632 2227 670 2256 to
714 2224 774 2256 the
818 2226 947 2256 service
992 2224 1027 2257 of

1096 2060 1179 2093 1527
1197 2051 1385 2083 succeeded
1403 2051 1456 2083 his
1474 2052 1628 2089 brother,
1646 2051 1803 2090 Casimir,
1821 2052 1858 2084 in

1093 2095 1153 2126 the
1180 2098 1410 2136 margravate.
1460 2095 1583 2128 Albert
1608 2095 1678 2127 had
1703 2095 1857 2138 recently

1093 2139 1180 2171 been
1198 2141 1238 2170 at
1255 2149 1326 2170 war
1343 2138 1430 2170 with
1447 2138 1501 2170 his
1519 2138 1685 2171 mother’s
1703 2139 1857 2178 brother,

1093 2182 1292 2222 Sigismund
1321 2190 1335 2213 1
1364 2182 1400 2214 of
1429 2181 1576 2220 Poland,
1605 2186 1643 2214 to
1671 2182 1786 2215 whom
1815 2183 1857 2215 he

1094 2225 1230 2257 refused
1261 2224 1471 2266 allegiance3
1516 2225 1582 2257 but
1613 2225 1766 2267 through
1798 2226 1857 2258 the

262 2269 437 2311 Margaret
453 2268 489 2300 of
504 2268 647 2300 Austria
661 2280 670 2305 ;
699 2268 771 2300 and
785 2268 822 2299 in
839 2268 920 2300 Feb.
943 2277 1026 2309 1519

263 2323 333 2345 was
359 2315 438 2344 sent
463 2322 501 2344 as
526 2310 754 2343 ambassador
779 2315 818 2343 to
844 2311 1026 2353 Hungary‚

264 2357 375 2388 where
389 2357 425 2387 in
444 2363 522 2396 1521
541 2355 584 2387 he
598 2364 668 2386 was
683 2354 847 2396 specially
861 2355 1028 2386 attached

265 2404 302 2432 to
319 2400 413 2441 King
429 2399 543 2431 Louis.
583 2397 646 2431 See
662 2398 709 2430 Le
726 2398 815 2439 Glay
830 2399 854 2437 i,
869 2408 928 2439 pp.
947 2399 1029 2430 xvi—

266 2444 361 2475 xviii.
405 2442 505 2474 After
525 2442 640 2474 Louis'
662 2441 769 2473 death
790 2442 832 2473 he
853 2442 1029 2473 remained

265 2488 301 2518 in
326 2485 553 2517 Ferdinand’s
576 2485 717 2523 service,
742 2495 780 2516 as
804 2485 1030 2517 ambassador

266 2534 305 2561 at
321 2529 457 2566 Rome;
488 2538 543 2560 see
561 2528 697 2560 Brewer
714 2528 784 2560 and
803 2528 1028 2570 Bergenroth.

268 2573 322 2604 He
340 2571 512 2614 probably
529 2571 610 2604 died
626 2581 655 2604 6.
679 2581 691 2603 1
715 2571 810 2613 Sept.
832 2580 913 2613 1532
935 2572 1031 2613 (Ber-

268 2615 416 2658 genroth
432 2617 477 2647 iv.
497 2615 532 2647 ii.
552 2616 642 2655 991).

316 2668 368 2699 54.
394 2657 770 2699 Brandemburgenses]
791 2659 874 2690 Two
896 2669 976 2691 sons
999 2659 1036 2690 of

270 2702 441 2740 Frederic,
477 2712 657 2744 margrave
695 2702 729 2733 of
766 2702 1032 2743 Brandenburg-

270 2745 434 2777 Ansbach
484 2746 518 2786 (†
533 2756 556 2786 4
597 2744 696 2786 April
750 2746 861 2786 1536),
910 2745 1034 2778 Albert

271 2789 328 2827 (16
340 2788 422 2828 May
439 2797 613 2829 1490—20
625 2787 745 2820 March
760 2790 871 2829 1568),
888 2788 948 2820 the
965 2788 1035 2820 last

271 2831 391 2864 Grand
408 2831 538 2863 Master
555 2832 591 2864 of
607 2831 668 2864 the
684 2831 853 2863 Teutonic
873 2831 982 2864 Order
997 2833 1033 2864 in

272 2874 425 2912 Prussia,
454 2876 615 2915 1511*26,
642 2875 741 2907 when
769 2875 811 2906 he
838 2875 1035 2907 renouneed

273 2918 325 2949 his
352 2917 488 2954 orders,
514 2918 675 2956 married,
699 2918 769 2949 and
793 2918 935 2950 became
960 2918 1036 2950 first

275 2960 375 2993 Duke
390 2960 426 2992 of
441 2960 578 2991 Prussia
593 2973 601 2997 3
629 2961 699 2993 and
714 2961 845 3002 George
860 2962 920 2993 the
935 2962 1034 3002 pious

272 3008 308 3045 (4
333 3003 452 3035 March
479 3006 652 3045 1484-——27
668 3005 749 3036 Dec.
771 3007 882 3045 1543),
897 3004 975 3037 who
998 3005 1034 3036 in

1095 2267 1259 2310 Imperial
1285 2268 1356 2300 and
1383 2268 1588 2309 Hungarian
1616 2269 1858 2301 ambassadors

1094 2322 1115 2343 a
1140 2315 1237 2343 truce
1262 2311 1317 2343 for
1340 2311 1420 2343 four
1444 2322 1543 2352 years
1570 2312 1639 2343 had
1665 2313 1752 2344 been
1778 2323 1857 2344 con-

1094 2355 1219 2387 cluded
1236 2356 1273 2387 in
1295 2363 1387 2395 1521.
1432 2355 1496 2387 His
1513 2355 1693 2397 itinerary,
1712 2356 1804 2388 cited
1822 2357 1858 2388 in

1096 2399 1167 2430 EE.
1204 2409 1237 2440 p.
1271 2407 1349 2439 405,
1383 2398 1495 2430 shows
1529 2398 1610 2430 that
1642 2399 1684 2431 he
1717 2409 1788 2431 was
1820 2404 1860 2431 at

1095 2442 1228 2483 Prague
1242 2451 1261 2483 7
1272 2441 1434 2483 May—p.
1449 2451 1491 2482 30
1503 2442 1527 2474 J
1528 2442 1589 2484 uly
1602 2451 1695 2483 1522.
1728 2442 1860 2484 George

1096 2485 1166 2517 had
1181 2485 1268 2517 been
1282 2488 1322 2517 at
1336 2485 1395 2516 the
1410 2485 1518 2517 Court
1533 2486 1567 2517 of
1583 2485 1753 2528 Hungary
1767 2487 1860 2518 since

1100 2530 1195 2570 1506,
1238 2529 1332 2569 King
1372 2528 1529 2560 Ladislas
1570 2529 1672 2571 being
1713 2529 1860 2561 another

1097 2572 1240 2605 brother
1258 2572 1294 2604 of
1311 2572 1364 2603 his
1382 2571 1542 2611 mother;
1573 2572 1644 2604 and
1661 2573 1754 2604 since
1776 2575 1859 2613 1516

1097 2615 1169 2648 had
1191 2615 1262 2647 had
1283 2615 1411 2657 special
1433 2625 1510 2647 care
1534 2616 1569 2647 of
1591 2616 1651 2648 the
1673 2615 1860 2648 education

1099 2660 1134 2691 of
1167 2659 1261 2700 King
1292 2659 1406 2691 Louis.
1463 2659 1557 2690 Both
1589 2659 1747 2691 brothers
1780 2659 1859 2691 ulti-

1100 2702 1231 2744 mately
1278 2703 1419 2734 became
1467 2706 1668 2744 supporters
1717 2702 1752 2734 of
1800 2702 1860 2734 the

1098 2745 1276 2778 Lutheran
1294 2755 1404 2777 cause.
1447 2745 1509 2778 See
1527 2745 1634 2778 ADB.
1652 2746 1674 2778 i.
1694 2755 1859 2786 293—310,

1099 2790 1170 2821 viii.
1189 2791 1331 2829 611-14.

1147 2834 1200 2866 62.
1226 2833 1351 2872 literis]
1368 2833 1439 2864 Not
1455 2836 1591 2864 extant.

1144 2876 1199 2907 66.
1225 2874 1329 2914 Sena]
1347 2876 1459 2908 where
1476 2876 1640 2907 Erasmus
1659 2885 1728 2906 was
1745 2876 1782 2907 in
1802 2875 1861 2907 the

1097 2920 1215 2960 spring
1240 2919 1276 2951 of
1302 2928 1408 2960 1509;
1444 2918 1488 2950 ef.
1514 2919 1603 2959 Epp.
1629 2919 1694 2950 216
1716 2919 1859 2957 introd.‚

1103 2964 1196 2994 1206.
1210 2972 1331 3002 24—27‚
1346 2965 1438 2994 1662.
1470 2961 1542 2992 The
1555 2961 1658 2993 letter
1668 2962 1696 2993 is
1709 2961 1857 3003 perhaps

1102 3005 1181 3037 that
1198 3005 1372 3037 answered
1389 3004 1436 3044 by
1454 3005 1518 3046 Ep.
1536 3006 1611 3036 216.
