2012 3370
133 117 254 167 1342]
593 116 666 155 TO
702 114 931 156 MARCUS
963 115 1258 156 LAURINUS
1641 116 1720 155 223

128 230 300 266 tantum
327 226 518 273 dixerim,
540 230 589 265 vt
608 225 875 276 perspicuum
901 225 956 263 sit
982 238 1112 275 quam
1139 238 1215 264 nec
1242 224 1510 264 Lutherianis
1537 224 1724 263 dederim
1743 233 1809 264 810

128 281 390 320 occasionem
409 293 519 332 quur
534 280 579 318 in
597 292 665 318 me
683 279 834 318 merito
853 279 1059 318 saeuiant.
1106 279 1204 318 Non
1222 279 1337 330 quod
1354 279 1448 318 11108
1466 283 1670 325 metuam,
1690 279 1726 318 si

129 348 205 373 suo
229 335 335 374 vitio
359 335 549 374 ferantur
571 335 615 372 in
639 346 706 372 me
729 334 872 384 potius
896 346 1025 384 quam
1050 346 1144 372 mea
1168 333 1292 384 culpa
1312 347 1320 380 ;
1361 333 1435 372 sed
1457 333 1574 384 quod
1597 333 1724 372 velim

130 389 392 440 aequitatem
421 401 559 427 meam
589 387 784 426 omnibus
815 400 902 426 esse
931 387 1171 438 probatam.
1229 388 1341 426 Nam
1371 387 1599 439 prouolant
1628 387 1725 426 hinc

130 447 259 494 atque
279 443 375 482 hinc
395 443 558 493 aliquot
576 442 790 492 epistolae,
813 455 887 480 0011
908 441 1068 488 velites,
1089 442 1228 480 nescio
1248 442 1352 492 quid
1371 442 1617 480 minitantes
1638 455 1646 488 ;
1682 445 1727 480 et

129 499 240 536 inter
254 497 330 536 has
345 510 431 535 vna
444 509 529 534 non
543 508 694 547 parum
710 496 873 546 spirans
888 496 1052 541 veneni,
1069 496 1199 534 etiam
1215 500 1314 534 ante
1330 501 1544 535 consertas
1558 508 1724 534 manus,
1744 503 1805 544 815

184 551 267 591 Sed
300 551 367 590 hic
400 550 497 589 volo
530 563 696 588 rursum
730 554 781 588 vt
814 550 927 588 adsit
960 550 1063 588 mihi
1097 549 1365 588 Lutheranus
1397 550 1480 597 ille,
1515 563 1642 601 quem
1676 553 1726 588 vt

131 606 372 656 aequiorem
401 604 534 655 delegi
562 604 744 643 iudicem
773 603 898 642 huius
928 616 1092 642 causae.
1151 603 1407 655 Indignandi
1445 617 1596 643 causae
1626 608 1726 643 sunt

130 659 384 698 huiusmodi.
436 658 620 698 Videbar
641 659 685 696 in
709 658 896 709 epistolis
919 657 1073 696 alicubi
1096 658 1236 696 nescio
1259 658 1363 708 quid
1386 662 1600 697 ostentare
1623 659 1726 709 spei,

130 714 165 752 si
188 713 344 760 liceret,
370 716 414 752 et
437 713 472 751 si
496 712 668 751 daretur
691 713 843 758 ocium,
870 724 937 750 me
960 724 1047 750 non
1071 711 1317 750 defuturum
1342 712 1645 763 tranquillitati
1669 712 1729 751 rei

132 767 393 807 Christianae
431 771 474 806 et
512 767 712 818 dignitati
743 766 853 805 sedis
884 765 1166 817 Apostolicae.
1229 765 1340 813 Quid
1372 767 1475 805 haec
1507 767 1727 817 promissio
1746 775 1813 806 820

131 821 235 860 facit
262 821 463 860 aduersus
492 820 763 860 Lutherum?
821 820 904 860 Sed
931 819 1095 871 fingant
1123 833 1190 859 me
1218 820 1430 871 scripsisse
1458 821 1597 859 nescio
1625 820 1730 871 quid

131 875 333 914 aduersus
351 874 642 926 illum—quod
661 874 800 913 adhuc
819 887 920 913 sane
940 887 1088 913 verum
1108 887 1194 913 non
1217 879 1294 921 est,
1319 887 1452 925 quum
1475 879 1594 913 totus
1617 874 1730 913 orbis

131 929 243 969 vltro
264 933 391 968 acuat
411 929 555 968 stilum
575 930 619 968 in
638 929 757 968 illum
777 942 785 975 3
822 941 933 980 quur
952 929 1026 967 vni
1045 928 1149 967 mihi
1168 928 1454 980 indignentur,
1476 930 1510 967 si
1531 942 1597 967 me
1618 941 1729 967 com-

133 996 340 1030 moueam,
358 984 495 1022 iussus
513 984 567 1022 ab
585 984 649 1022 his
662 983 816 1035 quibus
830 983 905 1022 vix
922 986 1067 1022 tutum
1085 987 1150 1022 est
1166 996 1253 1022 non
1269 983 1446 1034 obsequi
1466 986 1482 1022 ‘3
1527 982 1610 1023 Sed
1626 982 1732 1021 illud

134 1038 237 1077 mihi
256 1038 471 1084 concedet,
489 1038 649 1089 opinor,
664 1037 793 1077 iudex
812 1050 944 1084 meus,
958 1037 1193 1076 Lutherum
1213 1050 1300 1076 non
1319 1050 1407 1076 esse
1426 1042 1517 1076 tam
1537 1050 1731 1088 peruerse
1750 1045 1811 1086 825

132 1093 326 1143 iniquum
338 1096 400 1139 vt,
415 1105 547 1143 quum
559 1092 649 1143 ipse
661 1092 741 1131 sibi
754 1092 978 1154 permittat
990 1104 1076 1130 non
1089 1091 1225 1130 solum
1240 1092 1294 1130 ab
1309 1092 1506 1131 omnibus
1520 1091 1732 1131 Ecclesiae

133 1146 377 1185 doctoribus
393 1146 626 1193 dissentioe,
643 1159 791 1185 verum
807 1146 937 1185 etiam
953 1159 979 1185 a
994 1146 1264 1185 conciliorum
1280 1146 1472 1192 decretis,
1488 1145 1733 1208 indignetur

133 1201 168 1240 si
193 1201 288 1252 quis
313 1200 467 1239 alicubi
493 1201 547 1239 ab
572 1201 664 1252 ipso
689 1200 941 1247 dissentiat;
983 1212 1112 1251 seque
1135 1199 1296 1239 laesum
1322 1200 1550 1247 existimet,
1577 1201 1612 1238 si
1637 1200 1732 1251 quis

134 1269 160 1294 a
188 1255 384 1294 conuitiis
411 1259 666 1306 temperans,
696 1267 910 1294 sacrarum
933 1231 1156 1293 literarum
1183 1255 1452 1301 testimoniis,
1481 1232 1635 1306 quibus
1663 1254 1732 1293 1110

133 1309 286 1348 tribuit
300 1309 542 1360 plurimum,
560 1322 609 1348 ac
625 1308 767 1348 solidis
782 1308 1018 1348 rationibus
1033 1308 1222 1360 inquirat
1237 1309 1476 1348 veritatem.
1520 1309 1633 1347 Nam
1649 1308 1731 1347 huc
1751 1318 1817 1357 830

132 1364 222 1414 ipse
246 1367 452 1414 prouocat
477 1375 651 1402 omnes:
691 1376 768 1402 nec
793 1362 875 1401 alio
900 1366 1107 1414 prouocat
1132 1363 1352 1401 Romanus
1377 1362 1576 1401 Pontifex
1602 1375 1732 1413 quam

134 1421 184 1456 vt
222 1416 432 1456 Lutherus
471 1417 614 1455 solidis
652 1417 889 1456 rationibus
928 1430 976 1456 ac
1015 1429 1158 1456 sacrae
1197 1416 1439 1468 Scripturae
1478 1416 1733 1456 testimoniis

134 1475 400 1522 coarguatur.
453 1470 634 1510 Proinde
658 1484 744 1510 non
769 1475 861 1510 erat
883 1484 1067 1522 aequum
1085 1471 1286 1518 minitari,
1311 1472 1427 1522 prius
1451 1484 1581 1522 quam
1604 1470 1731 1510 Vidis-

133 1529 229 1565 sent
249 1538 334 1576 qua
354 1526 518 1564 ratione
539 1538 708 1577 quaque
730 1525 1019 1564 moderatione
1040 1525 1310 1577 scripsissem.

189 1579 373 1619 Iritabat
392 1584 537 1619 autem
557 1580 715 1619 multos
732 1579 910 1619 ridicula
928 1580 1120 1631 suspitio,
1137 1593 1246 1631 quae
1266 1583 1533 1631 persuaserat
1545 1579 1733 1619 libellum
1752 1590 1814 1631 835

135 1647 262 1685 quem
296 1634 390 1673 Rex
424 1634 656 1686 Anglorum
690 1635 915 1685 scripserat
948 1634 1151 1673 aduersus
1184 1634 1433 1682 Lutherum,
1469 1647 1563 1674 meo
1597 1634 1734 1673 Marte

136 1689 419 1739 compositum
452 1701 568 1735 esse;
619 1692 833 1728 caeterum
865 1689 1041 1728 titulum
1075 1689 1203 1740 Regis
1236 1688 1446 1736 additum,
1481 1702 1566 1740 quo
1600 1689 1734 1740 magis

136 1747 385 1794 grauaretur
412 1742 636 1782 Lutherus.
667 1742 754 1792 &Et
787 1743 866 1782 hac
900 1743 952 1782 de
976 1756 1020 1782 re
1045 1747 1135 1782 tam
1162 1743 1308 1788 stulta,
1328 1743 1571 1782 scribebant
1591 1742 1646 1782 ad
1666 1756 1734 1782 me

135 1797 241 1836 serio
262 1798 405 1849 magni
422 1798 632 1849 principes
652 1801 696 1836 et
715 1798 840 1836 amici
859 1797 989 1844 docti,
1010 1801 1210 1836 conantes
1235 1798 1442 1848 expiscari
1464 1798 1553 1837 veri
1575 1796 1733 1848 profes-

135 1852 309 1890 sionem.
369 1851 492 1899 Quod
521 1852 556 1890 si
585 1852 756 1891 vicisset
785 1851 1036 1890 stultissima
1065 1852 1260 1902 suspicio,
1292 1851 1490 1891 videlicet
1518 1852 1563 1890 in
1592 1864 1734 1890 meum
1754 1862 1821 1901 840

135 1910 267 1957 caput
301 1905 451 1944 iisdem
488 1906 700 1957 leporibus
737 1905 906 1944 lusisset
943 1905 1154 1944 Lutherus
1198 1906 1353 1956 quibus
1395 1919 1508 1945 nunc
1544 1905 1656 1944 ludit
1691 1906 1736 1944 in

136 1960 308 2011 Regem.
357 1960 416 1999 At
435 1973 510 2011 ego
529 1961 699 1999 interim
720 1961 840 1998 annis
860 1960 1024 2011 aliquot
1042 1973 1129 1998 non
1147 1960 1337 1999 videram
1358 1960 1626 1999 Britanniam
1647 1974 1655 2006 ;
1693 1964 1736 1999 et

136 2027 269 2065 quum
297 2014 446 2053 Caletii
473 2014 702 2053 salutarem
730 2014 889 2065 Regem
915 2015 1147 2053 innumeris
1173 2015 1319 2053 aulicis
1346 2014 1653 2066 praesentibus,
1681 2027 1734 2053 ne

137 2068 406 2119 cogitabatur
426 2068 598 2119 quidem
619 2068 671 2107 de
691 2068 911 2108 scribendo
931 2068 1135 2108 aduersus
1154 2068 1403 2116 Lutherum,
1425 2069 1499 2108 sed
1518 2069 1662 2120 potius
1682 2068 1734 2107 de

137 2122 429 2173 componendo
446 2122 631 2162 dissidio.
676 2122 878 2162 Nondum
894 2124 1007 2162 enim
1022 2124 1184 2162 exierat
1200 2123 1440 2175 Captiuitas
1456 2123 1733 2175 Babylonica.
1755 2135 1816 2175 845

137 2177 268 2216 Porro
286 2176 473 2216 libellum
500 2190 585 2216 non
612 2178 728 2229 prius
745 2178 895 2217 resciui
913 2178 1119 2229 scriptum
1138 2191 1226 2217 esse
1245 2191 1376 2229 quam
1394 2178 1483 2217 vidi
1501 2190 1704 2217 excusum
1724 2191 1733 2224 ;

137 2231 266 2283 idque
294 2231 457 2283 Brugis,
487 2244 621 2282 quum
647 2231 732 2270 1Π10
757 2231 894 2271 Cardj.
925 2231 1203 2272 Eboracensis
1231 2237 1376 2284 ageret
1398 2232 1451 2271 de
1473 2232 1599 2271 rebus
1622 2244 1733 2271 com-

138 2285 344 2337 ponendis
369 2287 480 2325 inter
505 2286 725 2326 Caesarem
751 2290 796 2325 et
821 2285 1004 2326 Gallum.
1060 2286 1318 2326 Obsidebam
1339 2288 1496 2326 ostium
1517 2287 1570 2326 R.
1595 2285 1733 2333 (ἕω-(1.,

137 2340 335 2379 fabulans
352 2341 464 2380 inter
480 2340 592 2380 illius
610 2353 801 2391 proceres
819 2345 864 2380 et
881 2345 1111 2392 expectans
1130 2345 1180 2380 vt
1199 2341 1253 2381 ad
1272 2343 1453 2393 primam
1473 2341 1735 2380 occasionem

137 2394 257 2433 illum
299 2394 542 2434 salutarem.
612 2395 803 2434 Tandem
845 2396 990 2447 prodit
1030 2396 1218 2435 Marinus
1261 2396 1512 2442 Caracciola‚
1556 2395 1736 2434 nuncius
1755 2405 1822 2445 850

140 2449 422 2500 Apostolicus,
461 2449 650 2488 libellum
688 2463 818 2489 manu
857 2454 1040 2501 gestans.
1108 2451 1228 2502 Rogo
1256 2463 1361 2489 num
1399 2450 1526 2490 liceat
1559 2450 1733 2501 aperire.

140 2503 316 2542 Annuit.
377 2503 489 2555 Lego
521 2504 696 2543 titulum
729 2504 971 2552 dumtaxat,
1006 2509 1050 2544 et
1081 2505 1196 2556 quod
1230 2505 1323 2544 Rex
1355 2506 1399 2543 in
1430 2505 1516 2543 ima
1548 2504 1736 2555 margine

140 2559 300 2609 primae
324 2559 503 2610 paginae
527 2563 679 2610 suapte
703 2572 832 2597 manu
858 2559 1163 2611 subscripserat
1183 2573 1192 2606 ;
1234 2572 1282 2598 ac
1306 2560 1508 2610 quoniam
1532 2562 1626 2597 tum
1650 2570 1736 2596 non

753 2634 827 2664 810.
854 2632 1065 2664 Lutheranis
1082 2633 1129 2663 N.

188 2699 262 2737 815.
290 2694 373 2734 vna]
405 2695 557 2737 Perhaps
580 2696 640 2727 the
665 2696 838 2728 Iudicium
860 2697 901 2729 D.
1019 2700 1094 2739 842.
1124 2697 1359 2737 Britanniam]
1384 2698 1448 2729 His
1472 2697 1539 2728 last
1563 2697 1647 2728 visit
1669 2696 1739 2728 had

147 2738 294 2770 Mart-ini
310 2739 446 2770 Lmlzeri
465 2740 504 2771 dc
524 2740 665 2771 Erasmo
687 2740 902 2772 Boterodamo
976 2741 1062 2772 been
1079 2742 1114 2772 in
1135 2741 1232 2782 April
1255 2750 1361 2782 1517:
1393 2751 1448 2772 800
1467 2741 1559 2782 Epp.
1579 2741 1654 2782 566,
1675 2749 1737 2782 577

147 2783 242 2823 (LE2.
264 2790 346 2822 535:
374 2792 429 2814 800
451 2782 516 2823 Ep.
544 2785 636 2823 1348.
662 2791 739 2822 3411,
762 2783 832 2815 and
854 2783 897 2815 cf.
976 2784 1130 2815 introdd.

143 2825 177 2857 ll.
203 2827 362 2866 937—40).
415 2826 483 2857 For
503 2825 622 2858 Ambr.
651 2826 824 2858 Blaurer's
845 2837 900 2858 en·
1021 2830 1096 2869 843.
1123 2827 1260 2866 Caleni]
1280 2827 1341 2860 See
1361 2828 1426 2869 Ep.
1450 2829 1530 2859 1118
1550 2827 1681 2859 introd.

147 2870 300 2901 deavour
315 2872 353 2900 to
367 2869 454 2910 keep
469 2880 489 2900 a
506 2879 566 2900 1118.
583 2880 672 2911 copy
686 2870 774 2901 from
788 2870 903 2901 rcach-
1022 2873 1096 2913 846.
1122 2870 1291 2911 libellum]
1318 2871 1468 2913 Henry's
1484 2871 1632 2903 Assertio
1646 2885 1654 2910 ;
1682 2881 1737 2902 sce

146 2913 206 2954 ing
222 2913 388 2944 Erasmus
404 2913 440 2944 in
452 2913 540 2954 Aug.
560 2922 639 2953 1522
656 2923 712 2944 see
726 2913 777 2944 Bl.
794 2914 831 2945 E.
846 2924 900 2954 43.
981 2914 1044 2955 Ep.
1068 2923 1159 2955 1227.
1182 2923 1236 2955 5n.

195 2958 268 2989 818.
294 2957 328 2988 in
345 2956 517 2997 epistolis]
538 2956 627 2989 Such
644 2967 682 2988 as
701 2956 790 2998 Epp.
812 2969 907 3000 1144,
1025 2961 1100 3000 847.
1128 2957 1265 2999 Brugis]
1282 2958 1343 2990 Sco
1360 2958 1426 2999 Ep.
1446 2967 1528 2999 1223
1544 2958 1673 2990 introd.

149 3004 243 3044 1167,
263 3011 355 3042 1195.
1026 3004 1100 3044 850.
1128 3001 1338 3041 Caracciola]
1355 3002 1416 3034 Sec
1434 3002 1498 3044 Ep.
1517 3004 1590 3043 865.
1609 3006 1687 3045 6711.
