2012 3370
146 134 266 183 1356]
644 134 717 174 TO
746 134 965 174 ULRICH
998 135 1233 175 HUTTEN
1659 136 1736 174 273

143 247 226 280 with
256 248 315 280 the
345 249 545 280 settlement
575 248 659 279 with
688 248 903 289 Eppendorff
932 249 967 281 in
1004 251 1215 290 1527-8-—at
1246 248 1358 280 which
1383 248 1436 280 his
1461 248 1625 280 relations
1650 248 1735 280 with

144 291 283 323 Hutten
303 292 372 324 had
393 293 478 324 been
498 291 674 324 discussed
691 292 728 323 in
748 292 953 333 mortifying
973 292 1136 330 detail—,
1157 293 1199 324 he
1220 292 1344 324 should
1364 292 1453 323 have
1474 292 1576 325 cared
1596 295 1634 323 to
1653 291 1736 323 rake

144 334 203 366 the
220 339 349 367 matter
365 346 412 377 up
428 336 530 377 again
546 335 591 377 by
608 334 799 377 producing
816 335 885 367 this
901 335 1015 374 letter,
1033 336 1144 368 which
1166 336 1334 378 certainly
1356 336 1437 368 does
1458 335 1531 367 him
1553 346 1598 367 no
1614 335 1737 373 credit,

143 378 197 410 for
212 379 429 419 publication
444 380 480 411 in
496 377 546 418 J.]

408 497 623 527 ERASMVS
656 496 825 526 ROTER.
859 496 1137 526 VDALRICHO
1170 497 1394 528 HVTTENO
1428 498 1464 527 S.

198 566 316 606 ΗΕΝ.
336 567 726 612 ΕΡΡΗΕΝΒΟΒΡΝΞ,
743 567 878 604 nostri
894 579 980 604 non
995 567 1269 613 instudiosus,
1289 571 1401 605 certe
1418 567 1482 605 tui
1499 568 1736 606 amantissi-

142 633 248 667 mus,
269 621 554 660 subindicauit
572 620 675 659 mihi
692 624 735 658 te
753 633 839 659 non
857 621 960 659 satis
979 621 1115 659 amico
1133 621 1177 659 in
1196 634 1262 659 me
1281 622 1422 659 animo
1442 634 1543 668 esse,
1564 621 1669 660 adeo
1688 626 1739 660 vt

141 676 279 713 nescio
302 675 405 726 quid
427 674 696 714 mordacioris
719 674 865 725 scripti
887 674 1113 713 mediteris
1167 674 1290 722 Quod
1311 688 1387 726 ego
1410 688 1510 714 sane
1533 688 1581 714 eo
1604 676 1738 726 magis

139 742 233 767 sum
253 729 500 776 admiratus,
520 728 635 780 quod
654 728 706 767 de
724 741 818 767 meo
836 728 881 767 in
899 732 942 767 te
961 729 1116 775 animo,
1137 742 1263 779 quem
1283 729 1488 768 hactenus
1507 730 1551 768 111
1570 734 1612 768 te
1631 730 1738 781 gessi

141 788 191 822 vt
218 784 250 821 si
279 785 323 822 in
350 796 592 834 quenquam
621 783 750 822 alium
779 783 1131 829 amantissimum,
1160 783 1265 822 nihil
1293 783 1432 822 adhuc
1459 784 1736 830 immutarim,

140 838 307 876 etiamsi
335 838 557 888 pristinam
586 837 919 876 familiaritatem
948 837 1069 876 nobis
1094 837 1250 876 inuidit
1279 837 1335 876 ad
1357 842 1526 888 tempus
1549 837 1736 876 fortuna.

141 891 228 931 Nee
246 891 497 943 dedignatus
514 904 608 931 sum
624 895 668 930 te
685 891 882 942 alloquio,
901 904 1034 943 quum
1051 891 1118 930 hie
1135 891 1314 938 adesses,
1334 891 1407 930 sed
1424 891 1738 930 humanissimis

140 946 280 984 verbis
310 959 384 997 per
414 945 792 997 Epphendorpium
823 946 969 997 rogaui
1000 950 1050 984 vt
1081 946 1326 992 abstineres,
1359 947 1394 984 si
1424 950 1596 984 tantum
1629 951 1739 984 esset

140 1000 355 1046 salutatio,
388 1004 561 1051 propter
589 999 795 1039 inuidiam
825 1013 912 1051 qua
941 1004 1144 1051 grauatus
1175 1013 1268 1039 sum
1299 1001 1384 1039 iam
1415 1000 1489 1038 diu
1519 1013 1654 1051 vsque
1684 1000 1740 1038 ad

140 1055 292 1105 capitis
313 1054 558 1105 periculum.
611 1053 734 1102 Quod
757 1058 901 1093 autem
924 1054 1143 1093 consilium
1167 1059 1232 1093 est
1253 1054 1496 1094 lucrifacere
1518 1054 1737 1100 inuidiam,

138 1120 271 1159 quum
301 1109 405 1147 nihil
434 1109 567 1159 prosis
597 1109 769 1148 amico?
828 1108 919 1160 Ego
948 1112 1004 1155 te,
1037 1109 1095 1147 mi
1125 1108 1330 1155 Huttene,
1361 1109 1405 1147 in
1434 1109 1512 1147 tali
1540 1112 1673 1154 statu,
1704 1109 1739 1146 si

136 1161 310 1201 fuissem
324 1162 556 1210 Huttenus,
574 1162 686 1202 Vltro
701 1174 914 1214 rogassem
931 1163 1155 1201 Erasmum
1171 1176 1223 1202 ne
1239 1163 1319 1202 sibi
1334 1162 1493 1202 frustra
1509 1168 1739 1202 accerseret

139 1216 297 1255 odium.
357 1217 415 1255 Et
443 1220 589 1256 tamen
618 1217 821 1256 admonui
849 1217 1242 1268 Epphendorpium,
1273 1218 1308 1256 si
1336 1230 1479 1268 posses
1509 1217 1654 1256 abesse
1685 1217 1739 1255 ab

137 1270 425 1321 hypocaustis,
447 1284 557 1322 quae
578 1284 653 1322 ego
674 1270 789 1310 nullo
810 1275 937 1322 pacto
958 1271 1065 1310 ferre
1085 1284 1271 1322 possum,
1294 1272 1397 1310 mihi
1417 1284 1503 1310 non
1522 1271 1738 1322 ingratum

136 1324 226 1363 fore
247 1329 371 1363 tuum
394 1325 663 1375 colloquium.

194 1378 391 1418 Fortasse
411 1392 498 1418 non
519 1383 619 1418 sunt
639 1392 734 1418 mea
754 1380 798 1418 in
818 1383 863 1418 te
884 1379 1020 1418 officia
1041 1392 1150 1430 quae
1171 1392 1510 1426 commemorem,
1534 1383 1577 1418 et
1598 1381 1633 1418 si
1653 1392 1739 1430 qua

141 1437 294 1480 essent,
315 1434 509 1484 ineptum
529 1434 586 1472 sit
605 1447 655 1472 ea
674 1446 699 1472 a
719 1446 786 1472 me
803 1435 1136 1473 commemorari.
1195 1434 1288 1472 Hoc
1308 1446 1481 1485 possum
1502 1447 1600 1472 vere
1619 1446 1737 1484 prae-

139 1487 291 1534 dicare,
314 1501 381 1526 me
409 1489 565 1526 veteris
594 1488 914 1527 beneuolentiae
941 1501 1106 1539 semper
1132 1487 1262 1527 fuisse
1287 1489 1630 1535 tenacissimum;
1662 1501 1738 1526 nec

141 1554 331 1592 vnquam
348 1542 592 1581 Huttenum
610 1555 636 1581 a
652 1555 719 1581 me
736 1542 803 1581 vel
821 1542 936 1581 dicto
954 1542 1021 1581 vel
1037 1542 1154 1581 facto
1170 1542 1299 1581 fuisse
1315 1542 1490 1581 laesum.
1537 1542 1628 1593 Ego
1645 1555 1739 1581 sum

142 1595 266 1635 huius
292 1597 434 1642 animi,
457 1600 506 1636 vt
525 1600 695 1635 tantam
716 1598 961 1642 amicitiam,
990 1601 1198 1647 quantam
1223 1598 1334 1636 inter
1358 1610 1435 1635 nos
1462 1597 1740 1636 conciliarunt
1760 1611 1776 1632 2

143 1650 278 1689 bonae
306 1650 487 1697 litterae,
518 1652 591 1690 vix
621 1652 751 1690 etiam
780 1652 1052 1702 parricidium
1082 1651 1276 1690 dirimere
1296 1651 1464 1690 debeat.
1523 1651 1633 1690 Sunt
1658 1651 1740 1690 for-

142 1708 254 1743 tasse
274 1706 347 1755 qui
367 1709 411 1744 te
438 1706 643 1756 instigent
661 1706 705 1744 in
733 1719 812 1752 me,
834 1705 913 1744 hoc
935 1709 1107 1756 agentes
1127 1710 1178 1744 vt
1197 1710 1272 1744 tuo
1293 1705 1390 1744 stilo
1420 1705 1657 1744 abutantur
1686 1706 1741 1744 ad

142 1760 271 1797 animi
296 1760 359 1797 sui
382 1759 662 1798 saturandum
686 1759 844 1798 odium.
898 1759 1021 1806 Quod
1044 1761 1077 1798 si
1100 1759 1259 1806 feceris,
1283 1760 1388 1798 illud
1411 1761 1531 1806 seito,
1555 1761 1740 1810 primum

142 1813 271 1852 facies
285 1814 330 1852 in
344 1814 779 1853 immerentem—non
792 1815 903 1852 em‘m
917 1814 1056 1852 dicam
1072 1814 1178 1852 bene
1194 1815 1460 1860 meritum—‚
1477 1818 1589 1852 certe
1604 1815 1648 1852 in
1661 1814 1741 1852 tibi

143 1867 248 1906 bene
281 1867 524 1907 volentem:
573 1868 725 1907 deinde
757 1881 846 1907 rem
878 1867 1006 1907 facies
1040 1868 1197 1907 Iacobo
1230 1868 1530 1914 Hoeehstrato,
1565 1868 1741 1907 Nicolao
1761 1883 1776 1895 ‘³

142 1921 423 1973 Egmondano
456 1922 632 1973 aliisque
667 1922 966 1973 compluribus,
1002 1935 1109 1973 quos
1142 1926 1192 1961 tu
1226 1935 1303 1974 pro
1337 1923 1513 1961 summis
1546 1922 1741 1961 hostibus

142 1975 273 2023 ducis,
291 1976 414 2027 longe
430 1977 714 2027 gratissimam
735 1991 743 2023 ;
777 1980 990 2016 caeterum
1008 1990 1274 2028 summopere
1291 1977 1515 2015 molestam
1532 1976 1740 2015 bonarum

139 2030 379 2069 litterarum
408 2031 653 2077 cultoribus,
683 2044 864 2082 quorum
891 2035 934 2070 te
961 2031 1171 2082 profiteris
1198 2035 1572 2082 propugnatorem.
1631 2031 1740 2078 Quo-

143 2085 270 2123 modo
300 2085 580 2135 repubescent
608 2085 680 2124 illa
710 2089 924 2136 portenta,
957 2087 991 2124 si
1022 2086 1229 2124 senserint
1259 2085 1504 2124 Huttenum
1535 2085 1651 2124 illam
1682 2087 1740 2124 sic

141 2138 388 2177 adamatam
404 2139 581 2178 Erasmo
596 2141 752 2190 ingenii
766 2153 960 2186 vaenam,
976 2140 1096 2178 illum
1111 2141 1240 2179 toties
1254 2136 1546 2191 praedicatum
1563 2140 1741 2178 Erasmo
1763 2154 1776 2165 ⁶

142 2193 301 2240 stilum,
322 2194 367 2232 in
387 2193 612 2232 Erasmum
633 2195 837 2245 stringere
857 2197 872 2232 ‘2

197 2246 335 2294 Quare
368 2247 498 2287 fuerit
532 2248 611 2287 hoc
645 2252 746 2287 tuae
780 2248 1044 2300 prudentiae,
1081 2250 1329 2300 priusquam
1365 2248 1573 2287 tollantur
1607 2249 1738 2299 signa,

141 2303 389 2353 priusquam
411 2315 540 2342 rauco
563 2306 736 2354 crepent
759 2316 916 2342 cornua
940 2307 1083 2349 cantu,
1108 2304 1356 2354 priusquam
1379 2302 1487 2341 tuba
1509 2303 1740 2341 terribilem

142 2356 250 2395 bello
288 2357 476 2395 sonitum
514 2361 784 2396 taratantara
821 2357 950 2404 dicat,
985 2357 1119 2396 veluti
1153 2358 1291 2396 missis
1328 2361 1451 2408 patre
1484 2360 1658 2407 patrato
1692 2370 1740 2395 ae

140 2409 299 2457 feciale,
317 2412 488 2450 seeretis
502 2411 655 2451 litteris
675 2411 730 2450 ad
749 2425 816 2450 me
831 2412 960 2450 libere
981 2416 1025 2450 et
1045 2413 1178 2450 amice
1199 2411 1454 2463 perscribere
1475 2411 1579 2462 quid
1600 2411 1652 2449 de
1673 2424 1741 2450 me

140 2464 220 2503 tibi
239 2464 430 2504 delatum
449 2466 517 2512 sit,
539 2469 616 2505 aut
634 2466 738 2517 quid
758 2467 930 2505 omnino
949 2467 1005 2505 sit
1024 2466 1139 2517 quod
1159 2466 1372 2505 exulceret
1391 2466 1581 2503 animum
1600 2469 1738 2504 tuum.

142 2518 253 2557 Nam
283 2520 386 2570 ipse,
418 2521 481 2558 ita
512 2533 579 2559 me
610 2520 725 2559 Deus
756 2521 863 2559 bene
894 2524 1023 2566 amet,
1056 2534 1142 2559 non
1172 2533 1345 2571 possum
1377 2520 1581 2558 diuinare.
1642 2519 1740 2558 Non

141 2572 292 2611 dubito
313 2575 417 2624 quin
437 2574 517 2613 tibi
538 2587 612 2625 per
633 2575 776 2614 omnia
797 2575 875 2613 sim
897 2574 1207 2621 satisfacturus,
1230 2575 1309 2613 nisi
1331 2587 1502 2625 prorsus
1523 2573 1629 2611 alius
1650 2585 1740 2612 esse

142 2627 317 2677 coepisti
340 2640 469 2678 quam
492 2628 591 2667 olim
613 2628 755 2667 fueris.
807 2628 994 2675 Vtinam,
1019 2630 1076 2667 mi
1100 2629 1306 2674 Huttene,
1330 2641 1415 2666 non
1438 2628 1614 2666 haberes
1637 2628 1741 2666 alios

1759 799 1773 831 5

1762 1070 1802 1093 ΙΟ

1761 2426 1798 2457 33

143 2679 286 2720 hostes
301 2693 430 2731 quam
447 2681 673 2721 Erasmum
690 2683 696 2721 1
755 2683 930 2721 Vtinam
951 2682 1126 2721 haberes
1142 2682 1345 2733 quicquid
1363 2682 1429 2720 hic
1445 2683 1640 2720 inimicus
1659 2681 1739 2721 tibi
1758 2696 1803 2727 40

142 2738 268 2786 optat
289 2735 295 2773 ἓ
360 2735 472 2774 Puta
490 2736 569 2775 hoc
587 2737 667 2775 tibi
684 2736 737 2775 de
754 2736 921 2788 tripode
939 2736 1116 2776 dictum.

457 2830 525 2853 ·r1⁷r.
554 2831 735 2854 VDALRICO
752 2823 798 2854 N.
1093 2831 1146 2862 25·
1174 2821 1390 2853 Hochstrato
1406 2822 1451 2854 N.

189 2941 220 2973 7.
245 2929 414 2980 alloquio]
451 2928 563 2961 When
602 2928 741 2961 Hutten
778 2928 907 2960 visited
1021 2939 1070 2970 33.
1096 2927 1241 2966 cornua]
1258 2927 1309 2960 Cf.
1329 2928 1429 2970 Verg.
1449 2928 1533 2961 Aen.
1555 2929 1584 2960 8.
1603 2939 1632 2960 2.

146 2973 246 3060 Bago
260 2973 520 3059 Ιξγξὲἓὲιιξέῗίᾗ
528 2972 697 3058 ΟΞῨῗοΕξ1.λῐ
705 2981 783 3055 ἓξὲξ
791 2996 797 3003 .
805 2980 895 3049 12³1
974 2970 1203 3053 Prisotabaassd
1210 2971 1421 3057 (ξὲῑέῗίῒη.
1433 2973 1603 3057 ἐ.ῃζο3.4ς
1611 2998 1625 3004 ⁸
1635 2998 1642 3009 ‚
1683 2984 1739 3014 ap·

203 3087 298 3120 45²·5
925 3085 953 3113 T
