2012 3370
161 145 281 193 1400]
756 142 828 181 To
859 142 1101 182 FRANffls
1133 142 1153 180 1
1675 141 1751 179 361

158 255 271 292 enim
294 254 338 292 in
362 254 442 293 hac
466 254 557 292 vita
579 253 752 303 longum
777 256 842 291 est
863 254 897 301 Τ)
923 253 1102 299 Christo,
1130 264 1295 290 summo
1320 251 1518 301 Principi,
1543 250 1753 289 rationem

158 308 481 347 administratae
505 307 678 346 ditionis
701 320 790 346 esse
813 307 1066 346 reddituros.
1125 307 1324 352 Rursum,
1351 306 1386 344 si
1410 305 1608 356 episcopi,
1634 303 1753 342 theo-

158 361 242 413 logi
263 366 307 401 et
327 361 523 401 monachi
544 362 813 400 meminerint)
834 375 922 400 sese
942 374 1028 400 non
1049 361 1294 400 successisse
1314 361 1359 399 in
1379 359 1519 399 locum
1541 359 1689 397 Annae
1711 361 1755 396 et
1774 365 1840 404 360

159 416 384 468 Caiaphae,
404 420 481 455 aut
498 416 730 455 scribarum
749 420 793 454 et
811 415 1293 465 Pharisaeorum,—qui,
1313 414 1416 453 dum
1435 426 1559 452 suum
1577 425 1754 464 regnum

157 471 287 522 impie
316 470 560 516 tuebantur,
592 469 813 520 Euangelii
840 483 1016 521 regnum
1046 469 1313 508 conabantur
1341 469 1606 519 opprimere3
1651 466 1754 505 dum

159 537 280 564 suam
326 525 571 564 asserebant
614 523 803 575 gloriam,
851 524 1006 563 Christi
1051 524 1227 575 gloriam
1273 523 1508 562 studebant
1552 521 1725 573 sepelire
1744 534 1753 567 ;

159 578 347 630 dumque
383 592 504 618 suam
540 579 752 617 iusticiam
788 578 1038 617 nitebantur
1075 577 1324 628 approbare,
1363 577 1502 615 Deum
1538 575 1756 615 faciebant

157 634 421 673 iniustum—
439 646 447 672 :
484 633 557 672 sed
575 633 719 684 potius
736 633 782 671 in
799 632 939 671 locum
960 632 1275 683 Apostolorum,
1297 632 1370 682 qui
1390 631 1605 682 sanguinis
1624 631 1755 668 etiam
1776 636 1835 675 365

159 688 224 726 sui
240 688 406 727 iactura
423 687 668 739 gaudebant
685 699 867 726 asserere
885 686 1041 726 Christi
1057 699 1246 737 regnum,
1267 685 1442 736 gloriam
1461 698 1510 724 ac
1527 685 1754 723 iusticiam.

160 741 297 781 Semel
315 754 464 793 passus
482 745 547 781 est
565 741 769 788 Christus,
789 742 946 780 reuixit
963 753 1185 791 nunquam
1204 741 1447 778 moriturus.
1505 738 1588 778 Sed
1607 738 1755 778 eadem

160 808 270 847 quae
307 809 456 847 passus
493 800 570 842 est,
609 795 749 835 denuo
786 796 964 847 patitur,
1004 795 1171 846 quoties
1209 794 1452 839 damnatur,
1493 794 1754 844 conspuitur,

160 850 363 897 caeditur,
388 850 644 901 crucifigitur
665 854 709 889 et
731 850 931 901 sepelitur
953 849 1210 900 Euangelica
1232 849 1403 887 veritas.
1461 847 1655 898 Denique
1677 846 1757 885 sibi

161 908 290 955 putat
310 904 442 956 infligi
463 904 666 956 quicquid
688 904 897 943 malorum
918 903 1123 955 infligitur
1144 903 1345 942 membris
1366 903 1511 953 ipsius.
1778 913 1842 945 370

215 958 334 998 Haec
368 963 412 998 et
444 959 616 998 liberius
649 959 843 998 fortassis
878 962 922 998 et
956 958 1160 1010 prolixius
1195 971 1221 996 a
1256 971 1323 996 me
1358 957 1475 996 dicta
1509 959 1624 1002 sunt,
1661 955 1756 994 Rex

160 1012 526 1060 Christianissime,
551 1026 680 1064 quam
703 1026 780 1064 par
802 1017 894 1052 erat
914 1026 921 1059 ;
961 1026 1110 1051 verum
1133 1013 1288 1051 amoris
1310 1010 1562 1063 magnitudo
1583 1009 1685 1049 fecit
1707 1012 1758 1047 vt

160 1070 204 1105 et
224 1067 441 1118 loquacior
461 1081 595 1107 essem
617 1072 660 1107 et
682 1067 972 1107 confidentior.
1032 1067 1240 1107 Omnibus
1261 1066 1510 1106 Christianis
1532 1065 1638 1103 bene
1659 1063 1757 1103 volo

160 1121 437 1161 Christianus.
495 1122 718 1162 Caeterum
749 1135 847 1173 erga
877 1126 999 1161 tuam
1031 1123 1299 1160 maiestatem
1332 1134 1380 1159 ac
1412 1119 1757 1158 florentissimum

161 1174 393 1214 Galliarum
419 1189 595 1228 regnum
621 1176 822 1228 singulari
848 1176 1036 1227 quodam
1062 1176 1194 1215 ducor
1219 1175 1375 1214 studio.
1433 1174 1586 1212 Precor
1612 1176 1757 1212 autem
1779 1184 1838 1217 375

162 1234 211 1268 vt
236 1230 367 1277 Iesus,
394 1231 646 1270 immortalis
670 1232 805 1270 totius
830 1231 944 1270 orbis
968 1231 1211 1277 monarcha,
1240 1230 1307 1269 cui
1332 1229 1538 1268 diuinitus
1564 1227 1668 1266 data
1693 1230 1759 1266 est

162 1285 298 1323 omnis
322 1288 514 1335 potestas
538 1286 582 1324 in
607 1285 722 1324 coelo
747 1290 791 1324 et
814 1286 859 1323 in
883 1289 1010 1331 terra,
1036 1285 1242 1336 Spiritum
1267 1297 1391 1322 suum
1416 1283 1640 1334 impartiat
1662 1286 1758 1320 tum

160 1338 328 1389 populis
362 1343 457 1377 tum
492 1339 780 1390 principibus:
834 1339 899 1378 his
934 1339 1107 1389 quidem
1143 1343 1194 1377 vt
1229 1351 1375 1377 omnes
1409 1339 1521 1376 inter
1556 1349 1645 1376 sese
1681 1335 1760 1374 sub

161 1393 376 1431 communi
410 1392 604 1444 Principe
640 1393 737 1432 Iesu
773 1393 1037 1432 concorditer
1071 1406 1120 1432 ac
1155 1392 1329 1444 perinde
1363 1391 1542 1430 feliciter
1576 1391 1758 1436 viuant;

159 1446 241 1485 illis
277 1459 378 1485 vero
414 1451 465 1486 vt
500 1448 580 1486 sub
616 1448 893 1486 sanctissimis
929 1461 978 1486 ac
1014 1447 1322 1486 florentissimis
1358 1445 1598 1485 monarchis
1634 1444 1760 1483 rebus
1781 1447 1846 1487 380

160 1501 324 1552 pacatis
353 1500 580 1541 fruantur:
626 1503 773 1553 itaque
803 1502 976 1541 demum
1006 1501 1085 1541 fiat
1114 1505 1164 1540 vt
1194 1500 1453 1552 Euangelica
1482 1501 1620 1551 pietas
1649 1499 1761 1537 inter

160 1568 238 1594 nos
256 1555 362 1594 bene
380 1557 629 1604 constituta,
649 1569 779 1608 quam
796 1556 1001 1596 latissime
1018 1560 1290 1608 propagetur,
1309 1568 1396 1594 non
1413 1553 1667 1593 inuadendis
1684 1556 1761 1592 aut

161 1609 408 1661 diripiendis
444 1610 623 1650 aliorum
658 1611 1014 1662 regionibus—sic
1051 1612 1163 1650 enim
1201 1611 1471 1662 pauperiores
1508 1607 1761 1654 redduntur,

162 1676 248 1703 non
281 1664 540 1712 meliores—,
575 1665 650 1704 sed
683 1665 941 1717 Euangelica
973 1665 1241 1717 philosophia
1275 1665 1507 1716 synceriter
1540 1676 1615 1715 per
1648 1663 1763 1701 viros

164 1718 420 1769 Euangelico
468 1720 621 1770 spiritu
668 1720 886 1770 praeditos
933 1720 1091 1770 vbique
1140 1718 1426 1771 praedicanda
1445 1732 1453 1765 ;
1519 1722 1650 1768 atque
1697 1717 1761 1755 ita
1783 1719 1842 1759 383

163 1773 347 1812 viuendo
370 1777 420 1812 vt
442 1778 612 1813 nostrae
634 1775 810 1824 pietatis
829 1774 1066 1825 fragrantia
1086 1773 1292 1825 plurimos
1314 1773 1473 1812 alliciat
1495 1771 1551 1810 ad
1573 1770 1761 1810 eiusdem

162 1827 352 1866 instituti
373 1827 688 1878 professionem.
747 1828 814 1868 Sic
835 1833 939 1868 nata
960 1832 1038 1875 est,
1061 1829 1120 1867 sic
1142 1829 1289 1875 creuit,
1307 1828 1364 1866 sic
1386 1827 1472 1865 late
1493 1825 1662 1877 prolata
1682 1828 1760 1871 est,

163 1882 222 1920 sic
244 1882 518 1921 constabilita
538 1887 604 1922 est
626 1882 883 1934 Euangelica
904 1883 1011 1922 ditio
1031 1896 1038 1921 :
1078 1882 1255 1922 diuersis
1277 1886 1422 1921 autem
1443 1880 1681 1919 rationibus
1705 1879 1764 1917 sic

164 1948 276 1975 nunc
298 1937 343 1975 in
365 1940 595 1988 angustum
619 1941 884 1976 contractam
908 1950 956 1976 ac
979 1936 1288 1988 propemodum
1311 1935 1530 1987 explosam
1552 1934 1760 1980 videmus,

164 1991 198 2029 si
237 1991 372 2030 totius
411 1991 524 2030 orbis
563 1993 815 2031 vastitatem
854 1992 1104 2031 consideres.
1161 1991 1319 2030 Iisdem
1357 1992 1505 2041 itaque
1543 1988 1764 2041 praesidiis
1785 1998 1851 2030 390

164 2049 336 2095 oportet
379 2046 602 2085 restituere
648 2046 892 2098 collapsam,
939 2046 1119 2085 dilatare
1166 2049 1446 2091 contractam,
1495 2042 1765 2083 constabilire

166 2099 450 2147 vacillantem,
468 2100 623 2151 quibus
641 2102 826 2152 primum
845 2105 889 2140 et
908 2105 1012 2140 nata
1030 2104 1096 2140 est
1114 2104 1159 2140 et
1177 2104 1305 2140 aucta
1324 2103 1369 2139 et
1387 2098 1651 2139 confirmata.

219 2153 337 2193 Haec
365 2153 522 2194 affectu
549 2168 657 2206 puro
683 2155 834 2202 scribo,
863 2155 1097 2203 Francisce,
1126 2168 1201 2194 rex
1228 2154 1596 2199 Christianissime,
1625 2164 1763 2203 neque

165 2209 450 2260 perstringens
466 2222 723 2261 quenquam,
742 2222 875 2262 quum
892 2210 1089 2249 omnibus
1105 2209 1212 2249 bene
1228 2209 1369 2256 velim,
1387 2221 1525 2259 neque
1542 2206 1763 2246 blandiens

166 2263 378 2314 cuiquam,
401 2276 535 2314 quum
555 2277 580 2303 a
600 2264 716 2304 nullo
737 2265 966 2316 quicquam
987 2265 1188 2304 ambiam.
1247 2264 1363 2303 Bene
1384 2263 1490 2302 vale.
1789 2269 1848 2303 395

220 2316 300 2356 An.
321 2328 551 2357 M.D.XX111.
574 2318 744 2359 Calend.
766 2319 967 2358 Decemb.

573 2445 695 2484 1401.
758 2442 899 2484 FROM
930 2442 1063 2485 JOHN
1096 2443 1363 2484 ΒΟΤΖΗΕΙΜ.

215 2507 363 2553 Leipzig
376 2509 451 2545 MS.
1431 2510 1648 2545 Constance.

216 2565 293 2601 EE.
310 2577 367 2603 21.
1353 2580 1372 2614 3
1392 2569 1597 2603 December
1615 2578 1716 2613 1523.

214 2640 284 2681 [An
302 2641 448 2683 original
467 2642 581 2682 letter,
598 2644 795 2686 autograph
816 2644 1043 2686 throughout.
1092 2644 1165 2676 The
1185 2643 1367 2687 year-date
1387 2644 1416 2675 is
1437 2643 1557 2686 amply
1579 2642 1769 2675 confirmed

172 2684 218 2726 by
234 2684 294 2716 the
309 2685 499 2725 contenta]

946 2744 986 2783 4-

227 2815 269 2856 S.
316 2816 380 2856 De
400 2816 621 2857 calumniis
641 2817 849 2870 Spongiae
868 2822 970 2857 tuae
989 2818 1094 2857 nihil
1113 2817 1344 2864 miraberis,
1366 2818 1401 2856 si
1421 2818 1660 2857 memineris
1679 2831 1768 2858 esse

173 2883 225 2910 ex
243 2870 309 2910 his
325 2871 447 2911 bonis
463 2872 623 2912 scilicet
638 2874 740 2912 viris
756 2874 829 2924 qui
846 2872 951 2912 nihil
966 2872 1215 2912 insidiarum
1233 2885 1319 2911 non
1335 2876 1519 2920 tentent,
1538 2876 1768 2924 postquam

267 2952 363 2984 1400.
389 2963 462 2994 392.
487 2953 694 2986 confirmata
711 2965 729 2983 α
747 2954 830 2987 LB:
860 2954 1001 2987 firmata.
1018 2967 1050 2995 γ.
1241 2955 1316 2996 396.
1347 2966 1404 2985 ac:
1433 2963 1640 2987 M.1).xxx111
1660 2956 1686 2986 δ.

583 3032 675 3064 1401.
706 3041 730 3064 1.
757 3032 945 3074 Spongiae]
961 3033 1022 3065 See
1040 3033 1130 3074 ΕΜ).
1152 3035 1246 3074 1378,
1268 3035 1360 3074 1389.
