2012 3370
135 166 258 217 1291]
1675 166 1726 203 75

529 280 650 319 1291.
715 277 855 319 FROM
885 276 1019 319 JOHN
1052 277 1334 319 CAESARIUS.

182 351 288 385 Basle
303 351 377 388 MS.
395 352 436 387 G.
453 351 482 387 I.
498 361 555 396 25.
576 361 627 395 15.
1431 349 1602 394 Cologne.

1359 419 1400 453 14
1416 408 1514 443 June
1532 411 1679 452 <1522>.

179 484 249 524 [An
278 483 421 525 original
448 483 564 521 letter,
592 483 787 525 autograph
818 483 1042 525 throughout.
1096 483 1167 514 The
1197 482 1378 524 year-date
1406 483 1434 513 is
1463 482 1565 524 given
1596 482 1643 523 by
1673 482 1733 513 the

137 527 292 560 mention
316 527 351 559 of
374 526 547 560 Stunica’s
570 527 674 564 book,
698 527 768 558 and
792 526 827 558 of
851 526 996 558 Busch's
1019 537 1180 568 presence
1204 530 1242 558 at
1266 526 1376 558 Basle.
1424 526 1497 558 The
1521 526 1641 558 bearer
1664 535 1733 557 was

137 570 285 612 perhaps
306 570 450 611 Antony
472 571 684 612 Brugnarius
707 570 787 611 (Ep.
816 572 926 610 1318),
950 570 1028 601 who
1050 569 1114 601 left
1129 569 1295 610 Antwerp
1319 580 1345 601 0.
1374 578 1388 610 5
1415 570 1507 602 June
1530 569 1584 601 for
1606 569 1681 601 sear
1697 568 1731 600 of

137 614 238 655 being
253 614 437 655 suspected
453 613 487 646 of
501 613 702 655 complicity
717 613 802 644 with
817 613 892 645 Nic.
910 613 945 645 of
960 613 1245 654 Hertogenbosch
1261 613 1341 654 (Ep.
1355 614 1431 644 616.
1451 614 1528 653 14n)
1545 613 1615 644 and
1632 613 1732 645 Corn.

137 657 317 698 Grapheus
333 657 412 699 (Ep.
429 658 523 701 1087.
538 660 653 699 355n),
667 657 758 688 after
774 657 864 688 their
875 656 992 698 public
1008 656 1279 688 condemnation
1295 666 1332 687 as
1349 656 1496 688 heretics
1512 659 1550 688 at
1567 655 1735 694 Brussels,

136 710 179 739 29
196 700 294 741 April
315 709 395 741 1522
413 713 420 732 :
452 711 507 732 see
525 700 775 737 Geldenhauer,
795 700 1011 737 collectanea,
1029 699 1083 731 ed.
1103 700 1259 737 Prinsen,
1280 708 1373 737 1901,
1393 710 1452 740 pp.
1469 701 1559 741 46‚7.
1602 700 1656 731 He
1674 699 1736 731 did

136 746 213 781 not,
229 744 399 782 however,
411 747 510 776 enter
527 743 638 782 Basle,
652 744 718 776 but
735 743 861 775 turned
874 743 922 775 off
935 746 972 775 to
985 742 1231 780 Montbeliard,
1248 743 1400 784 arriving
1413 743 1509 774 there
1523 753 1550 774 c.
1565 752 1605 774 22
1620 743 1713 775 June
1726 755 1733 775 ε

136 797 175 818 so
191 787 271 819 that
287 787 357 819 this
372 787 486 824 letter,
502 787 529 819 if
545 787 587 819 he
604 797 674 819 was
691 787 750 819 the
766 787 897 825 bearer,
914 790 1044 818 cannot
1059 786 1148 818 have
1165 786 1312 818 reached
1328 787 1494 818 Erasmus
1510 789 1548 817 at
1565 785 1675 825 once]

193 868 233 907 S.
249 868 301 907 D.
317 869 363 907 P.
419 869 499 916 Qui
524 869 648 908 hasce
667 869 832 907 litteras
856 881 971 907 meas
996 867 1051 906 ad
1076 872 1118 906 te
1138 867 1328 918 pertulit,
1351 867 1525 906 Erasme
1546 867 1736 906 omnium

140 923 243 961 mihi
267 923 521 970 charissime,
548 923 711 974 aliquot
735 923 851 974 apud
874 936 951 962 nos
980 922 1128 961 diebus
1158 921 1328 960 delituit
1349 935 1357 968 ς
1399 934 1529 972 quam
1553 934 1654 960 vero
1683 921 1738 960 ob

140 990 312 1016 causam
339 978 428 1028 ipse
455 978 536 1016 tibi
563 977 655 1016 luce
683 977 835 1016 clarius
863 989 1072 1028 exponere
1099 977 1270 1027 poterit.
1329 975 1597 1027 Quapropter
1633 987 1739 1027 opus

141 1031 244 1070 mihi
261 1044 347 1070 non
364 1036 429 1070 est
445 1045 534 1071 rem
551 1033 701 1083 ipsam,
721 1045 850 1083 quam
869 1031 1027 1082 alioqui
1044 1030 1100 1069 ad
1117 1035 1160 1070 te
1178 1031 1357 1070 scribere
1376 1031 1591 1077 constitui,
1610 1029 1740 1069 latius

141 1085 362 1137 explicare.
418 1086 516 1125 Non
542 1087 700 1137 poterit
727 1090 872 1125 autem
898 1087 987 1137 ipse
1014 1098 1108 1124 eam
1134 1098 1223 1124 rem
1250 1089 1341 1124 tam
1361 1084 1553 1124 dolenter
1571 1084 1738 1131 referre,
1760 1096 1776 1130 5

141 1144 305 1191 quanto
325 1140 467 1179 dolore
486 1141 616 1179 animi
636 1142 700 1179 tui
720 1140 1067 1186 consternaberis,
1085 1143 1200 1178 certo
1215 1140 1314 1186 scio,
1332 1139 1404 1177 vbi
1424 1152 1476 1178 ex
1496 1138 1642 1178 ordine
1660 1138 1742 1177 tibi

143 1195 285 1233 omnia
300 1196 554 1246 exposuerit.
599 1195 683 1234 Res
699 1195 1033 1234 Christianorum
1048 1207 1097 1233 eo
1113 1193 1215 1232 mihi
1230 1193 1436 1245 perducta
1452 1206 1540 1232 esse
1555 1193 1740 1239 videtur,

142 1252 192 1287 vt
224 1261 393 1299 prorsus
426 1250 615 1287 animum
648 1249 908 1300 despondere
941 1261 1153 1300 cogamur,
1187 1248 1267 1287 nisi
1300 1247 1504 1294 Christus,
1538 1248 1664 1286 vnica
1696 1250 1740 1286 et

142 1306 332 1341 extrema
353 1316 460 1354 spes,
482 1304 616 1342 nostri
636 1304 821 1342 misereri
834 1303 950 1342 velit.
1001 1302 1197 1353 Vndique
1217 1302 1330 1340 mala
1349 1315 1426 1340 nos
1447 1303 1738 1342 circumstant.

143 1356 260 1395 Bella
299 1357 456 1408 vbique
493 1362 702 1396 terrarum
741 1358 883 1396 omnia
921 1357 1190 1396 contristant.
1258 1356 1403 1395 Celum
1440 1357 1581 1407 ipsum
1618 1355 1741 1394 nobis
1766 1369 1804 1392 10
1832 1377 1840 1381 -

143 1411 406 1450 aduersatur.
453 1411 631 1450 Interim
646 1411 769 1450 nobis
784 1411 1012 1462 placemus,
1034 1411 1204 1449 interim
1223 1414 1370 1449 nostro
1389 1411 1575 1449 viuimus
1596 1422 1712 1449 more
1731 1422 1740 1455 ;

143 1479 168 1503 a
183 1478 268 1516 quo
282 1479 335 1504 ne
349 1465 486 1505 latum
501 1466 673 1517 quidem
688 1478 873 1518 vnguem
886 1465 1009 1504 nobis
1024 1464 1326 1504 discedendum
1341 1469 1558 1516 putamus.
1602 1463 1742 1502 Hodie

143 1532 230 1558 non
251 1519 379 1559 modo
401 1533 502 1571 gens
526 1524 675 1560 contra
697 1524 867 1572 gentem
886 1520 1079 1571 insurgit,
1100 1520 1187 1558 imo
1205 1520 1250 1557 in
1267 1519 1370 1570 ipsis
1389 1518 1639 1558 ciuitatibus
1657 1530 1744 1557 non

144 1575 344 1613 conuenit
367 1575 479 1614 inter
502 1576 615 1626 ipsos
640 1575 766 1614 ciues.
819 1575 941 1614 Noue
965 1575 1051 1613 iam
1077 1577 1256 1625 surgunt
1279 1573 1500 1620 factiones,
1526 1586 1580 1612 ne
1604 1572 1744 1612 dicam

144 1630 468 1679 persecutiones.
519 1629 670 1668 Laicus
691 1629 800 1668 clero
820 1628 1000 1668 infestus
1021 1632 1086 1667 est
1105 1642 1114 1675 ;
1152 1628 1285 1667 clerus
1306 1632 1455 1667 contra
1475 1627 1630 1666 laicum
1650 1640 1744 1678 pro·
1769 1641 1804 1673 15

146 1683 375 1734 pemodum
392 1684 708 1723 abhominatur.
756 1683 928 1731 Quanta
941 1682 1198 1722 contumelia
1211 1682 1276 1721 his
1289 1681 1438 1721 diebus
1450 1681 1676 1721 nonnullos
1693 1694 1746 1720 ex

147 1737 293 1777 ordine
318 1737 563 1778 clericorum
588 1739 700 1777 ciues
725 1739 860 1777 nostri
885 1737 1116 1784 affecerint,
1138 1750 1224 1776 non
1248 1740 1340 1776 tam
1365 1736 1486 1776 tedet
1510 1749 1641 1787 quam
1660 1749 1746 1775 non

146 1791 245 1831 licet
267 1792 459 1832 scribere.
513 1793 704 1840 Quenam
727 1797 873 1832 autem
896 1792 1021 1831 huius
1043 1791 1143 1830 mali
1168 1804 1295 1830 031183
1318 1792 1374 1830 sit
1397 1795 1527 1841 atque
1551 1791 1679 1841 origo,
1704 1791 1749 1828 in

148 1847 360 1897 presentia
376 1860 462 1887 non
478 1847 606 1887 datur
622 1847 867 1898 intelligere.
911 1847 1000 1886 Nec
1016 1850 1163 1885 tamen
1178 1849 1303 1884 tanta
1319 1846 1430 1884 inter
1446 1845 1523 1884 hos
1540 1843 1750 1884 discordia

148 1904 212 1939 est
233 1902 337 1952 quin
357 1902 491 1941 maior
511 1902 614 1941 mihi
633 1903 792 1941 instare
813 1901 984 1940 videtur
1002 1901 1114 1939 inter
1133 1900 1373 1939 litterarum
1394 1899 1606 1938 studiosos
1627 1913 1636 1945 ;
1672 1911 1749 1938 nec
1768 1913 1812 1936 20

147 1955 259 1994 inter
276 1969 346 1994 eos
364 1956 492 1995 modo
510 1957 583 2007 qui
601 1956 767 1995 diuersa
786 1969 856 1995 eas
874 1956 1038 1994 ratione
1056 1958 1288 2001 sectantur,
1308 1953 1381 1993 sed
1399 1958 1443 1993 et
1460 1954 1571 1992 inter
1588 1966 1658 1992 eos
1677 1953 1751 2003 qui

150 2009 364 2061 politiores
382 2010 548 2049 litteras
566 2010 742 2049 coluisse
760 2024 813 2049 ex
831 2023 967 2061 aequo
985 2009 1235 2060 probantur.

204 2063 302 2102 Vidi
317 2077 452 2115 nuper
468 2065 636 2112 librum,
654 2065 699 2103 in
716 2077 801 2115 quo
818 2064 994 2104 Stunica
1010 2063 1186 2114 quidam
1203 2062 1319 2102 haud
1337 2062 1568 2114 vulgariter
1584 2061 1750 2108 doctus,

151 2117 357 2168 publicus,
395 2123 445 2158 vt
480 2119 620 2166 audio,
657 2120 701 2157 in
736 2119 840 2158 vrbe
875 2119 1014 2157 Roma
1049 2117 1272 2169 professor,
1309 2118 1483 2156 natione
1519 2116 1751 2167 Hispanus,

151 2171 316 2222 aliquot
334 2172 447 2212 locos
466 2187 518 2212 ex
538 2173 734 2225 operibus
753 2174 839 2212 tuis
858 2173 1016 2224 passim
1036 2172 1216 2223 collegit,
1238 2171 1372 2210 veluti
1392 2172 1535 2222 capita
1553 2170 1753 2222 quedam,
1773 2186 1791 2209 2
1798 2186 1813 2218 5

152 2226 306 2277 quibus
332 2227 487 2266 nebulo
512 2227 581 2267 ille
606 2229 742 2267 iactat
768 2241 817 2267 ac
843 2227 1066 2279 pollicetur
1091 2240 1135 2266 se
1161 2225 1325 2266 edendo
1351 2225 1597 2277 propediem
1631 2237 1754 2276 opere

152 2279 235 2320 3110
255 2281 536 2332 probaturum
556 2286 600 2321 te
621 2295 707 2322 non
727 2282 854 2321 modo
876 2282 1171 2333 blasphemum
1191 2280 1266 2320 sed
1293 2284 1338 2320 et
1365 2281 1558 2331 impium.
1620 2279 1755 2327 Quem

153 2333 308 2374 librum
323 2349 420 2375 cum
434 2336 627 2388 legerem,
644 2341 688 2376 et
703 2340 918 2388 quotquot
933 2336 1049 2388 apud
1063 2349 1141 2375 nos
1155 2335 1227 2374 alii
1241 2335 1372 2386 probe
1386 2334 1588 2380 instituti,
1606 2334 1755 2372 statim

153 2388 277 2428 facile
314 2392 568 2430 coniecimus
605 2404 688 2442 que
726 2404 853 2430 031183
889 2390 1009 2429 11111111
1046 2389 1263 2441 impulerit
1301 2403 1375 2429 cur
1411 2389 1488 2428 hec
1526 2391 1675 2427 contra
1712 2391 1756 2426 te

156 2443 356 2483 moliatur
374 2445 553 2485 scribere
572 2459 580 2484 ε
615 2459 767 2497 nempe
785 2450 835 2484 vt
852 2449 895 2484 te
914 2445 1051 2484 ordini
1068 2444 1351 2484 ecclesiastico
1367 2443 1571 2482 infestum
1588 2440 1755 2488 reddat,
1776 2458 1819 2490 30

156 2511 242 2537 non
263 2503 354 2537 tam
376 2499 538 2539 inuidia
559 2504 702 2539 motus
724 2513 854 2551 quam
876 2499 992 2538 haud
1014 2499 1141 2538 dubie
1164 2499 1403 2549 aliquorum
1425 2499 1470 2536 in
1491 2497 1595 2536 vrbe
1618 2496 1757 2535 Roma

157 2565 284 2592 suasu
302 2553 516 2601 inductus,
538 2568 587 2594 ac
607 2555 686 2594 sibi
704 2555 875 2594 interim
894 2554 1004 2593 illius
1020 2553 1178 2592 ordinis
1196 2552 1387 2591 fauorem
1404 2551 1598 2590 conciliet
1613 2550 1668 2589 ad
1680 2551 1757 2588 im-

157 2607 413 2658 petrandum
434 2609 670 2648 sacerdotia
689 2608 1085 2660 quomodocunque.
1134 2607 1216 2647 Sed
1235 2620 1321 2646 non
1336 2606 1583 2645 dubitamus
1598 2609 1642 2643 te
1654 2603 1759 2643 nihil

158 2663 294 2700 vereri
315 2675 364 2701 ac
382 2666 427 2702 te
448 2676 534 2702 non
553 2668 740 2703 metuere
760 2663 839 2702 tibi
859 2663 913 2701 ab
933 2662 1016 2709 illo,
1038 2662 1165 2701 modo
1184 2674 1249 2700 res
1268 2662 1379 2699 inter
1398 2673 1473 2699 vos
1487 2663 1759 2698 controuersa

159 2717 335 2763 ratione,
362 2730 448 2756 non
472 2717 616 2765 liuore,
642 2718 798 2757 iudicio
823 2730 909 2756 non
934 2717 1044 2763 odio,
1071 2715 1350 2767 expendatur.
1404 2714 1472 2752 An
1496 2713 1572 2752 hec
1597 2714 1759 2765 premia
1778 2729 1817 2762 35

160 2774 261 2808 sunt
277 2783 359 2821 que
376 2775 501 2810 tanta
517 2772 685 2823 ingenia
701 2771 876 2810 tandem
893 2770 1077 2810 referent
1093 2771 1107 2808 2
1158 2769 1397 2808 Prestiterit
1413 2768 1605 2807 fortassis
1621 2767 1760 2806 ledere

162 2837 291 2875 quam
322 2826 367 2863 in
397 2838 620 2864 commune
652 2825 879 2870 consulere,
913 2826 947 2863 si
978 2826 1036 2863 sic
1068 2828 1217 2875 agetur
1248 2836 1344 2862 cum
1375 2824 1426 2862 iis
1457 2823 1530 2874 qui
1561 2822 1760 2874 prodesse

162 2879 358 2918 omnibus
393 2879 582 2927 student,
619 2893 817 2919 reuocare
852 2880 992 2931 lapsos
1028 2878 1083 2917 ab
1119 2878 1340 2925 erroribus,
1371 2881 1608 2917 restaurare
1644 2875 1760 2927 quod

162 2932 393 2985 collapsum
415 2938 494 2981 est,
516 2934 801 2986 indintegrare
821 2933 937 2985 quod
958 2937 1023 2973 est
1044 2936 1304 2984 corruptum.

382 3024 415 3054 4.
441 3002 513 3048 rem
535 3014 663 3058 ipsam]
686 3015 839 3056 Perhaps
862 3014 921 3046 the
943 3014 1045 3046 affair
1065 3017 1105 3046 at
1121 3013 1297 3046 Brussels:
1326 3023 1382 3046 see
1397 3012 1525 3045 introd-

386 3068 438 3099 23.
465 3059 607 3098 librum]
623 3060 673 3092 Cf.
693 3060 757 3101 Ep.
779 3062 872 3098 1289.
892 3069 945 3091 211.
