2012 3370
257 144 335 180 564
731 144 985 182 LETTERs
1018 144 1089 183 or
1119 144 1384 183 ERAsMW
1735 147 1857 196 [1524

255 257 503 302 repurgatos
522 253 676 290 dedisti
697 252 857 302 aliquot
880 256 1049 290 sanctos
1069 257 1224 303 patres.
1245 253 1317 303 qui
1337 252 1637 303 depugnarunt
1657 252 1860 291 aduersus

257 305 440 344 Ecclesie
473 306 685 344 nascentis
720 306 938 351 hereticos,
974 306 1047 344 sed
1080 307 1212 345 eciam
1247 307 1322 345 hec
1356 311 1552 357 tempora
1584 311 1742 353 nostra,
1777 319 1860 358 que

256 360 527 410 impurissimi
581 359 840 398 heresiarche
893 359 1077 399 infelicia
1128 360 1405 400 reddiderunt
1457 364 1501 399 et
1554 360 1859 400 seditiosissimi

255 415 412 464 quique
434 414 752 463 perturbarunt,
775 428 871 453 cum
893 416 1038 465 paucis
1061 416 1126 463 (vt
1147 416 1297 454 horum
1318 428 1519 454 numerus
1539 428 1704 466 semper
1724 415 1861 454 minor

195 487 232 519 35
255 469 335 515 est)
374 467 565 513 adiuuas,
603 481 689 507 non
726 468 901 507 obscure
938 481 1068 519 quam
1106 469 1321 508 Catholiee
1358 469 1516 508 sentias
1552 474 1596 508 et
1631 469 1735 520 quid
1771 468 1860 508 fieri

255 526 451 571 oporteat
473 522 678 560 indicans.
731 521 878 562 Seruet
900 524 1047 573 itaque
1069 528 1112 562 tc
1135 522 1326 563 Christus
1348 527 1392 562 et
1413 523 1487 562 det
1508 522 1631 562 nobis
1652 522 1720 562 ille
1743 536 1859 562 occa-

255 576 415 614 sionem
448 580 497 615 vt·
528 575 691 628 aliquid.
722 575 1017 616 beneuolentie
1048 576 1128 616 tibi
1159 578 1369 629 impartiri
1402 590 1621 629 queamus.
1683 576 1795 617 Nam
1828 578 1862 616 si

254 629 358 681 quid
383 631 471 668 eius
497 629 601 669 alias
626 631 840 682 accepisti,
866 631 910 670 id
936 636 1047 671 certe
1073 644 1149 683 pro
1175 633 1326 671 merito
1352 633 1575 670 minimum
1601 631 1696 678 fuit,
1724 643 1861 683 neque

255 685 507 734 agnouimus
526 684 605 724 hoc
626 684 930 732 adulationem,
953 690 1003 725 vt
1025 685 1084 724 illi
1104 686 1183 725 tibi
1203 687 1448 738 impingunt
1466 685 1586 732 falso,
1614 685 1687 724 sed
1712 690 1862 725 sancta

191 757 235 788 40
254 741 331 776 tua
350 739 494 777 studia
512 740 556 777 in
577 752 845 778 communem
869 753 992 779 vsum
1019 753 1268 791 promouere
1298 740 1523 779 voluimus.
1584 740 1641 779 Et
1671 740 1797 780 hodie
1827 741 1861 778 si

254 804 338 831 non
359 805 452 831 eam
473 806 560 844 qua
579 793 731 845 dignus
751 808 806 839 es,
830 807 922 833 eam
944 794 1095 833 saltem
1116 808 1197 846 que
1219 796 1310 846 opis
1330 796 1409 834 erit
1429 800 1586 841 nostre,
1608 793 1858 833 beneuolen-

253 847 359 885 tiam
386 847 614 887 offerimus.
671 848 917 899 Hyreneum
944 851 1111 889 auidius
1137 854 1426 900 expectamus,
1454 854 1498 889 et
1523 849 1627 900 quid
1653 862 1679 888 a
1704 853 1746 888 te
1773 848 1860 888 fieri

254 902 447 951 cupimus
470 916 522 941 ex
546 902 754 942 Frobenio
778 917 1015 954 cognosces.

310 955 471 995 Datum
501 958 544 995 in
575 958 750 996 ciuitate
780 962 925 996 nostra
952 957 1129 1004 Vienna,
1156 958 1223 997 die
1250 959 1306 996 xii
1331 958 1487 997 Mensis
1511 957 1709 1004 octobris,
1737 958 1861 996 Anno

191 1029 232 1061 45
254 1009 321 1049 do.
350 1012 582 1050 M.D.xxiiii.

1498 1067 1804 1106 Ferdinandus.

309 1140 374 1178 Ad
427 1141 679 1180 mandatum
732 1143 983 1182 serenissimi
1035 1143 1236 1194 principis
1288 1142 1536 1182 Archiducis
1588 1142 1859 1235 Ferdirliandi,

1488 1197 1550 1236 Ia.
1573 1197 1750 1249 Spiege.

581 1292 702 1332 1506.
765 1290 834 1332 ΤΟ
866 1291 1000 1333 ‹JOHN
1033 1290 1285 1333 MA'r'rHEw
1316 1291 1535 1334 GIBERTI.

303 1368 460 1403 vatican
479 1369 579 1404 MSS.
1564 1371 1682 1406 Basle.

302 1428 419 1461 Balari
439 1439 473 1472 p.
495 1429 574 1471 380.
1471 1440 1509 1474 13
1530 1429 1690 1464 October
1712 1439 1811 1474 1524.

300 1507 360 1547 [Of
381 1507 452 1539 this
473 1507 578 1540 letter
598 1508 696 1540 there
716 1519 774 1540 are
796 1512 866 1540 two
887 1519 949 1541 ms.
974 1510 1088 1550 copies
1109 1511 1144 1541 in
1166 1510 1226 1542 the
1247 1509 1408 1546 Vaffican,
1430 1510 1465 1540 in
1488 1509 1547 1540 the
1569 1508 1726 1540 volumes
1747 1508 1859 1540 which

255 1550 383 1593 supply
400 1564 422 1592 γ
439 1551 510 1583 and
529 1554 544 1581 δ
560 1551 615 1584 for
632 1551 696 1593 Ep.
720 1554 801 1592 1438
819 1564 826 1584 z
858 1563 923 1584 one
939 1554 975 1584 in
993 1553 1054 1585 the
1070 1553 1237 1585 Aichives
1255 1553 1363 1592 (Arm.
1385 1562 1436 1592 32,
1456 1552 1525 1584 vol.
1548 1562 1574 1588 1,
1593 1552 1616 1585 f.
1637 1554 1699 1592 263
1718 1565 1725 1584 :
1758 1556 1791 1592 α)
1811 1551 1858 1593 by

256 1605 277 1626 a
293 1595 393 1626 xviic.
412 1594 519 1632 hand,
536 1594 596 1627 the
613 1594 714 1627 other
729 1596 765 1627 in
781 1595 842 1627 the
859 1595 1005 1638 Library
1023 1597 1140 1636 (Barb.
1156 1597 1235 1629 Lat.
1253 1606 1347 1637 1499,
1364 1597 1388 1629 f.
1409 1605 1472 1635 310
1489 1599 1560 1628 v0.:
1591 1599 1627 1635 β)
1645 1596 1794 1637 perhaps
1813 1595 1858 1637 by

256 1637 316 1670 the
335 1648 430 1670 same
451 1638 555 1671 hand.
601 1639 649 1670 As
668 1640 703 1670 in
724 1639 788 1680 Ep.
816 1641 909 1680 1438,
933 1640 992 1672 the
1012 1641 1258 1681 introductory
1277 1645 1378 1672 notes
1397 1650 1436 1671 as
1456 1644 1494 1671 to
1514 1650 1634 1672 source
1653 1650 1711 1671 a-re
1731 1639 1859 1671 almost

255 1681 421 1715 identical
437 1694 443 1713 :
493 1681 500 1694 ‘
515 1681 569 1714 Ex
602 1682 825 1724 originalibus
857 1684 941 1724 ipsis
972 1683 1081 1715 literis
1112 1685 1273 1725 repositis
1306 1684 1465 1725 (repertis
1478 1686 1513 1723 Β)
1547 1684 1639 1715 inter
1669 1684 1860 1724 scripturas

256 1725 433 1766 quondam
460 1725 592 1757 domini
752 1725 872 1763 Blosii‚
899 1726 980 1758 olim
1007 1728 1183 1759 secretarii
1208 1727 1402 1769 apostolici,
1430 1737 1520 1767 quae
1546 1731 1798 1758 conseruantur
1822 1727 1858 1758 in

256 1769 441 1801 secretaria
471 1768 665 1810 apostoliea
696 1769 887 1802 domestica
918 1770 1013 1811 apud
1045 1771 1086 1803 D.
1142 1770 1322 1803 Caesarem
1360 1769 1565 1803 Glorierium
1598 1769 1805 1809 (Glorerium
1821 1773 1857 1809 β)

257 1813 480 1844 secretarium
497 1812 504 1825 ²
523 1812 579 1851 (cf.
598 1812 662 1854 Ep.
680 1815 754 1852 831.
774 1816 866 1855 75n).

301 1855 374 1888 The
389 1855 493 1888 let-ter
508 1867 578 1888 was
596 1856 669 1888 first
686 1857 825 1898 printed
843 1857 890 1898 by
906 1857 943 1889 P.
964 1857 1074 1890 Balan
1091 1858 1181 1891 from
1199 1871 1217 1888 a
1235 1859 1271 1890 in
1288 1858 1341 1890 hjs
1359 1858 1455 1890 Mon.
1474 1856 1616 1898 Reform.
1638 1856 1858 1890 Lutheranae.

259 1901 354 1939 1884,
372 1910 404 1941 p.
425 1901 501 1939 380.
520 1900 605 1932 with
622 1910 642 1931 a
658 1900 724 1932 few
740 1910 923 1942 necessary
940 1903 1160 1935 corrections.
1178 1901 1249 1933 and
1265 1912 1360 1933 some
1377 1901 1626 1942 depravations
1642 1900 1755 1933 which
1770 1900 1858 1933 need

256 1947 319 1975 not
335 1943 376 1975 be
392 1943 555 1975 recorded
570 1943 661 1976 here.
701 1944 736 1975 It
750 1945 779 1975 is
795 1944 921 1986 clearly
935 1946 971 1977 in
986 1955 1155 1986 sequence
1171 1945 1256 1977 with
1272 1945 1336 1986 Ep.
1359 1946 1453 1984 1481,
1469 1945 1641 1985 renewing
1658 1944 1718 1977 the
1732 1944 1858 1985 appeal

256 1986 310 2018 for
326 1987 521 2028 protection
538 1988 677 2029 aga-inst
694 1987 746 2019 his
762 1988 986 2028 detractoris]

631 2086 729 2115 DES.
760 2086 979 2116 ERASMVS.
1014 2088 1077 2116 10.
1109 2088 1247 2115 MATH.
1279 2087 1487 2116 GIBERTO.

312 2138 352 2177 S.
373 2137 434 2185 P„
458 2140 725 2177 ornatissime
746 2140 824 2178 vir.
880 2140 975 2178 Misi
1003 2141 1166 2191 pridem
1190 2140 1378 2179 libellum
1406 2141 1470 2180 De
1497 2140 1629 2179 libero
1657 2140 1858 2187 arbitrio3

256 2205 368 2230 nunc
402 2192 627 2231 excuditur
660 2193 711 2231 de
751 2194 1002 2233 inuocandis
1041 2196 1212 2242 sanctis,
1255 2194 1430 2246 aliisque
1471 2194 1696 2233 nonnullis.
1767 2194 1859 2232 Iam

257 2246 421 2297 pridem
453 2246 799 2286 debaccabantur
830 2248 873 2286 in
906 2261 972 2286 me
1004 2248 1171 2288 furiosis
1202 2249 1353 2288 libellis
1385 2262 1433 2287 ac
1465 2248 1639 2287 famosis
1671 2249 1860 2299 picturis.

257 2299 381 2340 Nune
410 2302 543 2339 maior
569 2302 700 2340 etiam
727 2301 922 2341 fremitus
950 2304 1189 2342 concitatus
1216 2308 1293 2342 est.
1351 2303 1487 2342 Nemo
1515 2303 1704 2342 crederet
1731 2315 1860 2353 quam

220 2367 236 2400 5
255 2354 342 2393 late
360 2354 521 2394 malum
539 2357 738 2407 serpserit
755 2360 799 2394 et
815 2357 859 2395 in
876 2356 966 2395 dies
984 2361 1127 2408 serpat
1148 2371 1155 2395 :
1189 2370 1265 2395 nec
1285 2370 1351 2395 me
1370 2357 1478 2396 clam
1497 2362 1561 2396 est
1579 2370 1686 2408 quos
1705 2358 1862 2395 amicos

257 2408 525 2460 perdiderim,
549 2422 656 2461 quos
678 2410 822 2449 hostes
843 2412 886 2450 in
909 2424 976 2449 me
998 2412 1278 2462 prouocarim.
1329 2412 1460 2451 Porro
1482 2424 1621 2450 rerum
1649 2410 1862 2449 tumultus

304 2490 399 2521 1505.
428 2497 480 2529 32.
506 2489 683 2521 nascentis
696 2501 715 2520 α
730 2490 820 2529 (ante
837 2489 989 2523 Ecclesie
1001 2493 1037 2531 B)
1054 2502 1062 2523 z
1089 2495 1273 2524 vastantes
1285 2503 1316 2531 γ.
1419 2498 1515 2530 34—5.
1543 2502 1587 2531 ‹17
1603 2502 1610 2522 ε
1636 2494 1690 2522 est
1701 2490 1814 2522 minor
1825 2493 1858 2525 β.

258 2541 275 2572 3
282 2541 310 2573 5.
336 2542 407 2564 non
420 2545 439 2563 α
457 2544 464 2564 :
492 2543 562 2565 non
576 2536 651 2565 tam
665 2545 696 2573 γ.
863 2534 948 2575 quid
962 2535 1092 2567 sent-ias
1105 2538 1142 2567 et
1154 2548 1186 2575 γ,
1375 2544 1428 2574 47.
1455 2534 1620 2576 principis
1633 2545 1677 2575 α·γ
1692 2545 1700 2565 :
1727 2532 1859 2566 domini

258 2576 423 2618 principis
436 2578 470 2610 Β.

309 2680 401 2712 1505.
429 2689 483 2718 42.
512 2679 730 2720 Hyreneum]
753 2680 930 2712 Erasmus’
959 2681 1028 2713 edi·
1138 2691 1167 2720 3.
1195 2681 1333 2720 libellis]
1348 2681 1398 2713 Cf.
1415 2681 1480 2722 Ep.
1501 2683 1594 2721 1481.
1615 2691 1690 2722 27n.

260 2723 335 2753 tion
348 2732 418 2754 was
434 2727 498 2755 not
514 2722 711 2764 completed
727 2723 820 2756 until
830 2724 916 2766 Aug.
935 2727 1029 2765 1526.
1181 2725 1341 2767 picturis]
1358 2724 1408 2757 Cf.
1426 2724 1491 2766 Ep.
1514 2734 1607 2766 1459.
1628 2735 1705 2764 24n.

260 2765 296 2797 It
320 2775 390 2797 was
415 2766 501 2798 then
524 2766 710 2798 dedicated
736 2771 774 2799 to
801 2767 1030 2800 Ferdinand’s
1137 2770 1167 2800 6.
1195 2767 1327 2807 hostes]
1344 2767 1417 2800 The
1432 2768 1606 2800 reference
1622 2772 1661 2800 to
1674 2765 1860 2800 Clement's

260 2810 428 2847 minister,
458 2809 613 2842 Bernard
638 2809 675 2841 of
697 2809 772 2842 Cles
797 2810 902 2852 (Epp.
932 2821 1027 2853 1357,
1093 2812 1247 2854 diploma
1260 2812 1295 2851 (l.
1312 2814 1377 2851 10),
1390 2812 1475 2843 asin
1489 2811 1552 2853 Ep.
1572 2812 1664 2851 1481.
1679 2813 1732 2847 66,
1746 2810 1858 2842 shows

266 2854 373 2893 1738).
1093 2856 1174 2888 that
1206 2855 1372 2887 Erasmus
1404 2855 1475 2887 had
1507 2855 1560 2887 his
1592 2853 1717 2896 appeal
1749 2853 1856 2886 about

310 2906 404 2938 1506.
430 2917 461 2939 2.
487 2908 531 2939 de
554 2908 760 2940 inuocandis
786 2908 933 2948 sanctis]
957 2909 1031 2941 One
1094 2898 1344 2941 EngUdanUS
1362 2900 1398 2930 in
1417 2897 1470 2930 ΜΞ
1489 2898 1596 2930 mind·
1639 2898 1711 2930 But
1729 2897 1857 2938 haVing

263 2949 298 2980 of
330 2949 390 2982 the
420 2951 533 2992 topica
564 2950 716 2983 handled
746 2952 783 2983 in
812 2952 873 2984 the
905 2951 1032 2984 Modms
1093 2942 1250 2993 received
1267 2952 1313 2974 no
1331 2952 1464 2992 ansvjver
1479 2946 1542 2983 yet
1558 2946 1597 2974 to
1614 2939 1858 2991 Ep-‚1481‚he

263 2991 417 3075 (ινιὲιὲνὲάὲῃ
429 2993 535 3026 Deum
579 2994 658 3035 (Ep.
707 2998 827 3035 1502):
876 2995 918 3027 cf,
963 2995 1027 3037 Ep,
1092 2985 1280 3061 {lilgfirgsstilgr
1307 2985 1452 3018 reframs
1481 2985 1571 3018 from
1599 2984 1735 3026 specific
1764 2993 1857 3015 rnen-
