2012 3370
238 86 313 125 184
703 88 957 128 LETTERS
989 88 1060 128 OF
1090 87 1354 129 ERASMUS
1703 89 1827 140 [1523

153 210 214 245 §15
234 210 332 237 rans
348 197 484 237 solum
502 197 671 237 Patrem
690 198 828 236 Deum
844 197 1134 236 innascibilem
1151 210 1239 236 esse
1259 211 1267 243 ;
1301 197 1436 237 solum
1454 197 1607 236 Filium
1623 199 1828 249 genitum,

234 265 319 291 non
345 257 558 299 creatum,
602 252 806 302 Spiritum
834 256 1029 291 sanctum
1054 253 1113 290 sic
1146 251 1350 303 proficisci
1377 252 1431 290 ab
1459 256 1651 303 Vtroque,
1679 257 1729 292 vt
1752 266 1829 292 nec

234 311 361 346 natus
378 307 459 345 dici
477 307 623 358 possit,
643 319 719 345 nec
736 311 882 345 tamen
900 306 1192 345 admittendus
1209 308 1265 345 sit
1281 308 1324 345 in
1341 307 1523 345 nominis
1541 307 1798 346 consortium
1819 321 1828 347 ε

234 361 348 411 quod
373 361 547 411 quidam
572 360 677 399 Filio
702 361 962 407 tribuebant,
990 365 1227 399 creaturam
1251 361 1369 400 illum
1395 360 1670 411 appellantes,
1697 374 1829 412 quum

232 428 308 454 nos
330 428 415 453 non
439 416 577 453 minus
600 428 842 453 execremur
864 419 1081 453 creaturae
1104 428 1257 454 nomen
1279 417 1323 454 in
1345 416 1505 466 Spiritu
1528 420 1676 454 sancto
1699 429 1829 466 quam

151 483 216 515 520
231 471 275 508 in
311 470 436 508 Patre
472 474 548 507 aut
582 470 625 508 in
661 469 779 508 Filio.
840 469 897 507 Et
931 482 1063 519 quum
1100 469 1215 516 alias,
1252 474 1344 508 tum
1381 470 1487 508 libro
1523 470 1586 507 De
1620 469 1830 508 Trinitate

232 528 399 570 octauo,
423 536 577 575 magna
599 525 871 563 contentione
887 524 1091 570 defendit,
1109 537 1185 562 nos
1201 537 1369 575 quoque
1392 537 1488 562 cum
1511 524 1617 563 Filio
1637 528 1682 562 et
1703 524 1829 563 Patre

231 591 363 616 vnum
384 591 472 617 esse
491 583 659 625 natura,
680 591 766 617 non
785 578 1029 629 adoptione,
1050 592 1186 629 neque
1206 592 1411 617 consensu
1431 583 1616 617 tantum.
1666 578 1830 617 Rursus

230 633 319 671 eius
352 633 488 684 operis
521 633 629 672 libro
661 634 802 679 tertio,
838 633 911 671 sed
945 634 1078 684 magis
1112 633 1218 672 libro
1252 633 1428 679 decimo,
1464 634 1522 671 sic
1555 632 1744 684 loquitur
1777 633 1830 671 de

230 700 402 738 corpore
450 687 618 734 Christi,
668 692 719 726 vt
755 688 911 726 sentire
949 688 1146 726 videatur
1187 688 1365 726 Mariam
1411 688 1624 738 Virginem
1663 692 1830 738 praeter

149 754 208 787 525
230 741 506 793 concipiendi,
540 742 735 793 gestandi
766 746 810 780 et
841 742 1033 793 pariendi
1072 742 1352 781 ministerium
1392 742 1497 781 nihil
1533 741 1744 781 addidisse
1776 741 1828 780 de

229 808 306 834 suo
325 809 333 842 ;
368 809 501 848 quum
519 796 746 835 orthodoxi
764 797 939 835 credant
957 797 1171 836 Christum
1188 810 1240 835 ex
1259 796 1424 847 opificio
1441 796 1614 848 quidem
1632 796 1827 847 Spiritus,

228 850 302 889 sed
329 864 381 889 ex
408 851 651 890 substantia
677 852 853 902 virginei
881 852 1066 902 corporis
1093 855 1359 901 conceptum.
1420 850 1531 898 Quin
1557 855 1601 889 et
1628 851 1711 890 alia
1737 851 1829 890 loca

228 909 330 943 sunt
363 918 473 956 quae
507 905 673 944 ciuilem
707 910 749 944 et
785 905 1055 944 commodum
1090 907 1309 955 requirant
1341 906 1630 956 interpretem.
1691 905 1828 952 Quam

228 964 372 997 autem
394 959 528 1011 legem
549 961 593 998 in
615 973 658 998 se
679 961 846 1006 statuit,
870 960 944 1011 qui
965 961 1023 998 sic
1047 961 1181 997 saeuit
1202 960 1247 997 in
1267 959 1372 998 alios
1389 962 1405 997 ‘L‘

146 1026 211 1058 530
283 1013 406 1060 Quod
436 1015 471 1052 si
502 1015 596 1065 quis
626 1013 870 1064 indignetur
900 1015 1130 1064 quiequam
1161 1013 1394 1052 affectuum
1425 1013 1667 1052 huiusmodi
1697 1013 1829 1052 tribui

227 1067 328 1106 diuo
363 1068 540 1115 Hilario,
576 1068 690 1119 legat
725 1068 976 1118 Hieronymi
1010 1068 1226 1119 dialogum
1261 1080 1388 1118 quem
1423 1069 1591 1119 scripsit
1625 1068 1829 1107 aduersus

227 1121 528 1162 Luciferianos.
587 1122 629 1161 Is
664 1122 853 1161 declarat
886 1122 1098 1161 Hilarium
1133 1122 1230 1161 odio
1263 1122 1474 1168 factionis,
1511 1135 1536 1160 a
1569 1135 1656 1174 qua
1688 1121 1829 1161 fuerat

226 1175 299 1214 diu
332 1180 527 1223 vexatus,
561 1181 605 1216 et
636 1177 839 1216 aduersus
870 1190 1001 1228 quam
1033 1177 1106 1216 diu
1138 1177 1295 1215 bellum
1327 1181 1525 1228 gesserat,
1558 1176 1753 1216 incidisse
1783 1177 1827 1216 in

226 1230 477 1269 damnatam
492 1231 546 1269 ab
562 1231 749 1270 Ecclesia
763 1233 1033 1271 sententiam.
1092 1231 1174 1271 Sed
1189 1236 1380 1282 praestat
1394 1244 1446 1270 ex
1459 1232 1562 1282 ipsis
1576 1231 1826 1282 Hieronymi

144 1297 205 1330 535
227 1285 366 1324 verbis
412 1299 499 1324 rem
548 1298 808 1337 cognoscere.
870 1286 940 1326 ‘Si
961 1286 969 1301 '
1016 1287 1157 1337 inquit
1206 1286 1214 1300 ⁴
1234 1286 1434 1325 haeret-ici
1482 1286 1696 1336 baptisma
1740 1299 1827 1325 non

225 1339 399 1386 habent,
423 1344 468 1379 et
487 1340 583 1379 ideo
604 1340 898 1392 rebaptizandi
921 1340 975 1379 ab
998 1340 1186 1380 Ecclesia
1207 1344 1320 1387 sunt,
1344 1341 1445 1391 quia
1465 1340 1509 1379 h]
1532 1340 1720 1380 Ecclesia
1740 1353 1826 1379 non

225 1393 411 1441 fuerunt,
441 1395 531 1445 ipse
559 1407 729 1446 quoque
758 1395 945 1434 Hilarius
974 1408 1060 1434 non
1089 1399 1153 1434 est
1180 1394 1473 1442 Christianum
1517 1395 1562 1433 in
1590 1407 1641 1434 ea
1668 1395 1826 1446 quippe

226 1448 414 1487 Ecclesia
455 1449 701 1500 baptizatus
742 1454 807 1488 est
848 1462 958 1500 quae
998 1462 1162 1500 semper
1203 1449 1258 1488 ab
1299 1449 1520 1488 haereticis
1563 1449 1825 1500 baptismum

224 1504 397 1554 recepit.
455 1503 699 1554 Antequam
725 1503 1001 1543 Ariminensis
1026 1503 1215 1555 synodus
1240 1503 1371 1550 fieret,
1400 1508 1633 1554 antequam
1659 1503 1826 1542 Lucifer

144 1569 209 1601 540
225 1557 429 1604 exularet,
476 1558 676 1604 Hilarius,
723 1558 942 1597 Romanae
987 1558 1199 1597 Ecclesiae
1243 1558 1459 1605 diaconus,
1505 1558 1560 1597 ab
1603 1558 1826 1597 haereticis

224 1612 443 1650 venientes
476 1613 520 1650 in
554 1625 603 1651 eo
637 1612 753 1663 quod
787 1613 903 1664 prius
937 1616 1210 1664 susceperant
1244 1612 1503 1664 baptismate
1538 1613 1824 1663 suscipiebat3

224 1666 267 1704 ni
295 1665 406 1705 forte
433 1670 606 1705 tantum
634 1667 781 1706 An'ani
809 1667 1009 1706 haeretici
1039 1671 1151 1713 sunt,
1182 1670 1227 1706 et
1254 1667 1308 1705 ab
1337 1667 1402 1705 his
1430 1667 1528 1706 solis
1557 1667 1824 1718 baptizatum

223 1721 405 1771 recipere
438 1733 525 1760 non
557 1721 669 1768 licet,
705 1721 760 1760 ab
794 1722 887 1760 aliis
919 1721 1031 1761 licet.
1088 1722 1304 1761 Diaconus
1337 1734 1442 1768 eras,
1478 1734 1503 1760 ο
1537 1721 1687 1767 Hilari,
1722 1725 1767 1760 et
1800 1734 1826 1759 a

222 1773 482 1814 Manichaeis
531 1775 774 1827 baptizatos
822 1776 1082 1827 recipiebas3
1148 1776 1352 1815 diaconus
1401 1788 1505 1823 eraS,
1557 1780 1601 1815 et
1650 1775 1827 1815 Ebionis

144 1840 203 1873 545
226 1829 440 1880 baptisma
481 1830 802 1881 comprobabas.
860 1831 1055 1882 Repente
1096 1835 1326 1882 postquam
1368 1835 1540 1870 exortus
1581 1834 1647 1870 est
1686 1830 1824 1877 Arius,

223 1887 343 1923 totus
378 1884 458 1923 tibi
493 1884 711 1936 displicere
747 1886 952 1936 coepisti:
1004 1898 1195 1937 segregas
1230 1890 1273 1924 te
1309 1898 1406 1924 cum
1441 1885 1527 1924 tuis
1562 1885 1748 1924 vernulis
1783 1888 1827 1924 et

222 1950 383 1977 nouum
404 1939 603 1977 balneum
624 1939 788 1990 aperis.'
862 1940 1025 1979 Rursus
1045 1940 1265 1991 aliquanto
1285 1944 1384 1991 post
1404 1952 1411 1978 :
1452 1939 1459 1954 ‘
1479 1939 1613 1991 Legat
1631 1943 1676 1978 et
1694 1939 1826 1991 ipsius

224 1992 375 2031 Hilarii
414 1993 588 2040 libellos,
630 2006 737 2044 quos
777 1994 1003 2033 aduersum
1042 2007 1119 2033 nos
1159 1994 1211 2033 de
1250 1994 1472 2033 haereticis
1510 1993 1826 2045 rebaptizandis

223 2046 397 2094 aedidit,
429 2052 474 2086 et
502 2048 561 2086 ibi
591 2049 771 2099 reperiet
800 2049 939 2099 ipsum
970 2048 1181 2087 Hilarium
1212 2048 1403 2088 confiteri
1433 2061 1459 2087 a
1489 2048 1612 2095 Iulio,
1642 2048 1823 2094 Malcho,

143 2111 205 2144 550
223 2100 440 2151 Syluestro
479 2106 523 2140 et
561 2103 736 2141 caet-eris
774 2103 990 2142 veteribus
1027 2103 1234 2165 episcopis
1272 2102 1397 2142 simul
1433 2103 1478 2141 in
1516 2103 1824 2153 poenitentiam

222 2167 368 2194 omnes
397 2155 630 2195 haereticos
659 2157 915 2207 susceptos'.
976 2157 1099 2204 Quod
1133 2158 1167 2195 si
1201 2157 1487 2208 Hieronymus
1520 2157 1624 2196 haec
1658 2157 1826 2208 scripsit

221 2209 266 2247 in
295 2209 407 2249 hunc
438 2210 662 2257 Hilarium,
694 2211 836 2262 palam
867 2216 1052 2262 arguunt
1080 2225 1177 2250 eum
1207 2211 1304 2250 odio
1334 2211 1531 2250 factionis
1560 2212 1743 2250 Arianae
1772 2224 1824 2249 ex

222 2263 420 2314 opinione
462 2265 672 2303 catholica
712 2266 756 2303 in
798 2265 1055 2304 haereticam
1097 2265 1225 2304 fuisse
1267 2265 1500 2317 delapsum,
1545 2278 1678 2316 quum
1720 2265 1825 2304 nulli

222 2330 413 2368 vnquam
449 2320 583 2370 magis
617 2320 759 2370 impie,
797 2320 931 2381 magis
966 2320 1111 2359 insane
1148 2319 1366 2358 delirarint
1402 2319 1454 2358 de
1490 2319 1656 2359 Christo
1692 2332 1822 2370 quam

142 2383 202 2416 555
222 2371 486 2411 Manichaei·
479 2403 487 2419 ,
543 2386 676 2424 quum
715 2378 807 2412 tam
845 2374 1019 2426 insignis
1058 2378 1168 2412 esset
1207 2374 1505 2413 Ebionitarum
1545 2373 1821 2425 blasphemia,

222 2427 296 2477 qui
330 2427 543 2466 Christum
577 2427 682 2466 nihil
715 2428 832 2467 aliud
865 2441 953 2467 esse
987 2428 1199 2467 docebant
1231 2441 1361 2479 quam
1395 2428 1638 2475 hominem;
1689 2441 1822 2479 quum

221 2481 392 2520 interim
421 2481 568 2520 Ariani
597 2482 834 2521 faterentur
863 2495 952 2522 esse
981 2482 1120 2522 Deum
1150 2486 1195 2522 et
1224 2495 1426 2534 magnum
1455 2482 1608 2530 Deum,
1640 2482 1821 2522 eundem

222 2538 368 2574 tamen
410 2540 648 2575 creaturam
691 2550 792 2583 esse,
837 2537 911 2576 sed
952 2537 1128 2576 infinitis
1170 2537 1364 2588 partibus
1406 2537 1582 2576 caeteris
1624 2536 1821 2576 omnibus

222 2589 573 2637 excellentiorem,
603 2604 732 2642 quam
761 2591 889 2630 Pater
915 2592 959 2630 in
986 2591 1082 2630 Filii
1108 2595 1153 2631 et
1178 2592 1223 2630 in
1250 2591 1384 2631 diuini
1409 2591 1592 2630 nominis
1619 2591 1821 2630 honorem

142 2648 206 2687 560
222 2643 483 2695 adoptasset,
510 2658 585 2696 per
609 2658 739 2696 quam
765 2645 1023 2685 condidisset
1047 2646 1257 2693 Vniuersa,
1284 2658 1477 2697 quaeque
1501 2646 1547 2684 in
1571 2645 1697 2685 coelis
1721 2649 1823 2685 sunt

221 2710 415 2750 quaeque
440 2699 484 2738 in
509 2699 645 2739 terris.
702 2699 858 2740 Fateor
882 2700 986 2740 haec
1011 2713 1101 2740 esse
1124 2700 1235 2739 infra
1254 2700 1507 2752 dignitatem
1527 2700 1682 2740 Christi
1696 2713 1706 2746 ;
1747 2699 1822 2739 sed

222 2752 326 2802 quid
371 2753 426 2792 ad
471 2753 769 2794 Ebionitarum
815 2754 1120 2806 blasphemiam
1142 2758 1158 2793 ἲ
1217 2755 1275 2794 Et
1319 2759 1464 2794 tamen
1508 2754 1563 2794 ab
1608 2754 1820 2793 Ebionitis

267 2833 341 2864 530.
369 2824 470 2862 Quod
491 2825 519 2856 si
539 2825 641 2867 quiS.
688 2828 788 2867 .569.
813 2825 950 2867 pondus
975 2825 1105 2858 habeat
1128 2837 1147 2855 a
1173 2827 1204 2866 (
1187 2836 1260 2868 ,5.41
1289 2828 1514 2868 susceperant
1537 2836 1580 2856 a:
1612 2828 1819 2866 acceperant

222 2865 317 2897 Hzer.
347 2868 424 2940 erig
426 2868 520 2899 Eros.
622 2880 696 2911 550.
722 2869 824 2901 simul
846 2881 889 2901 a:
921 2869 1080 2901 similiter
1105 2844 1206 2902 Hier.
1229 2870 1277 2902 ed.
1306 2869 1440 2909 Erae.):
1483 2879 1544 2900 om.
1570 2870 1603 2902 Β
1669 2867 1722 2909 Cf.
1747 2868 1816 2909 ΕΡ

226 2918 376 2940 1000.12
402 2919 478 2949 -47

373 2991 446 3023 534.
444 2965 627 3023 Hieron)
620 2980 734 3021 mi]c.
753 2980 863 3022 Ducis.
880 2984 934 3014 26.
1182 2993 1255 3024 547.
1282 2979 1429 3020 Rtusus]
1446 2981 1530 3013 ibid.
1549 2990 1603 3022 27.
