2012 3370
142 125 264 176 1463]
551 125 711 165 FROM
741 125 989 165 LEVINUS
1020 123 1324 164 AMMONIUS
1655 123 1729 161 491

138 231 326 283 alioquin
351 231 541 271 homines
564 236 608 271 et
631 245 803 283 syncere
827 231 993 270 Christo
1017 231 1176 275 deuoti,
1203 235 1417 269 caeterum
1445 231 1488 268 in
1517 229 1733 268 literarum

140 286 353 326 studiosos
373 300 525 340 parum
545 287 755 338 propensi.
892 325 897 329 ,

194 340 276 380 Sed
302 340 431 380 finem
457 341 595 380 facio:
638 340 859 391 indignum
887 340 1045 390 quippe
1072 339 1183 378 soret
1209 343 1252 378 te
1279 351 1356 390 pro
1384 337 1598 377 communi
1626 350 1736 376 com·

141 394 267 434 niodo
293 395 559 434 laborantem
579 394 740 433 diutius
759 393 942 432 indoctis
960 394 1073 434 hisce
1100 394 1222 444 nugis
1248 393 1440 432 detineri.
1497 391 1639 431 Vnum
1658 391 1739 431 1100

140 448 311 495 addam,
335 448 439 487 nihil
461 462 549 488 esse
571 453 662 487 tam
688 448 869 486 arduum
892 452 1068 499 tamque
1089 447 1271 493 difficile,
1296 446 1412 498 quod
1436 459 1523 485 non
1545 445 1739 486 alacriter

139 506 216 541 tua
239 516 366 542 causa
389 503 586 549 subirem,
611 502 814 554 quicquid
835 501 941 540 illud
964 506 1074 540 esset
1097 514 1182 552 quo
1204 501 1284 540 tibi
1307 500 1535 552 gratificari
1558 512 1738 552 possem.

141 556 286 596 Habes
319 558 509 596 animum
543 557 656 595 hunc
689 556 769 595 tibi
803 556 995 607 profecto
1029 568 1159 606 quam
1194 554 1519 600 deditissimum,
1556 567 1654 606 quo,
1691 558 1741 593 vt

142 611 270 658 voles,
299 612 433 662 possis
459 612 537 650 vti.
593 611 708 650 Bene
735 610 842 656 vale,
870 614 1014 648 noster
1042 609 1230 655 Erasme,
1259 613 1303 647 et
1329 609 1603 647 Ammonium
1630 609 1741 646 inter

141 665 314 704 vltimos
336 665 557 705 clientulos
579 665 843 711 adnumeres,
867 676 1026 715 precor.

197 718 232 757 Ε
256 718 386 770 Sylua
408 723 555 758 nostra
576 719 847 758 Martiniana.
899 722 1054 768 quarto
1077 729 1211 756 nonas
1235 716 1377 755 Iulias.
1430 716 1555 755 Anno
1581 724 1698 766 1524.

819 819 1062 848 APPENDIX.

198 875 344 914 Visum
373 880 437 914 est
465 876 638 922 interea,
670 875 772 913 dum
801 874 1047 913 tabellarius
1076 878 1267 912 moratur
1295 873 1411 924 apud
1440 886 1537 911 suos
1565 878 1609 911 et
1637 877 1741 911 tem-

143 931 254 980 poris
285 929 445 981 aliquid
475 933 679 981 superest,
709 928 871 968 isthaec
902 928 1151 967 adscribere.
1212 927 1385 975 Quanta
1414 941 1480 966 me
1511 928 1742 973 existimas,

144 984 331 1030 Erasme,
365 997 460 1022 cum
492 984 716 1035 voluptate
747 984 905 1022 versari
936 995 1033 1021 cum
1063 983 1108 1022 in
1138 981 1230 1021 aliis
1260 981 1629 1021 lucubrationibus
1658 981 1745 1020 tuis

145 1040 267 1089 (quas
291 1051 397 1089 pene
421 1051 579 1084 omnes,
604 1041 656 1077 vt
678 1051 730 1076 ex
754 1037 957 1088 Catalogo
979 1036 1079 1076 licet
1102 1036 1306 1088 colligere,
1332 1049 1460 1087 penes
1484 1049 1551 1074 me
1574 1035 1743 1083 habeo),

143 1096 237 1130 tum
269 1093 313 1130 in
346 1092 591 1131 Enchiridio
623 1096 667 1131 et
698 1091 868 1131 Moria?
919 1091 1074 1142 quibus
1107 1092 1151 1131 in
1185 1091 1397 1141 opusculis
1430 1091 1536 1129 miro
1570 1089 1744 1129 consilio

143 1146 321 1185 eandem
358 1147 531 1185 omnino
563 1159 654 1186 rem
688 1150 732 1185 te
767 1158 890 1197 agere
925 1158 1063 1192 cern0,
1101 1145 1174 1183 vbi
1209 1145 1320 1184 inter
1356 1145 1439 1183 alia
1474 1157 1575 1183 sane
1611 1156 1741 1196 quam

143 1200 355 1252 eleganter
379 1202 465 1239 suis
489 1200 698 1239 coloribus
720 1201 793 1240 isti
816 1200 1099 1251 superstitiosi
1122 1200 1369 1250 pinguntur.
1424 1198 1562 1246 Quam
1585 1202 1746 1237 tersum

143 1255 202 1293 eis
234 1254 501 1306 politumque
533 1254 751 1306 speculum
784 1254 1027 1300 exhibuisti,
1062 1254 1097 1292 si
1129 1266 1275 1304 sapere
1308 1253 1454 1300 velint,
1489 1257 1540 1292 vt
1571 1252 1747 1291 tandem

144 1307 375 1359 aliquando
404 1309 666 1359 resipiscant.
725 1308 921 1347 Profecto
951 1320 1150 1359 magnam
1181 1320 1206 1346 a
1235 1320 1302 1346 me
1331 1308 1448 1346 inisti
1477 1307 1673 1358 gratiam,
1704 1310 1749 1345 et

143 1375 229 1401 non
254 1363 415 1401 omneis
440 1376 537 1401 Vere
562 1363 654 1414 pios
679 1363 806 1401 modo
832 1362 905 1400 sed
930 1367 973 1400 et
997 1363 1138 1412 ipsum
1162 1361 1242 1400 tibi
1268 1361 1483 1400 Christum
1508 1361 1574 1399 his
1597 1360 1748 1399 libellis

145 1416 381 1455 debitorem
402 1417 676 1456 constituisti.

198 1469 241 1510 Si
266 1470 447 1510 Michael
472 1471 693 1517 Bentinus,
720 1471 886 1509 iuuenis
911 1470 1144 1508 admodum
1170 1469 1374 1515 eruditus,
1402 1469 1518 1520 apud
1543 1473 1586 1507 te
1612 1468 1748 1508 diuer-

145 1529 275 1571 satur,
299 1525 480 1564 multam
501 1527 541 1566 ei
562 1540 615 1566 ex
639 1538 706 1564 me
729 1525 911 1564 salutem
933 1524 1051 1563 dicas
1074 1523 1214 1563 velim.
1267 1524 1380 1562 Ante
1403 1536 1562 1575 paucos
1586 1536 1749 1562 menses

146 1592 210 1618 me
238 1584 281 1618 et
307 1579 439 1619 literis
465 1581 551 1619 suis
577 1584 622 1618 et
648 1580 889 1631 praesentia
914 1579 1115 1630 dignatus
1142 1583 1207 1618 est
1233 1579 1426 1617 inuisere.
1482 1577 1662 1623 Amabo,
1692 1577 1749 1616 mi

147 1633 333 1680 Erasme,
357 1635 392 1673 si
412 1633 501 1673 fieri
523 1638 679 1685 potest,
702 1633 769 1672 fac
792 1633 954 1684 aliquid
973 1634 1160 1684 imprimi
1182 1646 1203 1671 e
1225 1633 1326 1672 diuo
1348 1633 1651 1683 Chrysostomo
1673 1645 1750 1670 sua

146 1689 300 1739 lingua,
322 1693 371 1726 vt
390 1692 563 1739 gustum
581 1688 782 1739 phraseos
800 1689 889 1726 eius
909 1687 1093 1738 aliquem
1112 1687 1358 1726 habeamus.
1407 1687 1519 1725 Nam
1538 1686 1654 1737 apud
1673 1699 1750 1724 nos

148 1741 402 1783 Graecorum
436 1742 639 1781 librorum
674 1742 729 1780 ad
763 1742 1047 1781 Christianam
1081 1743 1286 1795 pietatem
1316 1741 1564 1779 facientium
1596 1753 1750 1792 magna

149 1798 320 1835 omnino
341 1802 383 1836 et
402 1798 556 1837 raritas
577 1801 642 1836 est
667 1801 711 1836 et
731 1797 887 1835 caritas
907 1810 915 1842 3
952 1801 997 1835 et
1016 1797 1051 1835 si
1071 1795 1174 1847 quid
1195 1795 1305 1834 forte
1325 1795 1604 1834 amiculorum
1627 1796 1750 1846 (quos

148 1863 247 1890 sane
277 1864 363 1890 non
391 1852 456 1890 ita
484 1851 642 1890 multos
671 1850 825 1899 habeo)
857 1849 1153 1889 beneuolentia
1184 1849 1286 1889 mihi
1316 1854 1489 1901 partum
1519 1854 1596 1895 est,
1628 1849 1672 1887 id
1702 1862 1751 1887 eo

149 1906 305 1944 maiore
336 1905 545 1944 charitate
575 1905 846 1956 complector,
877 1917 963 1956 quo
994 1904 1097 1944 mihi
1127 1905 1263 1943 carius
1294 1904 1501 1943 constitit.
1561 1903 1752 1942 Christus

149 1964 192 1997 te
212 1963 351 1997 seruet
369 1961 623 2000 incolumem
644 1959 694 1997 ad
720 1959 929 1997 Ecclesiae
950 1972 1049 1997 suae
1068 1958 1256 1996 frus-tum
1277 1963 1317 1996 et
1340 1958 1585 1996 vtilitatem.

364 2094 560 2137 14561464.
624 2094 764 2136 FROM
796 2094 1134 2137 CHRISTOPHER
1166 2106 1224 2136 OF
1255 2093 1534 2136 UTENHEIM.

198 2186 351 2221 Breslau
367 2186 443 2222 MS.
463 2185 582 2221 Rehd.
602 2195 682 2230 254.
703 2195 759 2231 52.
1449 2185 1688 2229 Porrentruy.

198 2244 292 2280 EE2.
310 2248 367 2280 28.
1435 2254 1473 2287 13
1493 2243 1585 2288 July
1605 2251 1705 2286 1524.

196 2324 266 2366 [An
285 2324 431 2367 original
448 2324 563 2362 letter,
583 2324 773 2367 seemingly
791 2325 828 2357 in
849 2324 907 2357 the
928 2323 1089 2366 Bishop’s
1107 2323 1304 2366 autograph
1324 2322 1553 2364 throughout.
1596 2321 1667 2353 Tho
1688 2331 1750 2352 ms.

151 2368 335 2410 year-date
351 2369 380 2400 is
396 2369 517 2410 amply
534 2368 722 2401 confirmed
742 2368 788 2409 by
806 2368 866 2401 the
884 2369 1078 2400 connexion
1096 2368 1182 2400 with
1199 2367 1264 2408 Ep.
1288 2367 1399 2406 1474]

376 2469 739 2498 CHRISTOPHORVS
786 2469 863 2497 DEI
893 2469 1056 2497 GRATIA
1088 2468 1324 2497 EPISCOPVS
1355 2468 1641 2496 BASILIENSIS.

208 2524 417 2564 SALVTEM
442 2537 539 2563 cum
564 2536 740 2574 syncero
766 2523 1057 2575 complacendi
1082 2524 1237 2561 animo.
1293 2523 1498 2561 Dedimus
1523 2534 1670 2573 nuper,
1698 2523 1756 2561 mi

153 2577 396 2617 doctissime
425 2578 595 2617 domine
625 2578 814 2625 Erasme,
845 2578 1018 2629 quando
1047 2576 1429 2616 Misericordiarum
1460 2589 1566 2627 opus
1595 2575 1651 2614 ad
1680 2588 1758 2615 nos

155 2632 421 2679 mittebatur,
459 2632 515 2671 ad
550 2632 831 2684 prestanti-am
867 2636 1055 2671 vestram
1088 2631 1232 2670 literas
1268 2631 1431 2682 vulgari
1466 2630 1679 2669 ideomate
1714 2634 1759 2669 et

157 2699 286 2725 manu
312 2686 485 2725 alterius
510 2690 720 2725 exaratas.
775 2685 842 2725 Sic
867 2687 979 2725 enim
1005 2691 1108 2724 tunc
1134 2690 1281 2724 nostra
1305 2685 1515 2724 suadebat
1541 2683 1757 2731 valetudo,

206 2803 298 2834 1463.
329 2810 400 2839 130.
426 2799 642 2839 tabellarius]
685 2799 842 2841 Possibly
881 2800 920 2831 L.
990 2799 1092 2831 acted
1112 2810 1206 2840 upon
1226 2799 1296 2831 this
1313 2799 1538 2841 suggestion3
1572 2799 1757 2841 beginning

157 2844 283 2888 Algoct
299 2857 305 2877 :
337 2855 393 2876 see
408 2844 472 2885 Ep.
493 2853 586 2885 ¹430·
602 2853 680 2875 21n.
989 2844 1025 2874 in
1045 2843 1143 2884 April
1166 2851 1245 2883 1525
1267 2854 1288 2874 a
1306 2844 1409 2874 series
1429 2843 1464 2874 of
1481 2842 1583 2875 small
1601 2842 1758 2875 volumes

207 2898 277 2928 14²·
303 2887 485 2930 Catalogo]
523 2887 598 2918 Cat.
638 2887 859 2919 Lucubration
868 2897 921 2918 um
992 2887 1029 2918 of
1053 2886 1278 2927 chrysostom
1304 2887 1374 2926 (see
1406 2886 1485 2928 Epp
1532 2887 1626 2928 1558.
1662 2888 1756 2928 1563.

157 2933 218 2972 (1).
996 2933 1091 2967 1061,
1113 2939 1194 2971 1734
1211 2930 1281 2962 and
1299 2930 1416 2962 others
1432 2931 1546 2969 later),
1562 2930 1674 2963 either
1698 2930 1757 2963 the

208 2984 278 3016 150.
306 2974 491 3015 Bentinus]
506 2976 569 3008 Seo
585 2975 649 3016 Ep.
671 2983 762 3015 1433.
781 2984 835 3005 zn.
993 2974 1104 3006 Greek
1128 2977 1207 3005 text
1237 2973 1331 3014 only,
1359 2985 1397 3006 or
1425 2974 1651 3006 translations
1675 2974 1759 3006 with

210 3028 279 3061 153.
306 3017 570 3060 Chrysostomo]
626 3018 789 3050 Erannus
837 3029 920 3049 soon
992 3017 1050 3049 tho
1068 3017 1177 3050 Greek
1197 3017 1321 3049 added.

1759 300 1819 331 130

1762 571 1819 604 135

1766 941 1826 971 140

1768 1212 1826 1244 145

1770 1484 1831 1517 150

1772 1758 1829 1789 155
