2033 3395
121 158 242 209 1256]
543 157 702 196 FROM
730 156 884 196 JOHN
914 154 1081 195 LOUIS
1112 153 1280 193 VIVEs
1657 149 1703 187 11

117 267 254 306 habeo
289 267 502 307 auditores
535 270 580 305 et
614 266 790 312 charos;
839 264 915 304 sed
948 263 1315 304 commendatione
1349 266 1427 300 tua
1460 261 1618 312 priores
1650 259 1711 297 illi

118 325 245 360 erunt
264 321 484 367 chariores,
506 324 550 359 et
569 320 636 359 hic
656 324 909 371 postremus,
929 319 964 358 si
983 318 1110 357 modo
1131 318 1295 357 charior
1313 319 1457 367 potest
1475 327 1577 354 esse.

172 375 237 414 De
256 375 493 426 Augustino
514 374 678 413 absolui
697 373 899 413 tredecim
918 373 1058 412 libros.
1118 372 1290 423 Septem
1315 374 1416 409 sunt
1438 367 1643 419 recogniti
1667 370 1712 405 et

117 430 375 480 transcripti,
403 442 477 468 sex
502 428 574 467 alii
598 432 849 479 premuntur
875 427 1122 478 aliquandiu
1142 439 1151 472 ;
1192 425 1362 465 interim
1388 422 1550 474 aliquid
1575 433 1710 461 accre-

119 483 211 522 scit.
265 483 513 522 queniliter
535 483 671 521 statui
694 482 798 521 mihi
816 486 908 520 tam
933 482 1104 520 breuem
1125 480 1250 526 diem,
1276 491 1363 518 non
1382 490 1566 529 expenso
1586 488 1710 527 nego·
1727 483 1768 516 95

118 537 179 575 tio
208 541 300 576 tam
328 537 453 589 longo
482 541 526 576 et
555 537 672 575 vario
702 540 746 575 et
773 535 1005 582 recondito,
1035 548 1170 586 vsque
1199 534 1305 573 adeo
1331 532 1477 572 multis
1503 529 1714 570 historicis

117 590 255 638 rebus,
278 591 554 637 fabularibus,
578 590 857 637 naturalibus,
881 589 1123 636 moralibus,
1146 588 1392 638 theologicis
1413 585 1582 631 referto,
1604 596 1715 635 quae

118 649 167 683 tu
187 658 274 684 non
293 646 474 697 ignoras.
524 645 791 696 Explicarem
812 645 1021 683 rationem
1041 648 1181 682 totam
1201 642 1356 681 laboris
1377 641 1472 686 mei,
1494 640 1575 678 nisi
1595 638 1651 677 ad
1671 641 1715 676 te

118 699 354 739 scriberem.
409 699 516 739 Peto
543 712 569 737 a
595 704 638 738 te
664 712 717 738 ne
743 698 976 750 aegreferas
1002 697 1130 749 paulo
1157 697 1287 736 serius
1314 694 1611 746 expectatione
1636 696 1715 731 tua

120 753 248 800 mitti,
270 753 396 793 modo
415 754 546 803 <non>
565 754 738 792 omnino
758 753 996 804 Augustino
1016 752 1238 802 indignum
1258 762 1364 801 opus
1385 752 1523 789 exeat.

176 807 417 847 Verberasti
446 808 637 847 animum
666 821 809 846 meum
836 807 908 846 illo
938 811 1014 845 tuo
1045 806 1188 852 verbo,
1222 804 1230 820 ‘
1249 805 1347 844 Non
1376 816 1446 843 ero
1474 802 1556 842 tibi
1584 800 1713 840 toties

119 861 352 913 flagitando
387 862 591 901 molestus
605 861 629 900 ³.
694 862 857 901 Videris
892 861 1004 900 enim
1039 860 1150 899 nolle
1185 872 1253 898 me
1280 858 1460 910 posthac
1489 856 1715 896 admonere

119 916 318 955 vtih'tatis
343 929 533 956 meorum
557 916 795 955 studiorum
817 929 825 962 ;
864 915 1060 954 incitatio
1084 914 1197 954 enim
1220 914 1304 952 ist-a
1327 917 1405 951 tua
1428 915 1473 951 et
1496 911 1640 956 etiam,
1666 912 1717 947 vt

119 974 168 1008 tu
192 983 332 1017 voeaS‚
357 970 620 1022 efflagitatio,
644 970 748 1022 quid
772 969 887 1009 aliud
910 973 975 1008 est
998 981 1128 1020 quam
1153 968 1302 1014 calcar,
1328 965 1444 1018 quod
1467 979 1535 1004 me
1558 963 1717 1014 alioqui

119 1029 354 1064 cessantem
383 1024 439 1064 ad
476 1025 641 1076 egregia
677 1037 806 1076 opera
843 1023 1037 1063 stimulat
1057 1026 1073 1062 ⁸?
1125 1022 1185 1061 Et
1221 1021 1568 1073 efflagitationem
1606 1018 1716 1057 hanc

120 1079 314 1117 nominas
334 1082 349 1118 ⁴?
382 1079 487 1130 quid
505 1092 604 1131 ergo
624 1079 913 1130 praeceptoris
932 1078 1107 1117 vocabis
1128 1077 1294 1116 monita
1311 1080 1326 1115 ’ἲ
1359 1075 1433 1114 Vis
1455 1087 1543 1114 esse
1558 1078 1650 1112 tam
1672 1072 1717 1110 in

120 1133 277 1172 amicos
304 1137 349 1172 et
381 1133 609 1184 discipulos
637 1133 783 1179 ciuilis,
813 1137 865 1172 vt
891 1145 1078 1171 moerore
1105 1144 1175 1171 eos
1205 1130 1375 1176 afficias,
1406 1142 1539 1181 quum
1569 1126 1720 1166 vident

121 1200 263 1226 secum
284 1187 402 1227 velut
422 1201 518 1227 cum
538 1187 688 1227 leuiter
706 1188 820 1226 notis
848 1191 925 1225 aut
944 1187 1024 1225 tibi
1052 1186 1226 1237 paribus
1257 1197 1391 1236 agere.
1451 1182 1653 1222 Nondum
1674 1184 1719 1220 et

120 1241 283 1291 agendo
304 1246 348 1281 et
366 1241 544 1281 dicendo
564 1242 708 1293 potuit
726 1242 806 1280 tibi
826 1241 954 1281 Viues
972 1239 1236 1291 persuadere,
1258 1243 1301 1278 te
1320 1237 1425 1277 nihil
1439 1250 1561 1289 posse
1580 1235 1719 1274 facere

119 1295 199 1333 sibi
228 1295 467 1343 molestum,
497 1296 577 1334 nisi
604 1309 737 1346 quum
765 1309 818 1335 ne
846 1296 903 1334 sis
921 1294 1123 1333 molestus
1150 1295 1288 1333 times.
1345 1292 1447 1331 Tale
1466 1295 1531 1330 est
1551 1289 1656 1329 illud
1675 1289 1720 1328 in

120 1350 488 1401 superscriptione,
510 1350 519 1364 ‘
534 1350 682 1388 Amico
703 1363 797 1389 meo
817 1349 1082 1388 obseruando
1099 1348 1106 1363 ³
1125 1361 1133 1394 ;
1168 1361 1245 1387 nec
1282 1347 1291 1361 ‘
1306 1345 1572 1386 obseruando
1592 1344 1615 1390 ³,
1646 1343 1720 1382 sed

122 1404 266 1451 etiam,
300 1405 337 1443 si
357 1403 437 1442 diis
456 1403 609 1455 placet,
634 1404 641 1419 ‘
660 1405 705 1443 in
734 1404 879 1455 primis
903 1402 1170 1442 obseruando
1186 1401 1210 1440 '.
1262 1401 1305 1441 Si
1328 1400 1509 1452 posthac
1531 1398 1586 1437 ad
1605 1399 1719 1437 hunc

123 1457 299 1497 modum
335 1459 572 1509 permiseris
611 1459 745 1497 istum
783 1459 871 1497 siue
909 1457 1116 1496 Ioannem
1155 1457 1244 1495 siue
1283 1456 1485 1495 Liuinum
1523 1452 1717 1498 scribere,

120 1512 307 1552 reiiciam
326 1513 469 1552 literas
485 1526 493 1552 :
527 1513 594 1552 cui
613 1512 903 1552 obseruandus
919 1525 995 1563 ego
1012 1525 1119 1558 sum,
1137 1511 1173 1549 is
1189 1523 1275 1549 non
1291 1513 1356 1549 est
1372 1509 1587 1548 Erasmus.
1642 1506 1723 1546 Per

122 1567 266 1605 omnia
281 1567 373 1606 iura
390 1567 602 1606 amicitiae
624 1571 669 1606 et
689 1567 888 1606 vniuersa
909 1571 987 1605 tua
1007 1567 1052 1604 in
1075 1579 1142 1604 me
1164 1564 1380 1610 beneficia,
1398 1567 1442 1603 et
1464 1563 1499 1602 si
1521 1575 1607 1613 qua
1621 1565 1723 1600 sunt

122 1634 217 1660 mea
238 1622 283 1660 in
304 1626 347 1660 te
371 1622 520 1669 officia,
543 1626 587 1661 te
608 1635 754 1673 precor
774 1625 824 1660 vt
844 1634 912 1660 me
932 1621 1065 1659 vtaris
1086 1619 1346 1658 familiarius.

178 1675 352 1715 Gaudeo
388 1683 432 1715 te
467 1677 525 1715 sie
561 1689 649 1715 esse
684 1676 728 1714 in
764 1675 991 1715 Germania
1026 1679 1252 1725 exceptum
1274 1687 1282 1719 ;
1334 1684 1581 1723 quanquam
1618 1669 1722 1708 mihi

123 1730 228 1768 nihil
247 1731 349 1769 noui
367 1730 412 1769 id
430 1729 527 1769 fuit.
577 1730 752 1769 Gaudeo
773 1743 943 1781 quoque
962 1729 1118 1768 habere
1137 1733 1181 1767 te
1201 1728 1296 1766 istic
1316 1727 1496 1773 Velium,
1520 1726 1652 1771 cuius,
1674 1727 1724 1763 vt

124 1788 243 1835 puto,
267 1788 390 1824 extat
411 1798 581 1824 carmen
602 1785 654 1824 de
676 1789 720 1824 te
741 1784 1035 1836 genethliacon
1056 1783 1343 1822 felicissimum
1366 1794 1460 1820 mea
1482 1779 1696 1820 sententia
1714 1791 1722 1824 ;

125 1838 266 1878 saluta
293 1852 390 1878 eum
405 1839 541 1886 nobis,
563 1839 598 1878 si
625 1839 689 1878 ita
707 1839 787 1877 tibi
807 1838 990 1884 videtur,
1013 1841 1056 1876 et
1076 1837 1322 1882 Buschium,
1345 1835 1470 1874 simul
1490 1838 1534 1874 et
1553 1834 1722 1872 Rhena—

126 1906 242 1939 num,
274 1894 310 1932 si
339 1893 434 1932 istic
466 1893 599 1933 adest.
659 1893 884 1932 Mauritius
915 1893 1096 1931 salutem
1127 1891 1207 1930 tibi
1238 1890 1493 1941 plurimam;
1541 1887 1724 1927 saluebis

125 1951 171 1986 et
192 1960 218 1986 a
240 1946 402 1987 Ioanne
424 1947 652 1995 Clemente,
677 1948 751 1998 qui
773 1960 858 1986 non
881 1947 962 1985 ibit
984 1947 1028 1984 in
1051 1945 1223 1984 Italiam
1247 1948 1346 1984 ante
1370 1943 1612 1994 proximum
1634 1954 1723 1980 ver.

127 2001 170 2040 Is
185 2001 289 2041 dicit
305 2002 489 2041 multum
504 2002 699 2049 doluisse,
716 2001 832 2052 quod
846 2014 890 2040 se
909 2001 1039 2040 inscio
1055 1999 1270 2051 profectus
1286 1999 1340 2037 sis
1356 1998 1566 2037 Basileam
1586 2010 1594 2043 ;
1625 2008 1724 2034 nam

127 2056 161 2094 si
181 2057 385 2103 rescisset,
408 2056 638 2095 comitatus
657 2060 767 2095 esset
782 2060 839 2102 te,
860 2059 904 2094 et
924 2055 1148 2094 mansisset
1167 2054 1261 2093 istic
1282 2053 1479 2104 hyemem
1498 2055 1652 2090 totam.

1736 753 1799 777 100

1739 1025 1797 1057 105

1741 1295 1804 1319 110

1744 1576 1803 1610 115

1745 1849 1808 1872 120

182 2110 373 2161 Agebam
401 2110 454 2149 de
483 2110 757 2150 conducendo
786 2109 941 2161 aliquo,
972 2122 1104 2161 quum
1134 2107 1354 2148 commode
1383 2120 1450 2146 me
1478 2105 1727 2146 Franciscus
1794 2120 1807 2128 -

129 2164 359 2215 bibliopola
380 2164 628 2203 submonuit
648 2165 874 2203 missurum
895 2177 938 2203 se
959 2177 1089 2215 quam
1111 2163 1295 2214 primum
1315 2162 1425 2201 istuc
1447 2160 1502 2200 ad
1523 2164 1568 2199 te
1587 2159 1727 2199 nescio

130 2231 237 2269 quos
274 2218 403 2258 libros
423 2232 431 2258 :
486 2219 520 2258 si
559 2219 663 2270 quid
701 2219 852 2258 vellem
890 2218 1077 2270 perferri,
1118 2217 1421 2256 adiuncturum
1459 2229 1502 2254 se
1541 2214 1727 2265 reliquae

128 2273 329 2312 sarcinae.
377 2273 531 2324 Itaque
549 2274 710 2312 iussum
729 2277 794 2313 est
810 2273 871 2311 illi
886 2273 1151 2312 committere
1166 2275 1330 2322 septem
1348 2270 1476 2309 libros
1492 2268 1728 2319 recognitos

128 2327 215 2366 iam
238 2340 264 2366 a
285 2340 365 2367 me.
417 2327 602 2379 Incipiat
623 2327 829 2367 excudere
844 2327 1089 2373 Frobenius,
1114 2327 1149 2365 si
1171 2326 1229 2365 sie
1252 2325 1331 2364 tibi
1347 2324 1517 2364 videtur
1536 2336 1545 2370 ;
1584 2323 1728 2362 decem

131 2381 234 2420 alios
255 2395 389 2433 vsque
410 2381 465 2421 ad
486 2382 928 2433 decimumseptimum
950 2382 1122 2420 mittam
1143 2379 1260 2419 haud
1280 2379 1408 2418 dubie
1429 2382 1530 2418 ante
1550 2376 1729 2428 quadra-

196 2472 267 2502 130.
293 2464 656 2506 decimumseptimum
676 2464 810 2506 scripsi,
830 2468 860 2496 vt
881 2464 916 2496 ιῗη
936 2464 1000 2505 Ep.
1026 2473 1118 2503 1271.
1138 2465 1226 2503 46—7
1243 2475 1250 2495 ε
1283 2462 1621 2502 deeimumquintum
1642 2473 1673 2492 α.

136 2564 300 2595 Mauritsz
316 2577 322 2595 :
354 2563 418 2595 but
435 2574 529 2595 more
546 2563 718 2605 probably
733 2563 775 2596 he
793 2564 821 2595 is
837 2563 897 2595 the
1014 2571 1085 2602 113.
1111 2562 1296 2602 Ioannem]
1319 2561 1473 2602 Perhaps
1490 2560 1625 2593 Hovius
1641 2571 1649 2597 ;
1674 2569 1730 2591 sec

137 2608 206 2649 boy
233 2607 310 2639 who
339 2617 409 2639 was
437 2607 614 2639 Erasmus’
643 2607 899 2648 servant-pupil
967 2607 1031 2648 Ep.
1053 2609 1126 2646 867.
1154 2616 1248 2646 177n.

136 2651 240 2692 (Epp.
280 2654 353 2691 263.
397 2660 426 2689 1,
463 2660 536 2691 273.
578 2653 677 2691 34—7)
715 2651 785 2682 and
809 2651 899 2687 who,
1055 2649 1394 2689 Liuinu111]Algoet;
1422 2658 1477 2679 see
1491 2647 1555 2688 Ep.
1576 2657 1667 2686 1091.

137 2694 327 2735 remaining
350 2695 386 2726 in
408 2694 552 2732 France,
575 2704 645 2725 was
668 2694 817 2735 perhaps
840 2693 900 2725 the
1017 2693 1085 2724 118.
1113 2693 1264 2731 Velium]
1282 2692 1331 2723 Cf.
1353 2692 1417 2732 Ep.
1442 2701 1532 2731 1252.
1554 2701 1628 2729 2—4.

139 2737 326 2769 Mauricius
342 2737 489 2769 Durand
505 2737 638 2779 Anglus
661 2737 774 2768 whose
798 2737 902 2768 letter
1018 2744 1087 2774 119.
1114 2736 1370 2777 genethliacon]
1385 2736 1446 2767 Sec
1463 2735 1526 2775 Ep.
1547 2736 1618 2774 548.
1639 2743 1692 2773 3n.

139 2781 166 2813 is
205 2780 342 2822 printed
381 2781 417 2812 in
454 2781 488 2813 J.
528 2780 677 2812 Fisher’s
716 2781 765 2812 De
804 2780 900 2811 vnica
1017 2788 1088 2810 120.
1115 2779 1320 2817 Buschium]
1334 2779 1395 2810 See
1410 2778 1474 2818 Ep.
1490 2780 1555 2818 830
1569 2776 1695 2809 introd.

141 2823 354 2864 Μαριίαῑεπα,
381 2824 493 2863 Paris,
516 2824 549 2856 J.
579 2823 723 2859 Badius.
748 2833 789 2855 22
817 2823 899 2855 Feb.
1018 2831 1090 2854 122.
1117 2822 1308 2862 Clemente]
1337 2823 1399 2854 Sec
1428 2822 1517 2862 Epp.
1538 2822 1610 2861 388.
1634 2830 1733 2861 173n,

141 2876 233 2908 1519.
289 2867 336 2899 Or
370 2866 518 2909 perhaps
548 2866 796 2906 Birchinshaw,
827 2866 905 2897 who
974 2876 1065 2907 1271.
1090 2866 1227 2904 11-5-16.

138 2921 208 2942 was
233 2913 271 2942 at
296 2910 454 2942 Louvain
478 2910 588 2942 about
617 2910 688 2942 this
713 2911 797 2942 time
824 2910 903 2950 (Ep.
1018 2917 1090 2949 125.
1117 2909 1334 2948 Franciseus]
1354 2908 1548 2940 Berekman

145 2957 238 2994 1360.
269 2956 359 2994 11n),
387 2955 416 2986 is
438 2954 614 2986 intended.
663 2954 712 2986 Cf.
738 2953 812 2985 also
836 2953 902 2994 Ep.
1020 2955 1089 2985 128.
1113 2952 1235 2993 libros]
1256 2953 1292 2984 of
1313 2952 1522 2994 Augustine:
1563 2961 1618 2982 see
1640 2949 1661 2982 1.
1680 2961 1732 2991 93.

145 3006 237 3038 1303.
261 3004 356 3037 50—1.
1020 3003 1093 3033 130.
1119 2996 1437 3037 quadragesimam]
1480 3004 1493 3035 5
1547 2994 1732 3033 March—19

187 3047 241 3078 93.
268 3041 480 3083 Augustino]
496 3042 558 3074 See
576 3052 608 3082 p.
633 3049 703 3080 117.
974 3040 1070 3081 April
1088 3049 1180 3080 1522.

1751 2392 1813 2424 130
