2012 3370
276 147 356 185 336
751 144 1006 184 LETTERs
1039 144 1109 183 or
1141 144 1403 185 ERASMUS
1755 147 1878 196 [1523

276 259 363 294 tem
394 255 554 306 aliquid
584 260 832 292 senescere?
894 253 1024 290 Porro
1052 254 1253 292 iuuentus
1284 254 1379 292 hine
1409 253 1627 292 admoneri
1657 258 1800 304 potest
1829 259 1873 293 vt

215 323 361 359 40110n
387 310 526 348 minus
553 309 688 347 bonae
714 307 847 345 menti
873 306 1046 346 studeat
1071 320 1201 358 quam
1228 308 1348 347 bonis
1373 308 1518 354 literis,
1545 311 1596 346 vt
1619 308 1877 359 impotentes

275 366 405 404 animi
431 362 689 414 cupiditates
714 362 891 400 rationis
915 360 1035 400 freno
1061 362 1331 401 moderetur:
1374 375 1474 401 nam
1500 361 1625 401 multi
1651 363 1737 402 suis
1762 363 1878 402 vitiis

274 420 458 470 primum
469 416 749 463 blandientes,
759 420 899 455 scorta
909 420 952 455 et
963 417 1289 456 comessationes
1298 417 1544 456 condonant
1553 416 1877 464 adolescentiae,

273 473 409 511 aleam
442 485 492 511 ac
524 470 813 523 profusionem
847 474 1006 521 putant
1037 483 1127 509 esse
1159 471 1409 510 nobilitatis.
1472 471 1642 510 Interea
1674 470 1879 510 decrescit

274 540 350 573 res,
381 527 531 565 crescit
560 539 631 565 aes
658 525 856 571 alienum,
888 525 1153 576 periclitatur
1179 525 1308 572 fama,
1338 527 1449 577 perit
1481 525 1605 564 fauor
1638 526 1877 577 principum

213 601 252 633 45
272 593 454 632 quorum
484 581 749 631 benignitate
777 579 1015 618 alebantur.
1073 579 1174 618 Mox
1203 585 1368 631 egestas
1395 581 1556 619 inuitat
1584 579 1638 618 ad
1666 581 1877 631 rapinam.

272 636 333 674 Ac
366 637 551 686 primum
584 635 806 673 latrocinio
840 634 937 672 belli
970 634 1123 672 titulus
1156 636 1432 685 praetexitur,
1467 634 1620 673 deinde
1653 634 1726 673 vbi
1759 634 1877 673 luxui

273 690 406 729 veluti
430 689 674 728 Danaidum
698 688 811 728 dolio
834 688 939 727 nihil
961 688 1129 735 sufficit,
1154 690 1325 727 venitur
1347 689 1401 727 ad
1426 689 1594 740 perdita
1617 689 1803 735 consilia,
1828 693 1877 727 vt

271 745 353 784 iam
373 745 485 784 inter
500 745 685 783 amicum
701 747 745 782 et
760 743 980 782 inimicum
996 742 1160 781 nullum
1177 744 1233 782 sit
1248 743 1487 791 discrimen,
1505 744 1673 794 quoties
1687 743 1878 782 inhiatur

273 798 466 850 praedae.
529 798 721 837 Tandem
755 798 922 837 animus
956 797 1076 836 velut
1108 809 1243 848 equus
1275 810 1452 837 excusso
1484 810 1644 836 sessore
1676 810 1877 849 praeceps

214 873 256 905 30
272 854 408 893 fertur
424 854 468 892 in
485 854 678 892 exitium.
724 852 914 891 Tametsi
931 851 983 890 de
1002 851 1198 890 Hutteno
1215 864 1301 890 non
1318 852 1491 903 perinde
1509 852 1696 891 admiror
1716 865 1722 897 ;
1758 853 1876 891 cuius

272 921 402 959 quam
418 908 561 947 omnia
575 919 682 958 pene
697 906 870 945 consilia
884 906 1044 945 fuerint
1056 905 1311 953 inconsulta,
1327 907 1470 945 notius
1485 910 1550 945 est
1564 919 1694 958 quam
1710 906 1874 945 vellem.

273 963 324 1001 In
342 963 407 1002 his
424 974 549 1014 cogor
566 961 804 1000 desiderare
820 960 1038 1007 iudicium,
1058 961 1131 1011 qui
1149 960 1363 999 hominem
1382 961 1437 999 ad
1455 961 1663 1012 agendam
1681 962 1874 999 insanam

270 1017 462 1056 fabulam
489 1019 789 1068 protruserunt
816 1016 859 1054 in
887 1016 1168 1065 proscenium,
1198 1016 1272 1066 qui
1299 1028 1412 1055 nunc
1440 1017 1570 1054 etiam
1598 1020 1690 1054 tam
1717 1015 1876 1056 insulso

270 1070 514 1123 spectaculo
540 1069 824 1121 applaudunt.
880 1069 1023 1108 Videri
1050 1069 1203 1108 volunt
1228 1069 1372 1108 fauere
1399 1070 1521 1109 bonis
1546 1070 1707 1109 literis:
1751 1082 1876 1108 nemo

213 1144 248 1176 55
270 1125 516 1164 mortalium
539 1125 604 1163 his
628 1125 762 1175 magis
784 1125 945 1163 nocuit.
997 1123 1194 1175 Impense
1218 1123 1398 1163 studiosi
1421 1128 1523 1163 sunt
1545 1123 1721 1163 Lutheri
1741 1137 1749 1163 ε
1789 1137 1875 1162 non

269 1183 471 1231 poterant
486 1179 612 1218 huius
629 1191 801 1218 causam
818 1179 953 1229 magis
968 1178 1147 1217 laedere.
1192 1178 1413 1217 Amabant
1428 1178 1673 1218 Huttenum
1693 1192 1702 1218 ;
1735 1178 1875 1217 nullus

270 1234 404 1273 hostis
428 1234 524 1285 plus
553 1233 654 1272 mali
678 1233 799 1272 dedit
828 1232 1038 1272 Hutteno.
1093 1232 1288 1272 Oderunt
1316 1233 1460 1272 hostes
1489 1232 1694 1272 Lutheri:
1734 1232 1875 1272 nullus

270 1288 409 1328 adhue
428 1288 510 1328 illis
539 1287 735 1327 exhibuit
763 1287 1055 1339 spectaculum
1082 1287 1322 1327 iucundius.
1373 1287 1483 1327 Sunt
1512 1287 1744 1326 admodum
1774 1286 1872 1327 Ger-

271 1344 409 1382 mani:
440 1343 641 1382 trecentis
661 1343 783 1381 annis
803 1355 928 1381 nemo
949 1343 1083 1393 magis
1103 1341 1247 1381 offecit
1266 1343 1428 1381 nomini
1448 1342 1713 1381 Germanico.

209 1409 254 1437 60
323 1397 472 1449 Neque
494 1410 595 1436 vero
616 1409 684 1436 me
705 1396 817 1435 fallit
837 1409 924 1448 quo
946 1396 1132 1443 consilio,
1156 1409 1231 1447 per
1252 1409 1359 1447 quos
1381 1396 1485 1435 haec
1506 1401 1572 1435 est
1593 1400 1691 1435 aeta
1711 1395 1871 1435 fabula.

269 1451 372 1491 Sum
397 1451 570 1503 quidem
596 1451 776 1502 simplici
800 1450 1021 1501 praeditus
1044 1452 1213 1502 ingenio
1238 1452 1497 1502 minimeque
1521 1451 1728 1502 suspicaci
1749 1463 1756 1489 :
1800 1451 1873 1489 sed

268 1519 355 1545 non
380 1505 624 1557 Vsqueadeo
648 1505 764 1544 nullo
789 1518 894 1544 naso
922 1518 1030 1552 sum,
1057 1518 1134 1544 nec
1163 1506 1207 1544 in
1233 1509 1407 1544 tantum
1436 1506 1568 1556 stipes
1596 1509 1674 1544 aut
1701 1504 1871 1556 fungus,

268 1564 319 1600 vt
353 1560 467 1600 solus
502 1573 589 1599 non
625 1561 807 1598 sentiam
843 1559 960 1611 quod
996 1560 1189 1598 sentiunt
1224 1572 1383 1599 omnes.
1449 1559 1620 1607 Verum,
1658 1560 1693 1598 si
1728 1559 1873 1599 licebit

267 1615 474 1655 hactenus
494 1614 746 1653 defunctum
765 1627 854 1652 esse
875 1626 1019 1664 pugna
1038 1613 1304 1665 gladiatoria,
1326 1615 1451 1665 cupio
1470 1615 1630 1653 nescire
1650 1613 1766 1665 quod
1787 1615 1872 1652 scio

208 1680 246 1718 65
266 1673 310 1708 et
336 1668 527 1708 obliuisci
553 1668 669 1719 quod
695 1669 881 1707 memini.
936 1667 1019 1707 Sed
1044 1680 1192 1708 vereor
1215 1681 1269 1707 ne
1294 1680 1369 1719 per
1393 1668 1603 1719 quosdam
1628 1668 1871 1707 huiusmodi

266 1723 582 1775 tragoediarum
607 1723 787 1761 nimium
813 1726 1008 1761 amantes
1033 1735 1121 1761 non
1144 1722 1299 1761 liceat:
1342 1723 1417 1773 qui
1442 1735 1539 1761 cum
1565 1735 1652 1761 non
1676 1723 1872 1773 ignorent

267 1790 397 1829 quam
425 1777 605 1817 ciuiliter
631 1777 854 1816 tractarim
882 1776 1127 1816 Huttenum
1152 1777 1198 1816 in
1224 1776 1423 1828 Spongia,
1451 1780 1599 1816 tamen
1624 1789 1711 1816 non
1737 1777 1872 1828 pudet

266 1833 370 1872 istos
388 1833 548 1872 iactare
564 1844 634 1871 me
651 1835 750 1883 post
768 1833 1008 1871 extinctum
1027 1831 1272 1870 Huttenum
1291 1831 1498 1871 aedidisse
1514 1830 1718 1878 libellum,
1738 1831 1872 1870 veluti

267 1900 364 1926 cum
384 1887 514 1926 laruis
534 1886 812 1926 luctaturum.
863 1886 1049 1925 Hutteni
1070 1885 1419 1938 Expostulationi
1439 1886 1589 1925 statim
1609 1885 1807 1937 respondi
1827 1887 1872 1924 in

205 1958 250 1990 70
267 1954 410 1980 mense
430 1940 553 1980 Iulio.
609 1941 729 1980 Vidit
750 1952 926 1979 manum
947 1952 1086 1979 meam
1104 1940 1287 1980 Ioannes
1307 1940 1556 1987 Frobenius,
1584 1953 1765 1991 cumque
1791 1940 1871 1979 hoe

266 1995 338 2034 alii
355 1995 560 2034 nomiulli.
608 1995 854 2034 Excusurus
871 1999 976 2042 erat,
997 1995 1070 2033 sed
1087 2007 1164 2034 nec
1182 1994 1326 2046 praela
1343 1998 1438 2034 tum
1456 1994 1685 2042 vacabant,
1704 1998 1749 2033 et
1767 1994 1870 2033 mihi

265 2050 500 2089 consultius
524 2053 590 2089 est
613 2051 753 2089 visum
778 2049 950 2096 differri,
976 2062 1028 2088 ne
1053 2054 1154 2088 ante
1178 2049 1389 2088 nondinas
1413 2049 1497 2088 alia
1520 2049 1710 2100 prodiret
1733 2050 1868 2088 crimi-

265 2105 398 2151 natio,
430 2105 497 2143 cui
526 2116 613 2142 non
641 2103 786 2143 liceret
814 2104 1081 2155 respondere.
1140 2103 1234 2142 Iam
1263 2116 1397 2155 quum
1428 2107 1596 2143 constet
1625 2103 1869 2142 Huttenum

265 2159 421 2209 perisse
439 2158 506 2197 die
524 2171 610 2209 quo
628 2158 791 2197 dictum
809 2162 887 2204 est,
906 2160 951 2196 in
967 2158 1152 2197 insulula
1169 2158 1371 2210 quadam,
1391 2171 1501 2209 quae
1518 2158 1641 2209 longe
1659 2161 1724 2197 est
1741 2170 1870 2208 supra

204 2230 243 2262 75
265 2212 537 2263 Thuregium,
570 2225 704 2263 quum
737 2216 904 2251 constet
936 2212 1167 2264 Spongiam
1200 2226 1225 2251 a
1256 2212 1467 2252 Frobenio
1499 2212 1555 2251 ad
1587 2212 1653 2252 Id.
1686 2211 1867 2263 August.

265 2271 476 2318 coeptam,
496 2268 625 2306 tertio
644 2266 712 2305 die
730 2265 947 2317 Septemb.
968 2267 1226 2314 absolutam,
1245 2268 1319 2318 qui
1337 2266 1427 2306 fieri
1445 2270 1590 2318 potest
1607 2270 1658 2306 vt
1675 2279 1752 2317 ego
1771 2271 1869 2317 post

264 2321 431 2360 obitum
459 2320 644 2360 Hutteni
672 2320 903 2372 Spongiam
930 2321 1198 2360 aediderim‘?
1243 2322 1493 2372 praesertim
1521 2333 1655 2372 quum
1683 2321 1868 2359 Hutteni

264 2388 376 2414 mors
400 2375 543 2422 fuerit,
570 2379 620 2414 vt
643 2375 849 2422 scribunt,
876 2375 1033 2414 subita.
1087 2374 1285 2426 Supputa
1309 2379 1481 2426 tempus
1505 2387 1591 2426 quo
1616 2387 1761 2414 rumor
1785 2375 1867 2413 huc

264 2429 520 2469 adferendus
550 2433 643 2469 erat
674 2431 805 2468 etiam
836 2442 911 2480 per
942 2429 1223 2476 veredarium,
1256 2434 1300 2468 et
1329 2430 1489 2480 inspice
1521 2429 1633 2468 diem
1665 2441 1750 2479 quo
1781 2430 1867 2467 iam

203 2492 247 2522 80
264 2486 415 2523 missae
442 2488 565 2523 erant
592 2485 809 2523 sarcinae:
852 2496 939 2522 non
965 2485 1155 2523 inuenies
1182 2488 1368 2535 quatuor
1394 2483 1520 2523 horas
1547 2483 1603 2522 ad
1630 2483 1866 2522 aedendam

263 2538 506 2590 Spongiam.
566 2538 660 2576 Iam
680 2539 777 2577 hinc
808 2539 987 2577 aestima
1016 2542 1228 2589 quantum
1259 2537 1450 2576 habeant
1477 2537 1630 2576 frontis
1659 2538 1733 2587 qui
1762 2537 1865 2576 haec

262 2594 441 2632 iactant.
493 2592 617 2641 Quod
636 2594 670 2631 si
690 2593 925 2644 prodiderit
944 2605 1033 2631 sese
1053 2592 1106 2631 de
1125 2605 1210 2644 quo
1231 2593 1432 2643 suspicor,
1454 2593 1610 2631 sentiet
1629 2603 1759 2642 quam
1779 2603 1865 2630 non

264 2651 358 2686 toto
378 2650 549 2698 pectore
568 2647 728 2686 oderim
748 2647 1006 2686 Huttenum.

318 2701 434 2740 Bene
453 2701 560 2747 vale,
582 2701 727 2748 lector,
749 2705 792 2741 et
811 2705 958 2740 nostro
978 2701 1090 2740 malo
1110 2701 1263 2740 doctus
1283 2713 1396 2752 sape.

309 2826 364 2863 46.
392 2825 473 2858 belli
490 2826 629 2867 titulus]
647 2826 696 2858 Cf.
716 2826 782 2867 Ep.
806 2826 905 2857 1168.
929 2834 1006 2865 1911.
1099 2835 1174 2857 arm
1193 2826 1228 2857 of
1246 2825 1306 2857 the
1325 2825 1419 2857 Lake
1438 2825 1473 2856 of
1491 2824 1627 2857 Zurieh.
1670 2824 1705 2855 It
1724 2823 1865 2864 belongs

310 2880 361 2910 54.
386 2869 504 2900 fauere
516 2869 751 2908 bonisliteris]
763 2868 862 2903 With
872 2869 944 2901 this
954 2879 1030 2911 pas·
1099 2876 1137 2901 to
1153 2869 1213 2901 the
1228 2869 1353 2910 Abbey
1370 2869 1405 2900 of
1421 2867 1631 2900 Einsiedeln.

263 2921 344 2952 sage
358 2911 401 2943 cf.
419 2911 484 2953 Ep.
504 2914 597 2953 1384.
616 2913 715 2955 61-5.
1143 2916 1195 2946 82.
1221 2912 1264 2944 de
1283 2922 1353 2954 quo
1371 2910 1544 2953 suspicor]
1562 2909 1686 2942 Either
1704 2910 1866 2942 Brunfels

309 2957 361 2996 58.
387 2955 567 2995 Germani]
582 2956 631 2989 Cf.
650 2957 715 2998 Ep.
736 2966 830 2996 1129.
847 2966 925 2987 22n.
1097 2956 1154 2997 (cf.
1174 2957 1240 2997 Ep.
1262 2958 1356 2996 1406.
1381 2957 1526 2998 121-4);
1555 2964 1593 2986 or
1610 2954 1727 2986 Herm.
1748 2954 1863 2986 Busch

310 3010 361 3041 74.
386 2998 551 3039 insulula]
581 2999 707 3037 Ufnau,
732 3001 769 3031 iu
795 3000 855 3031 the
881 3000 1028 3031 Eastern
1097 2999 1155 3040 (ef.
1172 3000 1238 3042 Ep.
1257 3000 1351 3040 1383.
1370 3000 1485 3039 30-2).
