2012 3370
132 114 253 162 1523]
542 112 614 151 To
645 112 844 151 PHILIP
872 112 1311 151 MELANOHTHON
1647 111 1723 150 597

129 236 225 262 cum
268 223 340 262 illa
383 224 619 271 scriberem,
664 236 716 262 ne
759 222 1025 262 somniabam
1069 221 1241 273 quidem
1284 221 1336 260 de
1382 220 1725 271 Oecolampadio.
1747 237 1807 269 115

129 276 300 317 Possem
319 277 387 317 hic
406 278 488 317 alia
508 277 644 317 multa
663 290 1004 323 commemorare,
1025 276 1099 315 sed
1118 276 1323 315 eiusmodi
1342 275 1465 314 facile
1485 279 1726 314 contemno.
1776 298 1779 300 —

130 331 186 370 Et
221 332 265 370 in
302 333 502 371 amiciciis
540 331 595 370 ad
632 331 768 370 multa
805 330 1147 370 conniuendum:
1187 343 1434 381 quanquam
1470 330 1515 368 in
1548 328 1613 367 his
1652 329 1725 380 qui

127 385 381 436 profitentur
434 385 735 437 Euangelicam
788 386 1103 436 synceritatem,
1159 384 1385 434 oportebat
1438 383 1540 422 haee
1594 384 1724 422 etiam

127 439 285 479 abesse.

180 493 313 533 Video
352 497 395 533 te
435 493 661 532 sollicitum
701 497 750 531 vt
790 492 891 531 mihi
932 492 1149 532 moderate
1188 492 1443 544 respondeat
1484 491 1695 530 Lutherus
1716 504 1724 529 :
1748 508 1808 532 120

125 548 210 587 imo
238 552 384 599 patere
411 548 531 586 illum
560 561 636 586 suo
664 547 916 598 respondere
945 560 1073 586 more.
1133 546 1256 594 Quod
1285 559 1361 598 ego
1390 546 1608 585 moderate
1635 559 1724 585 rem

124 603 244 652 gessi,
274 615 411 654 neque
440 606 608 653 praeter
637 614 797 640 morem
827 614 969 640 meum
997 614 1135 652 neque
1164 601 1253 639 sine
1283 604 1399 640 certo
1428 600 1601 639 consilio
1630 599 1723 639 feci.

124 656 200 694 1110
222 657 257 695 si
278 656 345 695 hic
368 656 551 695 multum
574 656 638 695 sui
660 655 872 694 dissimilis
893 655 1035 701 fuerit,
1060 654 1308 693 clamabunt
1331 654 1620 706 sycophantae
1644 654 1724 693 col·

123 709 266 749 ludere
290 723 380 757 nos,
408 723 497 749 rem
522 711 634 749 inter
659 723 736 748 nos
762 722 815 748 ex
842 710 1078 760 composito
1104 710 1202 760 geri.
1259 708 1441 747 Proinde
1467 708 1579 747 malo
1605 708 1724 747 illum

122 765 277 803 seruire
297 777 448 803 causae
469 777 600 816 quam
621 764 737 803 mihi.
788 764 830 803 Si
852 763 956 814 quid
976 764 1019 802 in
1041 762 1238 801 Diatriba
1258 764 1366 813 nigri
1387 762 1485 801 salis
1506 775 1723 813 aspersum
1745 780 1782 803 12
1788 781 1803 812 5

121 823 198 865 est,
229 818 590 870 quemadmodum
618 818 697 857 tibi
726 817 909 865 videtur,
939 817 995 856 ad
1023 816 1223 856 Pharelos
1251 821 1295 855 et
1323 817 1420 856 huic
1449 817 1604 855 similes
1633 829 1722 867 per-

121 873 258 912 tinet:
301 873 346 912 id
373 872 489 924 quod
515 873 646 911 etiam
672 876 807 912 testor
834 871 1002 911 alicubi.
1060 871 1230 923 Alioqui
1257 875 1380 910 crant
1406 872 1450 909 in
1477 871 1723 910 Assercione

122 927 296 966 Lutheri
335 927 520 978 quedam
559 940 669 979 quae
707 940 793 966 non
831 927 1045 965 immerito
1085 926 1248 977 magnis
1289 926 1490 964 conuiciis
1529 929 1723 975 poteram

120 982 347 1033 exagitare,
373 981 447 1020 sed
470 981 600 1020 malui
624 994 796 1020 causam
819 993 941 1032 agere
964 984 1219 1031 susceptam.
1273 979 1325 1018 In
1348 979 1440 1018 aliis
1463 980 1725 1030 argumentis

120 1035 311 1074 nonnihil
345 1035 538 1074 dedimus
573 1035 770 1074 humanis
805 1034 1043 1082 affectibus,
1078 1035 1123 1073 in
1157 1034 1236 1074 hoc
1270 1035 1441 1085 negotio
1475 1033 1593 1072 nulla
1627 1046 1722 1073 con·
1744 1051 1805 1083 130

120 1089 297 1129 tumelia
315 1103 382 1128 me
401 1089 583 1141 depellet
603 1103 628 1128 a
646 1094 776 1129 recto.
825 1089 988 1129 Videris
1008 1093 1153 1128 autem
1174 1088 1377 1128 sollicitus
1396 1100 1461 1135 ne,
1483 1089 1518 1127 si
1537 1101 1723 1139 pergam,

119 1143 223 1182 haec
242 1157 368 1183 causa
386 1145 543 1183 maiore
562 1147 741 1195 grauata
758 1144 920 1183 inuidia
938 1143 1062 1183 simul
1081 1156 1177 1182 cum
1197 1142 1429 1194 Euangelio
1447 1142 1722 1193 periclitetur.

119 1198 253 1250 Atqui
276 1197 487 1238 Lutherus
508 1200 552 1238 in
571 1199 703 1238 literis
723 1200 809 1238 suis
828 1199 1047 1237 existimat
1074 1199 1246 1237 omnino
1268 1197 1374 1236 nihil
1393 1210 1482 1236 esse
1502 1198 1721 1243 momenti,

118 1253 206 1291 siue
236 1253 373 1292 adsim
402 1254 490 1292 siue
520 1253 730 1292 aduerser.
790 1253 902 1292 Illud
930 1253 1141 1304 polliceor,
1173 1266 1240 1291 me
1268 1265 1490 1303 nunquam
1520 1252 1722 1290 scientem

119 1319 238 1346 arma
285 1312 556 1359 sumpturum
604 1307 807 1346 aduersus
856 1307 1157 1358 Euangelicam
1205 1307 1445 1345 veritatem.
1523 1305 1581 1345 Et
1627 1305 1723 1345 ideo
1742 1323 1801 1355 135

119 1361 279 1400 veritus
310 1375 404 1400 sum
434 1361 641 1400 hactenus
672 1363 805 1401 eciam
834 1361 908 1400 illa
936 1361 1195 1400 labefactare
1226 1373 1335 1412 quae
1366 1359 1649 1411 displicebant
1679 1361 1723 1399 in

118 1414 318 1462 Luthero,
345 1429 397 1454 ne
421 1416 547 1454 simul
570 1420 742 1454 ruerent
765 1420 808 1454 et
833 1415 915 1454 alia
940 1415 1135 1466 probata.
1192 1414 1302 1461 Quin
1325 1414 1431 1453 illud
1455 1427 1529 1465 per
1554 1427 1722 1453 omnem

117 1470 381 1508 occasionem
407 1470 568 1516 molior,
597 1474 646 1508 vt
676 1483 728 1508 ex
757 1470 836 1508 hoc
866 1482 1011 1508 amaro
1040 1469 1315 1519 violentoque
1344 1469 1575 1519 pharmaco
1605 1467 1721 1519 quod

118 1522 329 1562 Lutherus
371 1523 531 1562 mundo
571 1524 773 1574 porrexit,
817 1528 1018 1562 nascatur
1059 1522 1221 1573 aliquid
1262 1522 1399 1561 bonae
1440 1523 1638 1561 sanitatis
1678 1522 1722 1561 in

117 1576 305 1616 moribus
324 1577 549 1617 Ecclesiae.
598 1578 795 1617 Fortasse
813 1590 951 1616 mores
968 1578 1104 1616 nostri
1123 1581 1369 1616 meruerunt
1387 1580 1479 1615 tam
1496 1576 1720 1615 inclemen-
1743 1596 1803 1626 140

116 1634 205 1669 tem
226 1631 450 1678 medicum,
473 1632 546 1682 qui
567 1632 824 1670 sectionibus
845 1637 888 1671 et
908 1632 1067 1671 vsturis
1088 1635 1255 1670 curaret
1275 1631 1484 1669 morbum.

172 1685 253 1724 Hic
299 1686 492 1725 sediciosi
537 1686 713 1737 quidam
760 1685 1048 1725 vociferantur
1092 1687 1137 1724 in
1184 1698 1323 1724 meam
1368 1685 1719 1731 inconstanciam‚

117 1752 250 1790 quum
274 1739 414 1778 nullus
439 1741 630 1779 omnium
655 1741 790 1791 possit
814 1739 882 1779 vel
906 1753 1040 1779 vnum
1064 1738 1250 1790 proferre
1273 1739 1413 1778 locum
1438 1740 1482 1777 in
1507 1752 1592 1789 quo
1618 1739 1719 1778 mihi

116 1806 202 1832 non
224 1798 427 1833 constem.
479 1793 522 1834 Si
542 1795 758 1845 piaculum
780 1795 1028 1833 existimant
1051 1793 1205 1833 alicubi
1227 1793 1449 1832 dissentire
1471 1806 1496 1831 a
1518 1793 1719 1840 Luthero,

117 1848 190 1898 qui
214 1849 354 1887 nescio
380 1861 435 1887 an
460 1848 539 1887 sibi
566 1848 722 1900 vbique
748 1852 927 1896 constet,
955 1861 1066 1899 quur
1089 1848 1169 1887 sibi
1195 1848 1453 1899 permittunt
1478 1847 1721 1898 vbieunque
1742 1866 1800 1899 145

116 1901 388 1941 commodum
401 1902 542 1949 fuerit,
557 1916 583 1941 a
596 1903 772 1942 Lutheri
785 1903 997 1954 dogmatis
1009 1902 1231 1941 dissentire
1249 1908 1264 1940 Υ
1289 1902 1387 1940 Non
1398 1901 1466 1940 hic
1475 1902 1519 1940 in
1531 1901 1717 1940 medium

117 1955 307 1995 adseram
326 1956 631 2008 colloquiorum
650 1961 693 1996 et
713 1958 1084 2009 compotacionum
1102 1956 1283 1996 fabulas.
1331 1956 1483 1995 Nonne
1504 1955 1720 1995 000010111-

116 2009 268 2061 padius
289 2011 405 2062 apud
425 2011 658 2050 Sichinium
679 2011 814 2051 edidit
834 2011 1035 2057 libellum,
1058 2012 1102 2050 in
1124 2023 1209 2062 quo
1230 2010 1376 2050 scribit
1397 2024 1482 2049 non
1504 2024 1592 2049 esse
1614 2011 1720 2061 peri·

117 2064 259 2103 culum
300 2066 334 2104 si
375 2066 470 2116 quis
511 2067 684 2105 missam
725 2066 911 2117 appellet
953 2065 1205 2104 sacrificium
1227 2068 1242 2103 ‘5
1301 2064 1353 2103 Id
1393 2066 1452 2104 sic
1493 2069 1718 2103 execratur

117 2118 328 2158 Lutherus
364 2123 414 2158 vt
450 2119 572 2159 malit
608 2120 745 2159 decies
783 2121 901 2159 mori.
969 2120 1061 2168 Quo
1098 2119 1289 2158 tumultu
1326 2118 1542 2170 Zuinglius
1578 2120 1720 2170 exegit
1740 2139 1800 2171 150

116 2172 313 2212 diuorum
356 2174 561 2226 imagines
582 2178 598 2213 ’ἶ
674 2175 890 2214 Aduersus
935 2174 1025 2221 hos,
1072 2179 1122 2213 vt
1166 2173 1306 2220 audio,
1352 2173 1542 2212 libellum
1587 2174 1718 2212 etiam

116 2240 256 2266 acrem
294 2229 462 2279 scripsit
499 2229 723 2268 Lutherus.
791 2229 1076 2281 Argentorati,
1115 2241 1191 2267 nec
1229 2228 1288 2266 ibi
1325 2232 1511 2274 tantum,
1552 2227 1718 2278 publice

116 2281 353 2321 docuerunt
378 2296 454 2322 1100
481 2283 587 2322 vllas
613 2283 855 2334 disciplinas
881 2297 958 2322 nec
984 2283 1148 2334 linguas
1174 2296 1262 2320 esse
1289 2282 1522 2328 discendas,
1551 2286 1719 2332 praeter

165 2410 234 2440 123.
262 2402 323 2434 1110
342 2403 398 2434 H:
430 2402 505 2434 Iille
524 2416 552 2433 (ι.
696 2413 764 2443 125.
791 2404 827 2434 111
844 2402 996 2434 diatriba
1015 2402 1071 2433 H:
1107 2401 1177 2432 illie
1203 2414 1232 2431 υ.
1384 2409 1454 2432 izo.
1483 2400 1646 2433 Pharelos
1671 2413 1687 2429 (ι
1707 2412 1714 2433 :

118 2443 288 2477 Phallicos
312 2446 355 2477 H.
540 2456 610 2487 127.
637 2446 763 2478 alicubi
789 2446 845 2477 H:
882 2445 985 2477 alicui
1010 2457 1039 2476 0.
1216 2454 1286 2484 133.
1314 2445 1347 2475 in
1363 2443 1472 2476 literis
1488 2446 1558 2476 suis
1574 2444 1648 2475 add.
1668 2444 1712 2477 H.

121 2497 192 2527 140.
218 2490 328 2521 nostri
344 2499 455 2521 mores
472 2489 515 2520 H.
730 2490 765 2521 H
781 2501 788 2521 z
819 2489 1073 2521 imclementem
1092 2501 1121 2519 rr.
1331 2491 1400 2526 146.
1427 2488 1651 2529 dogmatibus
1668 2488 1712 2518 H.

118 2533 151 2561 α’
167 2543 174 2563 :
204 2532 360 2564 modium
378 2535 419 2564 αἱ.
559 2536 628 2572 148.
656 2533 832 2565 Sichinum
851 2532 894 2564 H.

166 2669 237 2699 127.
262 2658 404 2698 alicubi]
416 2659 458 2690 Iu
471 2659 530 2691 the
544 2658 704 2691 Delibero
717 2659 876 2695 arbitri03
998 2669 1065 2699 151.
1092 2658 1275 2699 imagines]
1293 2659 1355 2691 800
1373 2658 1436 2699 Ep.
1461 2660 1554 2698 1496.
1574 2663 1651 2691 Son.

117 2702 187 2734 LB.
206 2703 251 2733 ix.
274 2703 356 2734 1216
372 2712 403 2734 B.
997 2712 1066 2742 152.
1094 2702 1282 2741 Lutherus]
1328 2702 1459 2733 Widder
1498 2702 1551 2733 die
1590 2701 1710 2743 hymel-

206 2745 421 2785 Assercionc]
441 2745 570 2778 Article
594 2748 635 2786 36
658 2746 694 2777 in
717 2745 879 2778 Luther's
946 2745 1057 2777 10011011
1082 2745 1280 2785 Propheten,
1308 2755 1368 2776 von
1391 2745 1455 2777 den
1479 2744 1619 2778 Bildern
1648 2747 1714 2779 rud.

118 2789 267 2822 Assertio
295 2789 374 2830 (Ep.
405 2798 498 2830 1203.
526 2791 608 2830 2511)
633 2790 662 2820 is
688 2789 878 2821 concerned
946 2790 1154 2823 sacrament.
1172 2788 1400 2830 Wittenberg‚
1417 2789 1710 2831 <c.Jan.1525>:

118 2833 202 2865 with
217 2832 288 2864 free
303 2832 383 2864 will.
948 2843 1003 2864 see
1021 2832 1087 2863 Zw.
1107 2832 1159 2863 ΕΖ.
1180 2834 1252 2871 362.

166 2885 201 2916 13
208 2885 237 2916 3.
262 2876 298 2908 in
316 2875 424 2908 literis
442 2875 528 2915 suis]
547 2875 628 2907 LE2.
651 2884 725 2916 710.
746 2885 850 2915 29—31
872 2887 880 2912 ;
1038 2874 1278 2917 Argeutorati]
1322 2875 1364 2907 In
1415 2876 1476 2908 the
1526 2876 1714 2917 Responsio

117 2919 188 2952 and
212 2920 275 2961 Ep.
306 2928 400 2960 1443.
429 2928 547 2960 17-2o‚
575 2922 670 2960 54—6.
715 2918 766 2951 Cf.
793 2919 875 2951 LE2.
948 2919 992 2950 ad
1014 2918 1139 2959 fratres
1168 2918 1366 2951 Germaniae
1396 2919 1480 2958 (LB.
1511 2931 1545 2952 x.
1580 2922 1713 2961 161611]

116 2965 183 3004 674
950 2962 1114 2994 Erasmus
1161 2963 1353 2996 attributes
1401 2962 1472 2996 this
1515 2967 1710 3003 utterance,

167 2987 237 3046 1:48.
263 3005 433 3046 libellum]
448 3006 510 3039 See
526 3006 589 3047 Ep.
611 3007 704 3046 1308.
723 3007 799 3038 26n.
951 3017 1042 3037 more
1061 3005 1243 3047 probably,
1262 3011 1299 3038 to
1315 3017 1335 3038 a
1352 3006 1460 3048 single
1477 3008 1650 3048 preacher.
