2012 3370
264 140 343 177 244
733 136 988 175 LETTERS
1020 136 1092 176 OF
1122 136 1385 177 ERASMUS
1736 138 1858 188 [1523

261 250 454 286 veterum
482 248 758 285 monumenta
782 243 990 291 reuoluas,
1018 245 1247 295 comperies
1272 245 1429 284 multos
1453 246 1498 284 in
1522 245 1654 284 literis
1679 246 1861 286 celebres

179 317 240 349 215
262 302 375 341 viros
403 300 459 339 ad
487 300 669 339 multam
697 299 853 337 vixisse
882 302 1082 345 aetatem,
1113 299 1193 338 hac
1220 304 1367 338 nostra
1395 301 1600 339 memoria
1627 313 1860 351 perpaucos

262 357 472 407 reperias:
519 356 607 393 siue
635 353 714 392 hoc
742 353 1045 404 imputandum
1074 353 1234 392 mundo
1262 356 1453 406 vergenti
1482 354 1537 393 ad
1565 355 1742 403 senium,
1772 356 1860 394 siue

263 410 378 461 quod
398 422 510 448 nunc
532 407 714 447 eruditio
735 408 893 446 maiore
914 407 1135 459 dispendio
1157 413 1441 460 comparatur.

317 464 495 503 Veniam
528 462 583 501 ad
614 462 707 501 illos
740 474 848 513 quos
880 462 983 501 mihi
1016 466 1117 501 ante
1149 476 1283 502 annos
1315 477 1400 502 non
1432 465 1495 502 ita
1527 463 1685 502 multos
1717 463 1861 502 videre

263 519 454 570 contigit.
515 516 656 564 Quum
686 517 871 567 primum
903 516 1062 555 adirem
1093 516 1279 564 Italiam,
1310 519 1396 556 iam
1427 519 1610 569 perierat
1639 517 1862 569 Philippus

179 588 244 610 220
262 572 494 611 Beroaldus
521 571 812 610 Bononiensis.
869 570 996 610 Cuius
1022 573 1225 610 memoria
1250 576 1344 611 tum
1371 574 1474 611 mire
1501 572 1674 611 celebris
1700 577 1792 611 erat
1818 576 1861 610 et

262 628 475 677 gratiosa;
525 631 569 665 et
599 630 746 665 tamen
777 625 845 664 ille
877 625 1057 665 decessit
1090 639 1168 672 me,
1203 631 1253 665 vt
1284 640 1396 665 nunc
1429 640 1536 672 sum,
1570 631 1677 665 natu
1709 627 1859 665 minor.

267 681 400 720 Huius
421 685 650 732 cognatum
671 680 819 719 eodem
840 681 1010 719 nomine
1030 685 1074 719 et
1095 683 1341 731 cognomine
1361 681 1614 720 referentem
1633 681 1752 720 illum
1773 680 1861 719 vidi

264 736 453 775 Romae:
500 737 698 774 iuuenem
730 735 918 774 moribus
950 735 1271 782 candidissimis,
1305 736 1402 775 stilo
1433 741 1478 775 et
1508 735 1744 775 eruditione
1775 748 1860 774 non

261 790 501 830 inferiorem
519 791 678 829 maiore
692 789 778 836 illo,
795 789 1027 828 multorum
1046 789 1214 835 iudicio,
1232 794 1281 828 vt
1294 795 1338 829 et
1356 791 1459 829 mihi
1477 792 1617 829 visum
1635 794 1713 836 est,
1731 791 1860 829 etiam

180 860 239 892 225
263 846 533 896 superiorem.
596 844 723 883 Hunc
743 846 941 883 iuuenem
960 843 1053 883 fata
1072 858 1094 882 e
1115 846 1237 883 terris
1257 846 1517 895 eripuerunt.

318 900 535 939 Bononiae
555 900 739 950 primum
759 898 902 937 videre
923 898 1103 949 contigit
1127 898 1365 949 Scipionem
1390 899 1778 945 Carteromachum‚
1799 911 1860 937 re-

263 954 459 994 conditae
479 958 523 993 et
543 953 765 992 absolutae
784 952 1033 991 eruditionis
1054 952 1281 1000 hominem,
1303 954 1376 992 sed
1397 966 1531 1005 vsque
1551 953 1658 993 adeo
1677 953 1861 992 alienum

264 1009 318 1048 ab
339 1009 626 1048 ostentatione
650 1012 712 1053 vt,
733 1008 778 1045 ni
798 1020 1084 1058 prouocasses,
1106 1008 1287 1046 iurasses
1305 1021 1394 1046 esse
1413 1008 1632 1047 literarum
1652 1009 1859 1059 ignarum.

262 1063 368 1102 Cum
388 1076 437 1102 eo
457 1066 556 1113 post
576 1062 740 1100 Romae
758 1061 842 1100 fuit
862 1061 965 1100 mihi
984 1062 1156 1112 propior
1174 1061 1455 1101 familiaritas.
1514 1062 1573 1101 Et
1595 1062 1664 1101 hic
1683 1061 1863 1101 decessit

180 1131 246 1161 230
263 1117 379 1156 haud
399 1116 536 1155 multo
556 1117 691 1155 maior
711 1116 833 1154 annis
854 1115 1140 1167 quadraginta
1160 1115 1340 1155 duobus.

317 1171 487 1210 Patauii
515 1171 728 1209 neminem
756 1170 847 1208 vidi
876 1170 1082 1209 celebrem
1117 1172 1324 1218 (mortuos
1357 1175 1530 1210 tantum
1560 1172 1861 1219 commemoro)

262 1230 430 1277 praeter
459 1225 723 1288 Raphaelem
752 1224 958 1276 Regium3
1002 1225 1216 1264 hominem
1247 1225 1480 1264 admodum
1508 1230 1615 1264 natu
1644 1225 1860 1276 grandem,

263 1280 337 1320 sed
371 1280 503 1319 cruda
537 1281 629 1319 viro
664 1278 896 1330 viridisque
934 1284 1141 1318 senectus.
1213 1280 1319 1319 Erat
1356 1284 1465 1327 tum,
1496 1285 1546 1319 vt
1584 1281 1745 1331 opinor,
1776 1292 1862 1318 non

223 1351 225 1353 ·
264 1336 402 1374 minor
429 1335 551 1373 annis
578 1334 677 1380 lxx3
722 1337 766 1373 et
792 1338 940 1372 tamen
979 1334 1096 1373 nulla
1136 1334 1220 1373 fuit
1259 1335 1408 1385 hyems
1448 1339 1540 1374 tam
1580 1347 1730 1385 aspera
1758 1335 1861 1385 quin

180 1402 241 1435 235
263 1389 332 1428 ille
361 1402 485 1428 mane
519 1389 624 1428 hora
657 1389 841 1439 septima
878 1388 1016 1427 adiret
1052 1388 1244 1427 Marcum
1282 1389 1503 1428 Musurum
1542 1387 1699 1428 Graece
1737 1387 1860 1439 profi-

263 1447 451 1483 tentem:
494 1444 567 1494 qui
595 1446 691 1482 toto
729 1455 841 1481 anno
879 1443 953 1480 vix
990 1446 1052 1493 4⁰r
1089 1443 1406 1482 intermittebat
1439 1443 1527 1482 dies
1561 1444 1665 1494 quin
1695 1442 1863 1494 publice

263 1497 546 1550 profiteretur.
606 1497 788 1536 quenes
817 1497 981 1548 hyemis
1009 1498 1188 1548 rigorem
1217 1497 1324 1536 ferre
1353 1511 1440 1537 non
1467 1502 1692 1549 poterant;
1742 1497 1863 1536 illum

264 1565 406 1592 senem
425 1565 503 1591 nec
522 1551 660 1603 pudor
679 1565 756 1590 nec
775 1551 924 1602 hyems
945 1551 1146 1602 abigebat
1165 1552 1220 1590 ab
1242 1552 1467 1591 auditorio.

317 1607 515 1646 Musurus
529 1610 674 1645 autem
689 1610 789 1645 ante
804 1610 1067 1645 senectutem
1082 1607 1220 1657 periit,
1236 1611 1519 1657 posteaquam
1533 1619 1586 1645 ex
1600 1606 1863 1657 benignitate

181 1673 248 1704 240
265 1661 416 1701 Leonis
446 1661 589 1712 Papae
620 1664 818 1711 coeperat
848 1673 936 1699 esse
967 1660 1332 1712 Archiepiscopus,
1364 1662 1430 1699 vir
1459 1661 1633 1699 natione
1664 1659 1862 1705 Graecus,

263 1728 416 1767 nempe
439 1715 661 1761 Cretensis,
686 1714 760 1753 sed
782 1714 961 1753 Latinae
983 1714 1151 1766 linguae
1173 1728 1307 1766 vsque
1330 1715 1386 1754 ad
1408 1715 1659 1754 miraculum
1682 1714 1835 1753 doctus
1855 1727 1862 1753 :

263 1770 380 1821 quod
394 1771 469 1808 vix
483 1769 557 1808 vlli
573 1768 734 1808 Graeco
749 1770 929 1820 contigit
943 1773 1111 1820 praeter
1125 1769 1395 1809 Theodorum
1410 1769 1584 1816 Gazam,
1600 1773 1645 1808 et
1659 1769 1865 1808 Ioannem

264 1825 501 1871 Lascarem,
527 1825 601 1875 qui
625 1823 765 1862 adhuc
787 1824 832 1862 in
855 1824 966 1862 viuis
989 1828 1067 1862 est.
1120 1823 1284 1863 Deinde
1307 1825 1441 1863 totius
1465 1824 1756 1875 philosophiae
1779 1836 1865 1862 non

264 1883 436 1918 tantum
453 1878 799 1925 studiosissimus,
816 1879 882 1916 vir
897 1879 1072 1917 summis
1086 1878 1213 1917 rebus
1226 1883 1367 1925 natus,
1385 1880 1420 1917 si
1435 1891 1650 1930 superesse
1664 1878 1865 1917 licuisset.

182 1945 243 1978 245
267 1933 463 1982 Quodam
487 1933 555 1972 die
584 1945 717 1984 quum
742 1932 859 1971 domi
886 1933 1018 1984 ipsius
1048 1946 1181 1972 essem
1209 1938 1449 1980 cenaturus,
1474 1937 1520 1972 et
1548 1932 1715 1972 adesset
1743 1936 1866 1984 pater

312 2025 385 2057 215.
411 2017 566 2045 aetatem
582 2013 710 2045 vixisse
725 2017 758 2048 Β.
830 2025 901 2047 221.
930 2018 970 2044 vt
984 2024 1076 2045 nunc
1091 2024 1168 2045 sum
1183 2014 1256 2046 add.
1275 2014 1320 2045 H.

267 2057 459 2089 multorum
473 2060 506 2092 Β.
568 2060 605 2088 et
616 2057 691 2089 add.
707 2057 752 2089 H.
813 2067 886 2098 225.
913 2067 932 2088 e
948 2057 1023 2090 add.
1042 2057 1087 2088 N.

267 2112 342 2142 233.
369 2101 561 2141 viridisque
574 2103 613 2135 Βε
631 2100 823 2141 viridisque
837 2105 913 2132 erat
927 2114 956 2132 (ι.

268 2156 342 2188 240.
361 2144 478 2185 Papae
495 2155 558 2176 om.
577 2147 610 2179 Β
659 2144 712 2176 Η·
737 2149 878 2187 ceperat
891 2157 921 2175 a.

269 2201 341 2232 244.
361 2187 636 2219 studiosissimus
647 2188 721 2219 add.
737 2191 770 2223 β.

1410 2025 1483 2057 224.
1509 2013 1568 2045 illo
1583 2013 1723 2051 maiore,
1738 2012 1868 2044 iudicio

1153 2061 1227 2091 228.
1253 2058 1507 2092 niaHzinB
1567 2068 1630 2098 229
1634 2056 1800 2090 ‚hicom
1819 2057 1864 2087 N.

1020 2111 1094 2142 235.
1121 2101 1278 2133 Marcum
1292 2113 1328 2132 a:
1355 2101 1402 2133 Μ.
1418 2104 1452 2136 Β.
1520 2111 1593 2144 239.
1620 2113 1639 2130 α
1653 2100 1704 2133 H:
1730 2101 1865 2142 peritB

999 2156 1071 2187 241.
1094 2155 1269 2186 nempea:
1291 2145 1505 2179 nimirumB.
1569 2155 1643 2187 243.
1662 2143 1816 2175 Deinde.

833 2199 906 2231 244.
931 2187 1086 2220 licuisset
1098 2198 1275 2229 superesse
1293 2192 1326 2223 Β.
1386 2200 1460 2231 245.
1486 2192 1696 2222 coenaturus
1709 2197 1819 2219 essem
1832 2189 1865 2222 Β.

312 2307 386 2329 220.
407 2293 612 2333 Beroaldus]
625 2294 686 2326 See
698 2294 760 2335 Ep.
775 2295 849 2335 256.
868 2303 953 2335 137n
965 2294 1035 2325 and

268 2339 335 2372 vol.
360 2340 396 2377 ii,
421 2350 454 2380 p.
480 2339 549 2370 xix.
598 2338 652 2369 He
676 2348 745 2369 was
768 2342 833 2369 not
857 2347 895 2378 52
921 2342 959 2369 at
983 2337 1036 2368 his

269 2383 387 2415 death.

313 2437 385 2459 221.
414 2430 455 2457 vt
470 2435 562 2457 nunc
579 2424 671 2463 sum]
688 2425 854 2456 Erasmus
872 2434 941 2455 was
958 2434 1036 2455 now

271 2508 280 2512 ’
314 2523 386 2546 222.
415 2512 529 2544 Huius
555 2511 759 2554 cognatum]
785 2510 856 2543 The
881 2522 1038 2553 younger

270 2557 331 2588 Ph.
361 2555 552 2588 Beroaldus
578 2558 608 2595 (1
641 2555 707 2587 Oct
748 2564 921 2596 1472—30
947 2555 1034 2596 Aug.

273 2602 371 2641 1518)
387 2610 458 2631 was
473 2610 493 2630 a
508 2599 654 2640 nephew
669 2599 704 2630 of
720 2598 779 2630 the
795 2598 897 2630 elder.
938 2598 1039 2630 After

269 2644 458 2675 education
481 2646 519 2674 at
543 2642 699 2683 Bologna
723 2641 765 2673 he
790 2642 917 2683 taught
941 2641 1038 2673 there

274 2695 493 2727 1499—1502;
532 2685 603 2717 and
626 2685 711 2717 then
735 2689 828 2716 went
852 2689 890 2716 to
913 2685 1034 2716 Rome.

271 2731 336 2762 His
370 2730 501 2761 talents
536 2728 706 2770 procured
741 2728 814 2760 him
848 2728 1038 2760 admission

271 2778 309 2805 to
330 2772 439 2815 Papal
461 2773 591 2804 service
612 2772 723 2803 under
743 2772 859 2804 Julius
880 2780 932 2809 11;
968 2772 1039 2803 and

271 2817 341 2848 Leo
362 2825 387 2848 x
408 2815 602 2857 appointed
622 2815 696 2847 him
718 2819 756 2847 to
777 2815 837 2847 the
857 2815 1039 2846 librarian

271 2859 349 2900 ship
368 2859 403 2890 of
421 2859 481 2890 the
501 2859 662 2896 Vatican,
682 2858 766 2890 with
786 2869 806 2889 a
825 2858 914 2890 brief
932 2858 1040 2890 dated

273 2912 317 2933 on
335 2902 395 2933 the
414 2901 531 2934 actual
549 2902 620 2944 day
638 2902 674 2933 of
691 2901 914 2943 Inghirami’s
931 2901 1039 2933 death

273 2945 308 2984 (l.
329 2946 442 2987 264n).
487 2945 552 2976 His
564 2948 657 2976 most
673 2945 817 2976 notable
829 2945 925 2976 work
936 2945 965 2976 is
978 2945 1039 2976 the

272 2988 348 3020 first
365 2988 499 3019 edition
519 2988 554 3020 of
572 2987 651 3019 Tac.
674 2989 764 3020 A7m.
787 2988 870 3025 i-vi,
888 2988 925 3019 in
945 2987 1040 3020 Guil-

272 3031 388 3064 leret’s
408 3030 560 3069 Tacitus,
581 3031 705 3070 Rome,
729 3041 740 3062 1
765 3031 885 3063 March
908 3040 1000 3072 1515.

1149 2294 1210 2326 800
1237 2304 1258 2325 a
1284 2294 1413 2326 careful
1440 2294 1547 2325 thesis
1574 2294 1621 2335 by
1646 2293 1679 2326 J.
1708 2293 1870 2335 Paquier,

1105 2347 1189 2376 1900
1205 2350 1212 2375 ;
1246 2337 1319 2369 also
1338 2337 1508 2369 Fantuzzi
1527 2337 1598 2368 and
1615 2337 1850 2369 Mazzuchelli.

1146 2384 1219 2413 226.
1246 2380 1570 2419 Carteromachum]
1600 2379 1662 2411 See
1693 2379 1758 2420 Ep.
1792 2391 1865 2423 217.

1104 2434 1157 2456 2n.
1190 2423 1357 2455 Erasmus
1385 2423 1465 2455 here
1495 2423 1787 2455 underestimates
1815 2423 1868 2454 his

1103 2477 1188 2508 age;
1213 2466 1268 2498 for
1285 2467 1327 2499 he
1343 2467 1464 2508 nearly
1479 2466 1626 2498 reached
1643 2477 1695 2508 50.

1147 2520 1221 2552 232.
1248 2510 1412 2552 Regium]
1430 2511 1491 2543 See
1508 2511 1572 2552 Ep.
1590 2519 1666 2552 450.
1685 2519 1763 2541 22n.
1805 2510 1870 2542 His

1104 2565 1167 2596 age
1183 2555 1212 2585 is
1229 2555 1421 2586 uncertain.

1149 2606 1223 2637 233.
1250 2598 1311 2629 sed
1321 2597 1443 2636 cruda]
1460 2597 1509 2630 Cf.
1523 2597 1622 2639 Verg.
1641 2597 1725 2628 Aen.
1742 2598 1773 2629 6.
1793 2607 1868 2638 304.

1149 2652 1222 2683 239.
1249 2640 1426 2680 Musurus]
1444 2640 1505 2673 See
1523 2641 1587 2682 Ep.
1607 2650 1682 2680 223.
1700 2651 1757 2681 4n.

1149 2695 1222 2727 240.
1250 2683 1554 2726 Archiepiscopus]
1568 2683 1630 2716 See
1641 2684 1704 2726 Ep.
1726 2685 1799 2725 556.
1820 2686 1870 2722 18,

1105 2728 1175 2760 and
1195 2728 1262 2760 vol.
1282 2728 1332 2766 iii,
1352 2739 1386 2770 p
1409 2729 1503 2760 xxvi.

1150 2782 1223 2813 242.
1250 2770 1397 2810 Gazam]
1415 2771 1477 2804 See
1493 2771 1559 2812 Ep
1577 2780 1652 2811 233.
1671 2779 1727 2809 9n.

1150 2825 1224 2857 243.
1250 2814 1449 2854 Lascarem]
1467 2814 1529 2847 See
1546 2814 1611 2855 Ep.
1629 2815 1704 2851 269.
1725 2822 1801 2854 51n.

1150 2869 1223 2900 24.
1249 2862 1351 2900 pater
1380 2856 1566 2895 seniculus]
1590 2856 1870 2897 Cf.1v.181-3,

1105 2901 1216 2933 which
1228 2901 1409 2944 evidently
1413 2901 1442 2932 is
1453 2900 1561 2932 based
1571 2910 1616 2930 on
1626 2900 1871 2931 conversation

1104 2945 1190 2977 with
1208 2945 1384 2977 Erasmus.
1426 2944 1445 2976 I
1462 2946 1592 2975 cannot
1608 2942 1682 2974 find
1698 2942 1871 2984 anythiug

1104 2988 1240 3020 further
1256 2988 1367 3019 about
1382 2987 1465 3020 him.
1505 2986 1554 3018 At
1569 2985 1630 3017 the
1645 2985 1731 3017 time
1749 2985 1784 3017 of
1800 2986 1870 3020 this

1103 3031 1271 3069 incident,
1293 3032 1382 3072 1508,
1406 3030 1568 3063 Musurus
1585 3039 1655 3061 was
1672 3029 1783 3061 about
1799 3031 1852 3070 38.
