2012 3370
251 106 326 145 162

717 102 972 144 LETTERS
1003 102 1076 144 OF
1105 102 1370 144 ERASMUS

1722 106 1846 156 [1523

246 219 332 258 fere
372 217 584 258 vendibile
624 221 689 256 est
727 217 808 255 nisi
846 217 963 267 quod
1001 221 1046 256 et
1084 217 1302 257 Musarum
1342 217 1607 269 myrothecia
1644 216 1846 256 redoleat.

187 292 229 318 10
246 273 416 324 Alioqui
438 285 523 312 non
546 272 684 311 caruit
704 271 872 322 ingenio
895 270 1170 311 Cartusianus
1192 272 1261 311 ille
1281 286 1290 319 ;
1328 276 1373 312 et
1395 272 1545 319 oratio,
1568 272 1742 311 tametsi
1762 283 1850 310 non

243 331 311 367 est
329 327 501 367 omnino
521 326 689 371 Latina,
710 329 857 364 tamen
875 330 941 365 est
959 325 1158 366 dilucida.
1216 326 1438 367 Caeterum
1458 325 1574 377 quod
1593 325 1648 364 ad
1667 325 1849 364 alterum

244 382 434 421 libellum
471 381 642 426 attinet,
678 380 723 418 in
759 383 1010 430 argumento
1045 384 1138 419 tam
1173 381 1356 432 copioso,
1394 384 1619 432 propterea
1654 379 1771 430 quod
1805 380 1850 418 in

243 436 398 475 litteris
430 434 697 486 Euangelicis
729 438 774 473 et
804 434 1073 485 Apostolicis,
1106 435 1151 474 in
1181 435 1298 474 libris
1331 435 1655 486 Prophetarum,
1688 435 1774 473 imo
1806 434 1850 472 in

245 490 442 529 omnibus
465 490 686 539 vtriusque
708 488 973 528 Testamenti
995 488 1283 529 voluminibus
1304 494 1395 529 tam
1418 489 1557 529 multa
1577 489 1776 540 leguntur
1798 487 1851 526 de

189 564 225 598 15
244 544 500 596 pastoribus,
521 542 750 582 videbatur
768 547 894 582 autor
911 543 1068 583 fuisse
1058 544 1251 583 leiunus·
1287 545 1406 584 cuius
1425 544 1661 583 obscuritas
1680 554 1851 593 quoque

244 598 452 638 offectura
490 598 632 637 fuerat
671 598 808 648 operis
848 598 1022 649 gratiae,
1063 599 1231 638 etiamsi
1271 599 1473 638 materiae
1512 597 1849 637 foecunditatem

244 657 465 704 vteunque
493 652 711 692 tractandi
739 651 946 691 felicitate
974 658 1267 704 exaequasset.
1317 653 1439 693 Certe
1467 653 1603 692 multa
1633 665 1743 703 quae
1773 664 1849 690 ceu

247 708 354 747 seria
390 707 546 759 repetit
582 720 634 746 ex
672 706 869 758 Brigidae
905 707 1248 755 reuelationibus,
1288 721 1400 747 nunc
1437 707 1614 747 eruditis
1651 706 1847 746 omnibus

246 762 347 802 risui
370 761 517 801 futura
541 762 626 801 scio
646 773 655 801 ε
696 761 802 800 adeo
826 761 1015 801 decreuit
1036 762 1258 802 hominum
1282 762 1521 802 credulitas.

300 816 486 856 Libellus
502 816 701 867 Episcopi
718 815 991 862 Berithensis,
1010 816 1113 855 mihi
1130 817 1229 856 olim
1247 817 1417 867 cogniti,
1436 830 1522 856 non
1538 820 1604 856 est
1618 815 1816 855 indoctus
1837 828 1844 861 ;

247 871 320 910 sed
342 872 521 910 nimium
544 871 657 922 sapit
679 871 771 909 iura
794 870 1025 922 pontificia.

823 937 1070 976 quanquam
1100 929 1145 964 et
1173 930 1394 976 praeterea
1422 926 1587 964 ieiunus
1617 928 1682 964 est
1712 928 1756 963 et
1785 925 1845 962 in-

485 979 665 1018 Proinde
694 979 768 1017 vix
796 979 1037 1018 inuenietur
1066 980 1140 1030 qui
1172 980 1276 1019 haec
1313 993 1389 1019 suo
1425 979 1611 1031 periculo
1647 978 1844 1017 excudat.

246 930 391 965 turum
422 925 631 977 plerisque
662 925 775 964 scio:

246 979 426 1031 elegans.

1085 871 1178 919 Quo
1200 872 1370 910 nomine
1392 884 1505 910 nunc
1528 876 1640 910 certe
1664 870 1844 921 displici-

248 1034 371 1081 Quod
397 1035 431 1073 si
457 1038 534 1073 tua
560 1033 766 1072 celsitudo
792 1033 939 1072 mallet
963 1046 1052 1073 rem
1078 1034 1147 1085 agi
1171 1047 1248 1073 suo
1274 1034 1473 1085 periculo,
1502 1047 1588 1072 non
1613 1032 1724 1072 foret
1750 1045 1845 1072 con-

245 1143 380 1194 partis
423 1143 693 1194 suspiciones.

185 1106 225 1141 25
246 1088 406 1128 sultum
442 1101 508 1127 me
542 1087 852 1139 praefationem
887 1087 1042 1127 addere
1077 1088 1206 1139 operi,
1242 1092 1416 1140 propter
1451 1088 1592 1127 varias
1626 1088 1847 1138 vtriusque

752 1141 986 1181 Lutherani
1027 1141 1256 1182 fremerent
1298 1142 1414 1194 quod
1455 1154 1545 1182 rem
1587 1142 1855 1193 Papisticam'

245 1197 494 1236 adiuuarem
514 1210 523 1244 ;
565 1195 719 1235 diuersi
746 1197 1062 1247 suspicarentur
1086 1209 1154 1236 me
1178 1201 1327 1236 taxare
1352 1197 1535 1236 voluisse
1561 1196 1774 1248 praesules
1799 1208 1848 1235 ac

246 1251 499 1291 sacerdotes.

557 1250 787 1301 Vtriusque
819 1250 1018 1290 factionis
1051 1251 1195 1290 studia
1227 1252 1285 1291 sic
1318 1251 1471 1291 ardent
1502 1255 1554 1290 vt
1584 1264 1671 1290 non
1702 1254 1848 1302 optem

246 1305 375 1345 altius
415 1305 636 1344 admisceri
678 1304 878 1344 seditioso
918 1307 1104 1356 negocio.

184 1378 230 1413 30
247 1360 437 1399 studium
458 1363 502 1399 et
522 1360 689 1398 animus
709 1359 835 1398 huius
855 1359 1085 1398 Pontificis.

1163 1306 1454 1357 Expectamus
1494 1318 1580 1357 quo
1620 1318 1664 1344 se
1704 1308 1848 1344 vertat

1146 1360 1226 1408 Qui
1247 1361 1282 1399 si
1303 1360 1518 1400 videbitur
1538 1373 1636 1399 vere
1657 1363 1849 1411 spectare

245 1414 475 1461 Christum,
492 1414 598 1454 totis
612 1413 775 1452 viribus
790 1413 1082 1453 adiutabimus
1098 1428 1106 1461 ;
1133 1415 1169 1454 si
1182 1414 1287 1466 quid
1301 1419 1448 1454 tamen
1462 1427 1636 1467 possum
1651 1413 1846 1454 tantulus

247 1469 489 1508 homuncio.

300 1522 576 1562 Decreuimus
587 1522 655 1561 hic
669 1521 808 1561 adhuc
822 1523 1072 1562 commorari
1086 1535 1220 1574 Vsque
1233 1523 1288 1562 ad
1300 1523 1517 1570 Martium,
1533 1524 1591 1562 sic
1604 1523 1715 1562 enim
1728 1522 1848 1562 iubet

246 1578 475 1616 necessitas
491 1590 499 1623 ;
529 1589 615 1616 non
631 1577 758 1616 ociosi
778 1580 926 1616 tamen
945 1578 1115 1616 interim
1135 1577 1283 1616 futuri.
1341 1577 1453 1617 Nam
1468 1582 1636 1629 praeter
1656 1577 1739 1616 alia
1760 1576 1848 1616 diui

185 1641 226 1677 35
247 1632 399 1671 Hilarii
432 1631 560 1670 libros
594 1631 758 1681 magnis
792 1631 1017 1670 sudoribus
1051 1631 1385 1679 emendauimus,
1421 1636 1478 1679 et,
1513 1633 1549 1672 si
1582 1633 1692 1671 vires
1727 1631 1849 1670 dabit

246 1686 452 1731 Christus,
478 1685 634 1724 librum
662 1685 726 1724 De
752 1686 917 1724 ratione
945 1685 1224 1725 concionandi
1251 1686 1549 1725 absoluemus:

1593 1699 1720 1737 quem
1748 1685 1848 1725 olim

246 1753 271 1779 a
296 1753 363 1779 me
389 1740 643 1791 promissum
669 1739 824 1779 crebris
849 1739 1002 1779 litteris
1028 1739 1235 1792 efflagitat
1261 1741 1448 1792 optimus
1473 1741 1641 1792 praesul
1666 1740 1848 1779 Ioannes

246 1794 458 1834 Roffensis
488 1794 723 1846 episcopus,
754 1807 829 1845 per
859 1798 1047 1833 veterem
1077 1796 1311 1834 amicitiam
1340 1799 1532 1835 nostram
1561 1808 1720 1846 perque
1751 1807 1846 1834 con-

246 1853 365 1888 stans
384 1853 428 1888 et
446 1852 701 1900 perpetuum
720 1861 845 1888 suum
864 1861 962 1900 erga
981 1862 1049 1888 me
1067 1848 1260 1889 studium
1279 1850 1513 1890 obtestans.
1569 1849 1785 1889 Accedent
1804 1853 1849 1889 et

184 1913 229 1946 40
248 1903 331 1943 alia
350 1903 576 1955 quaedam.

301 1957 415 1997 Elud
442 1958 487 1996 in
515 1957 668 1997 litteris
696 1957 784 1997 tuis
812 1957 1090 2009 repetitumff
1109 1961 1210 1997 tuus
1240 1958 1313 2010 qui
1342 1971 1443 1998 suus
1472 1971 1558 1998 non
1578 1958 1671 2005 est,'
1693 1970 1848 2009 magno

247 2012 377 2051 animi
420 2024 517 2051 cum
559 2011 704 2051 dolore
745 2011 935 2063 legimus.

248 2066 426 2105 aduersa
472 2065 718 2105 valetudine
765 2066 1021 2106 discruciari.

249 2120 425 2167 charior,
457 2119 532 2159 sed
560 2120 707 2159 malim
735 2132 846 2159 esses
884 2120 1120 2160 iucundjor.

184 2185 226 2219 45
248 2175 469 2214 hominum
521 2187 685 2213 amores
738 2187 1046 2225 nonnunquam
1100 2175 1309 2215 malorum
1363 2177 1566 2216 societate
1620 2175 1846 2215 conciliari.

994 2012 1192 2064 Suspicor
1234 2014 1346 2052 enim
1390 2012 1683 2053 celsitudinem
1725 2016 1848 2052 tuam

1081 2067 1173 2115 Quo
1218 2068 1390 2107 nomine
1436 2068 1540 2107 mihi
1585 2067 1759 2118 quidem
1804 2079 1848 2106 es

1178 2121 1291 2161 Nam
1328 2126 1443 2162 recte
1480 2121 1654 2173 quidem
1691 2121 1848 2160 dicitur

247 2229 471 2269 Caeterum
509 2241 586 2280 ego
624 2228 854 2268 maioribus
892 2229 1015 2268 malis
1053 2229 1205 2281 dignus
1243 2244 1350 2278 sum,
1390 2235 1468 2270 tua
1504 2231 1589 2270 ista
1625 2230 1849 2281 integritas

246 2282 604 2334 tranquillitatem
618 2295 787 2322 omnem
799 2283 1132 2335 promerebatur.
1190 2284 1347 2324 Verum
1360 2284 1464 2324 haec
1477 2288 1543 2324 est
1555 2284 1624 2324 lex
1636 2284 1849 2324 humanae

249 2337 503 2377 conditionis
523 2351 532 2384 3

595 2337 774 2376 velimus
821 2337 1016 2384 nolimus,
1066 2340 1288 2378 marcescit
1333 2339 1413 2378 hoc
1461 2338 1758 2390 corpusculum
1803 2342 1848 2378 et

248 2391 474 2431 collabitur
498 2391 578 2431 hoc
605 2391 878 2431 domicilium.
935 2391 1018 2432 Sed
1044 2405 1094 2432 ea
1117 2405 1183 2432 res
1208 2406 1295 2432 non
1320 2393 1551 2432 admodum
1577 2392 1757 2432 molesta
1782 2396 1848 2432 est

292 2533 345 2554 20.
372 2519 598 2559 Berithensis]
638 2520 809 2557 Briselot3
857 2531 912 2553 see
950 2521 1015 2563 Ep.

251 2574 324 2607 597.
356 2575 414 2605 411.
469 2563 542 2596 The
574 2564 670 2597 work
701 2564 904 2596 mentioned
935 2564 1015 2597 here

248 2618 396 2650 appears
418 2607 475 2648 (cf.
504 2607 540 2639 ll,
567 2609 666 2650 27—8)
689 2610 728 2639 to
749 2607 838 2639 have
861 2607 948 2640 been
970 2618 1015 2640 on

249 2651 309 2684 the
323 2661 418 2683 same
433 2651 571 2692 subject
585 2661 624 2682 as
639 2651 738 2682 those
753 2651 789 2682 of
804 2651 993 2692 Dionysius
1009 2663 1016 2689 ;

249 2695 315 2727 but
332 2696 361 2727 it
380 2695 463 2726 does
480 2698 546 2726 not.
563 2694 689 2726 accord
706 2694 793 2726 with
811 2705 882 2735 any
902 2694 938 2726 of
957 2694 1016 2726 the

248 2738 344 2770 titles
360 2738 453 2770 cited
469 2737 518 2779 by
534 2737 676 2776 Sweert,
691 2748 725 2779 p.
742 2747 818 2777 401.
860 2738 1016 2779 Nothing

249 2781 285 2813 of
303 2780 481 2814 Briselot's
499 2791 568 2813 was
584 2791 666 2812 ever
682 2781 832 2822 printed.

293 2825 347 2856 26.
373 2824 604 2864 Papisticam]
621 2824 673 2856 Cf.
690 2825 758 2865 Ep.
780 2833 874 2864 1459.
893 2834 973 2864 94n.

295 2879 346 2909 35.
373 2867 513 2907 Hilarii]
533 2868 594 2900 See
615 2868 679 2909 Ep.
704 2877 798 2908 1334.

295 2914 346 2952 36.
371 2909 615 2949 concionandi]
642 2911 693 2943 Cf.
724 2911 788 2953 Ep.
817 2921 892 2951 932.
925 2913 1002 2943 18n:

249 2953 324 2986 also
340 2953 429 2995 Epp.
452 2963 544 2993 1311.
565 2965 642 2992 21n,
664 2964 757 2993 1321.
779 2965 896 2992 10—12‚
918 2964 1013 2995 1334.

250 3007 351 3040 235n,
368 2997 438 3029 and
450 2997 550 3029 Basle
560 2997 630 3030 MS.
646 2997 685 3030 G.
700 2997 748 3030 II.
768 3007 822 3036 29.
844 3005 917 3036 119.
960 2997 1014 3030 On

1084 2530 1123 2561 13
1138 2521 1236 2562 April
1253 2531 1266 2553 1
1274 2530 1312 2562 52
1317 2531 1337 2562 3
1352 2521 1447 2559 Volz,
1460 2520 1591 2562 having
1604 2519 1754 2563 perhaps
1768 2531 1849 2554 seen

1081 2565 1153 2597 Cat.
1171 2565 1251 2596 Luc.
1268 2567 1321 2605 (1),
1337 2568 1444 2596 wrote
1460 2568 1498 2597 to
1512 2565 1642 2596 Beatus
1656 2563 1848 2597 Rhenanus

1080 2609 1281 2649 suggesting
1316 2608 1397 2640 that
1432 2607 1492 2639 the
1528 2608 1620 2639 book
1655 2607 1768 2649 might
1805 2608 1847 2640 be

1081 2651 1266 2683 dedicated
1291 2654 1329 2683 to
1353 2651 1491 2684 himself
1516 2651 1637 2690 (ΒΗΓ.
1665 2653 1755 2691 229).
1804 2652 1846 2684 In

1082 2694 1141 2726 the
1158 2705 1311 2726 summer
1327 2695 1362 2727 of
1382 2704 1394 2726 1
1402 2704 1440 2736 52
1450 2703 1462 2735 5
1483 2695 1648 2727 Erasmus
1665 2694 1749 2726 took
1766 2695 1795 2726 it
1810 2695 1846 2726 in

1082 2738 1177 2769 hand
1195 2739 1321 2780 again;
1348 2748 1404 2770 see
1421 2738 1485 2779 Ep.
1508 2739 1587 2780 1581
1610 2737 1680 2770 and
1700 2737 1758 2770 the
1777 2737 1846 2769 last

1081 2781 1194 2813 words
1213 2781 1249 2813 of
1288 2781 1342 2813 his
1372 2782 1410 2814 A
1404 2781 1539 2822 poloqm
1564 2782 1703 2823 against
1729 2780 1844 2819 Sutor,

1081 2824 1153 2856 also
1172 2824 1207 2858 of
1225 2825 1285 2856 the
1303 2824 1437 2865 Linqua
1455 2825 1803 2867 (Epp.15911593)

1125 2870 1176 2909 38.
1203 2867 1391 2907 Roffensis]
1425 2868 1474 2901 Cf.
1513 2868 1602 2910 Epp.
1640 2877 1733 2908 1311.
1766 2878 1845 2906 21n,

1083 2921 1097 2944 1
1125 2913 1176 2944 81.

1103 2923 1176 2996 544.
1203 2953 1345 2993 dieitur]
1359 2954 1421 2987 See
1436 2954 1541 2995 Adaq.
1562 2963 1640 2996 1071
1657 2965 1670 2992 ;
1696 2955 1844 2996 quoting

1079 2997 1184 3030 Arist.
1202 2998 1294 3031 Rhet.
1314 3007 1340 3030 1.
1357 2999 1388 3029 6.
