2012 3370
229 151 307 191 166
697 150 953 191 LETTERS
984 151 1057 192 OF
1086 152 1350 194 ERASMUS
1699 155 1824 206 [1523

224 263 430 304 scintillas
454 261 720 310 ostendebat,
746 265 796 301 vt
818 275 943 302 nemo
966 275 1052 302 non
1076 262 1155 302 sibi
1179 262 1446 313 polliceretur
1469 263 1671 303 eximium
1695 277 1824 316 quen-

226 317 327 358 dam
350 331 400 357 ac
422 318 608 357 numeris
630 316 827 356 omnibus
851 317 1096 356 absolutum
1119 316 1370 368 Principem.

282 372 374 411 Iam
393 385 493 411 vero
510 371 725 423 publicam
743 371 856 410 orbis
873 371 925 410 de
942 375 986 410 te
1004 384 1120 423 spem
1139 384 1273 422 quum
1290 371 1496 411 hactenus
1513 385 1599 411 non
1615 372 1824 420 fefelleris,

165 442 206 474 93
226 426 331 466 illud
355 427 527 478 insuper
552 425 693 473 efficis,
721 429 772 465 vt
797 427 910 465 votis
935 426 1066 465 etiam
1092 427 1295 473 omnium,
1326 439 1412 465 non
1442 426 1577 465 solum
1607 428 1709 478 spei,
1739 428 1825 466 iam

226 481 367 520 factus
407 484 514 519 nat-u
554 480 753 531 grandior
794 480 1127 519 cumulatissime
1163 480 1458 520 satisfacturus
1499 494 1587 520 0330
1628 481 1824 520 credaris.

228 535 435 574 Libellum
474 535 525 574 de
564 533 759 586 Principe
791 535 1044 582 Christ-iano,
1084 534 1220 586 qualis
1258 535 1392 585 qua-lis
1427 540 1504 583 est,
1542 536 1627 574 iam
1663 536 1827 588 pridem

226 589 469 629 adolescens
516 589 717 628 studiosis
764 589 960 628 omnibus
1007 589 1328 637 commendasti,
1376 594 1526 641 postea
1573 603 1702 641 quam
1750 594 1827 630 tua

226 643 406 683 lectione
430 643 630 695 dignatus
655 657 711 682 es.
770 643 830 683 Et
853 644 965 683 hunc
990 645 1119 694 igitur
1143 645 1310 696 proprie
1333 649 1411 684 tuo
1435 646 1594 684 nomini
1621 645 1826 691 dicatum,

147 713 208 736 100
226 699 392 738 iuuenis
440 698 565 737 huius
615 698 743 737 seculi
792 698 1114 738 florentissimus
1164 699 1394 750 multisque
1442 699 1686 739 nominibus
1736 700 1827 739 orbi

225 753 566 804 gratiosissimus,
592 752 832 804 dignaberis
857 753 1165 793 commendare.
1223 753 1311 792 Nec
1334 753 1379 792 id
1402 754 1521 801 adeo,
1547 767 1633 805 quo
1656 753 1721 793 vel
1747 753 1828 793 tibi

225 807 381 859 gloriae
409 808 629 859 quippiam
657 807 725 846 vel
753 807 855 846 mihi
884 808 1095 847 commodi
1122 808 1314 847 nonnihil
1341 809 1546 848 accedat:
1590 822 1723 860 quum
1751 821 1828 848 nec

224 863 348 901 istius
362 861 561 902 fortunae
576 862 773 913 splendor
788 876 864 901 nec
879 863 1001 902 istius
1016 864 1170 914 ingenii
1187 863 1395 902 modestia
1410 863 1579 902 laudem
1595 863 1828 902 humanam

226 916 295 955 vel
316 916 527 956 desideret
548 917 615 956 vel
637 916 823 964 affectet,
846 930 923 956 nec
945 917 1013 957 hic
1035 918 1202 956 animus
1224 918 1453 968 quicquam
1475 918 1639 957 ambiat
1660 922 1829 969 praeter

148 986 204 1018 105
226 971 382 1010 Christi
410 971 630 1018 fauorem3
675 971 749 1010 sed
777 975 828 1010 vt
855 971 920 1010 his
949 971 1104 1022 quibus
1132 972 1212 1011 hoc
1240 971 1396 1010 laboris
1425 972 1681 1011 desudatum
1709 976 1829 1011 est—-

226 1025 483 1065 desudatum
517 1029 583 1064 est
617 1029 763 1065 autem
796 1026 841 1064 in
876 1038 1100 1065 commune
1134 1026 1622 1066 ommbus-vberiorem
1658 1026 1827 1066 adferat

225 1079 426 1119 fructum.
485 1079 657 1119 Etenim
687 1092 798 1131 quae
827 1092 902 1132 per
931 1093 975 1119 se
1005 1085 1122 1120 recta
1153 1084 1266 1127 sunt,
1298 1085 1392 1120 tum
1424 1081 1595 1120 demum
1626 1081 1828 1120 adferunt

225 1147 424 1186 magnam
444 1134 690 1181 vtilitatem,
712 1135 746 1174 si
765 1138 966 1186 superato
984 1134 1116 1174 liuore
1134 1134 1326 1174 fauorem
1346 1135 1563 1187 publicum
1582 1136 1826 1175 meruerint.

225 1188 293 1228 Ad
297 1166 427 1228 ahane
451 1201 541 1228 rem
566 1189 796 1240 plurimum
822 1189 987 1229 adferet
1011 1190 1231 1237 momenti,
1258 1190 1291 1229 si
1319 1190 1544 1230 declararis
1568 1190 1647 1230 hoc
1673 1203 1828 1229 munus

147 1259 208 1282 110
226 1256 345 1283 meae
365 1243 672 1283 lucubrationis
693 1243 773 1283 tibi
794 1257 881 1283 non
900 1245 1116 1296 ingratum
1137 1244 1279 1284 fuisse.

279 1297 368 1337 Nec
399 1298 511 1337 enim
543 1302 683 1337 metus
713 1303 791 1346 est.
825 1299 986 1350 opinor,
1019 1312 1073 1338 ne
1102 1300 1208 1338 istos
1239 1299 1472 1339 audiendos
1503 1299 1720 1339 existimet
1749 1303 1827 1339 tua

225 1352 465 1404 prudentia,
494 1353 568 1404 qui
597 1353 777 1392 fortasse
811 1352 966 1392 dicturi
998 1357 1111 1400 sunt,
1141 1367 1274 1405 quum
1307 1354 1493 1394 viderint
1525 1354 1827 1406 Euangelicam

226 1406 525 1459 Paraphrasim
551 1407 821 1447 Ferdinando
848 1407 1089 1455 dicatam‚‘
1110 1407 1221 1456 Quid
1247 1409 1469 1460 prophano
1495 1408 1695 1460 Principi,
1723 1408 1827 1460 quid

224 1462 368 1501 iuueni
385 1475 482 1502 cum
499 1461 732 1513 Euangelio
755 1464 770 1500 ’.Ρ
792 1462 800 1478 ’
834 1475 985 1513 meque
1001 1464 1124 1502 iuxta
1140 1467 1265 1503 vetus
1282 1462 1535 1503 Graecorum
1554 1463 1827 1515 prouerbium

148 1532 203 1564 115
226 1519 406 1568 βατράχῳ
435 1521 615 1569 οἰνοχοεῖν
643 1516 970 1556 cauillabuntur.
1030 1517 1159 1565 Quasi
1188 1531 1289 1557 vero
1318 1518 1394 1557 soli
1417 1519 1608 1557 omnium
1630 1518 1826 1569 principi-

226 1571 306 1610 bus
332 1575 436 1623 apta
463 1584 639 1610 munera
667 1571 873 1618 deferant,
904 1572 977 1622 qui
1005 1572 1057 1610 de
1084 1576 1258 1619 venatu,
1288 1572 1340 1611 de
1368 1572 1529 1611 alendis
1557 1572 1745 1619 canibus,
1776 1572 1828 1611 de

226 1625 432 1665 habendis
466 1626 598 1676 equis,
635 1625 688 1665 de
722 1626 929 1665 machinis
964 1626 1134 1674 bellicis,
1171 1631 1249 1666 aut·
1281 1626 1462 1666 fortasse
1496 1627 1548 1666 de
1582 1627 1677 1666 lusu
1712 1627 1828 1666 aleae

225 1679 388 1720 libellos
439 1680 660 1719 barbarica
711 1681 914 1731 quapiam
964 1680 1108 1732 lingua
1159 1681 1430 1721 elucubratos
1480 1681 1677 1721 offerunt.
1737 1681 1828 1732 Ego

226 1738 375 1774 contra
411 1735 469 1774 sic
507 1735 717 1781 existimo,
755 1735 1068 1786 philosophiam
1105 1736 1421 1788 Euangelicam,
1461 1749 1593 1787 quum
1631 1736 1828 1775 omnibus

147 1805 208 1828 120
225 1793 268 1829 et
289 1789 573 1829 summatibus
593 1794 638 1829 et
656 1788 921 1829 infimatibus
941 1794 985 1829 et
1005 1790 1286 1843 medioxymis
1307 1792 1362 1830 sit
1381 1792 1424 1830 in
1445 1792 1592 1842 primis
1612 1790 1830 1842 frugifera,

226 1843 352 1883 nullis
391 1848 537 1883 tamen
572 1845 711 1896 -magis
750 1857 839 1883 esse
879 1846 1158 1884 necessariam
1198 1859 1329 1896 quam
1368 1846 1675 1897 potentissimis
1715 1845 1828 1884 orbis

227 1898 479 1938 monarchis.
537 1898 650 1938 Nam
667 1911 753 1950 quo
770 1900 905 1938 maior
921 1903 986 1939 est
1001 1901 1272 1951 negociorum
1293 1901 1425 1940 moles
1445 1913 1575 1952 quam
1596 1901 1825 1947 sustinent,

227 1965 313 2004 quo
338 1952 609 2005 periculosior
635 1958 700 1993 est
724 1967 865 1993 rerum
891 1958 1125 2006 tempestas
1151 1968 1281 2006 quam
1307 1955 1516 1994 moderari
1543 1954 1713 2002 debent,
1741 1967 1828 2006 quo

227 2007 368 2058 plures
383 2012 485 2048 sunt
500 2007 580 2047 illis
598 2008 838 2048 occasiones
854 2021 965 2060 quae
981 2009 1119 2049 solent
1135 2014 1179 2049 et
1194 2014 1311 2049 recta
1327 2023 1377 2049 ac
1394 2009 1500 2049 bene
1516 2013 1621 2049 nata
1637 2009 1829 2060 beneque

148 2078 205 2111 125
226 2062 428 2101 instituta
450 2063 619 2113 ingenia
642 2075 938 2114 corrumpere3
977 2063 1057 2103 hoc
1081 2063 1324 2116 diligentius
1348 2068 1518 2116 oportet
1540 2077 1611 2104 eos
1634 2064 1827 2116 Euange-

226 2115 332 2155 licae
358 2116 576 2156 doctrinae
603 2118 879 2156 sanctissimis
906 2118 1232 2180 certissimisque
1258 2120 1495 2170 praeceptis
1521 2119 1753 2158 instructos
1779 2131 1829 2157 ac

228 2172 519 2221 praemunitos
547 2184 648 2219 esse,
680 2172 753 2222 qui
781 2185 869 2211 non
896 2172 976 2211 nisi
1005 2186 1159 2224 magno
1187 2175 1322 2212 totius
1351 2174 1464 2213 orbis
1492 2173 1605 2213 malo
1633 2176 1826 2225 peccant.

229 2225 535 2277 Episcoporum
583 2225 793 2277 peculiare
840 2239 995 2265 munus
1041 2232 1118 2274 est,
1168 2241 1219 2266 ex
1267 2228 1548 2279 Euangelicae
1595 2227 1828 2279 sapientiae

228 2279 462 2331 largissimo
503 2293 615 2332 penu
657 2280 863 2332 populum
905 2280 1027 2328 alere,
1071 2281 1184 2320 vnde
1225 2286 1270 2321 et
1310 2287 1501 2334 pastores
1543 2282 1825 2333 appellantur.

151 2351 211 2382 130
229 2333 396 2374 Fateor.
453 2334 661 2374 Attamen
694 2334 906 2374 Homerus
939 2348 1025 2374 non
1058 2336 1147 2374 31110
1181 2349 1308 2375 causa
1346 2350 1371 2375 a
1405 2337 1507 2375 viris
1543 2337 1674 2375 etiam
1711 2336 1827 2388 apud

230 2388 490 2428 Christianos
537 2389 842 2429 laudatissimis
890 2389 1091 2429 laudatus
1140 2395 1217 2437 est,
1269 2391 1384 2442 quod
1433 2391 1592 2442 Regem
1641 2391 1828 2442 appellet

230 2446 386 2494 ποιμένα
414 2448 528 2491 λαῶν,
556 2443 602 2483 id
639 2448 704 2483 est
730 2448 945 2495 pastorem
972 2444 1238 2496 populorum.
1298 2445 1469 2493 Quanto
1499 2445 1633 2496 magis
1660 2448 1831 2496 oport-et

229 2497 308 2537 hoc
345 2510 579 2549 cognomen
613 2499 659 2537 in
695 2498 982 2538 Christianum
1019 2498 1258 2551 Principem
1295 2502 1570 2551 compet-ere?
1628 2499 1828 2551 Princeps

230 2565 315 2591 non
339 2552 466 2592 docet
488 2552 782 2604 Euangelium,
809 2553 882 2592 sed
905 2557 1099 2605 praestat
1118 2567 1126 2601 ;
1167 2554 1292 2593 docet
1315 2558 1459 2594 autem
1484 2555 1615 2593 etiam
1638 2555 1830 2605 quisquis

151 2623 207 2656 135
230 2611 435 2658 praestat.
493 2607 717 2646 Caeterum
740 2620 825 2658 quo
848 2613 977 2659 pacto
1005 2609 1254 2659 praestabit,
1279 2610 1313 2648 si
1335 2610 1530 2648 nesciat?
1589 2621 1673 2659 quo
1702 2608 1830 2648 modo

230 2662 347 2708 sciet,
382 2662 463 2701 nisi
496 2661 687 2713 diligenti
722 2662 952 2713 crebraque
984 2662 1164 2702 lectione
1198 2668 1350 2711 verset,
1385 2664 1467 2703 nisi
1499 2676 1654 2715 magno
1687 2662 1831 2702 studio

229 2716 399 2766 penitus
418 2715 569 2767 infigat
589 2717 732 2755 animo
750 2718 765 2754 ‘3

272 2845 323 2877 97.
351 2835 392 2866 de
417 2835 576 2876 Principe
601 2834 812 2875 Christiano]
842 2836 904 2869 See
927 2836 993 2879 Ep.
1110 2838 1179 2869 118.
1206 2835 1402 2875 barbarica]
1414 2837 1468 2878 By
1478 2837 1548 2868 this
1558 2836 1724 2868 Erasmus
1734 2839 1830 2867 must

229 2879 304 2919 853.
1062 2890 1164 2911 mean
1186 2883 1249 2912 not
1271 2880 1331 2912 the
1354 2880 1568 2912 vernacular.
1591 2883 1629 2911 to
1650 2879 1762 2912 which
1785 2879 1832 2911 he

271 2922 323 2961 98
351 2924 413 2953 ‘¹²²
429 2921 735 3005 1998ἱῖἓέ198ὲ1ξ9
739 2932 863 2999 ..¹552
881 2933 993 2999 ‘3330
1061 2923 1199 3007 Ψἶῗ)’9)’
1209 2933 1400 2999 samii?
1419 2923 1625 2998 hssssfflfifffr‘a
1641 2922 1830 2998 891ἶὲῗὲ

226 2975 498 3039 (1(11311111115ἙΞ
509 3019 580 3050 quo
592 3009 679 3041 nihil
693 3014 783 3042 esset
796 2977 883 3052 0191113
896 3011 927 3042 01
941 3010 998 3042 0111
1059 2975 1215 3051 Ξὲαῑῖῒθᾱ
1230 3013 1280 3048 to,
1295 3010 1365 3042 and
1377 3009 1503 3042 indeed
1517 3020 1577 3051 1·0(1
1580 2977 1676 3042 Uirgi
1692 3009 1751 3052 by,
1768 3010 1828 3042 the

227 3051 482 3083 exhiberetur&
1059 3053 1226 3094 practical
1249 3053 1402 3094 subjects
1423 3053 1632 3086 mentioned.
