2012 3370
149 171 271 222 1365]
491 172 563 211 TO
593 171 821 210 ALBERT
853 171 923 209 OF
954 171 1397 211 BRANDENBURG
1665 172 1741 210 289

151 283 289 321 minus
318 286 489 333 oportet
516 281 723 332 negligere
758 280 983 319 clamorem
1019 294 1164 320 eorum
1201 295 1276 333 pro
1305 281 1459 332 quibus
1495 283 1740 333 sanguinem

151 349 274 374 suum
294 336 408 375 fudit
428 336 634 374 Dominus
655 334 773 373 Iesus
794 334 984 374 Christus
1004 336 1010 373 l
1062 336 1210 387 Neque
1237 337 1348 375 enim
1372 349 1449 388 pro
1469 336 1742 387 magnatibus

150 394 321 429 tantum
342 394 534 429 mortuus
554 392 618 428 est
637 402 646 436 ;
687 393 731 427 et
754 388 933 428 humiles
956 402 1006 428 ac
1029 390 1202 441 pusillos
1227 390 1306 429 sibi
1325 390 1593 441 peculiariter
1612 389 1744 429 habet

148 457 286 483 curae.
344 444 435 483 Hos
461 444 649 483 omnium
676 443 833 493 primos
860 443 1015 494 allegit,
1044 457 1118 494 per
1144 444 1221 483 hos
1248 448 1389 484 ortum
1417 458 1466 484 ac
1492 448 1742 496 prouectum

149 502 215 537 est
234 511 410 550 regnum
432 497 747 548 Euangelicum.

203 552 320 591 Haec
341 551 446 591 fient
467 552 596 591 etiam
618 551 778 602 absque
800 551 1004 598 tumultu,
1029 552 1063 590 si
1085 552 1411 591 monarcharum
1434 566 1483 591 ac
1505 554 1744 604 principum

150 600 370 653 autoritas,
389 607 559 645 semotis
573 606 742 644 interim
763 605 960 644 humanis
983 605 1219 653 affectibus,
1244 610 1338 645 toto
1362 611 1531 658 pectore
1554 608 1744 646 seruierit

152 660 329 699 Vtilitati
385 660 577 711 publicae
633 663 677 698 et
732 658 886 710 gloriae
939 660 1140 711 principis
1190 661 1379 699 omnium
1430 660 1526 700 Iesu
1576 661 1742 707 Christi,
1786 679 1802 693 ο

150 715 269 765 sique
293 713 626 753 submoueantur
645 713 699 752 ab
724 713 802 752 hoc
826 714 999 764 negocio
1023 726 1129 764 quos
1153 714 1338 753 mundus
1361 716 1447 753 iam
1470 716 1648 754 nimium
1673 715 1745 753 diu

152 768 265 815 tulit,
313 781 413 807 suae
468 767 636 819 gloriae,
685 768 749 806 sui
801 768 964 806 Ventris
1011 780 1196 819 suaeque
1239 754 1479 819 tyrannidis
1525 770 1745 831 negocium

152 826 351 884 agentes;
384 823 456 873 qui
477 834 652 873 regnum
674 834 798 860 suum
819 834 905 860 non
925 825 1085 872 putant
1104 835 1225 873 posse
1247 824 1488 870 consistere,
1512 824 1546 861 si
1565 823 1746 874 populus

151 877 380 927 quicquam
416 876 574 915 habeat
610 875 678 914 vel
715 877 869 914 mentis
907 875 975 915 vel
1011 876 1182 916 cerebri.
1241 876 1480 916 Pulsandus
1518 881 1583 916 est
1619 878 1748 927 igitur

153 930 448 969 communibus
477 929 671 981 precibus
700 929 819 968 Iesus
848 934 937 981 opt.
966 943 1079 969 max.
1102 934 1151 969 vt
1175 931 1285 970 hanc
1312 935 1500 970 mentem
1527 932 1748 981 vtriusque
1788 950 1805 973 2

152 989 292 1023 status
336 984 590 1036 primoribus
630 985 879 1035 impartiat:
946 985 1057 1023 inter
1102 998 1210 1036 quos
1255 990 1318 1032 tu,
1367 989 1417 1024 vt
1474 986 1748 1036 praecipuum

151 1038 291 1077 locum
343 1042 476 1085 tenes,
529 1039 592 1077 ita
648 1038 878 1089 plurimum
941 1038 1177 1078 adiumenti
1242 1040 1400 1090 poteris
1466 1039 1630 1078 adferre
1695 1038 1749 1077 ad

152 1093 460 1131 restituendam
533 1092 744 1131 Ecclesiae
808 1093 1179 1143 tranquillitatem.
1266 1093 1389 1141 Quod
1451 1098 1494 1133 te
1555 1095 1749 1145 gnauiter

152 1146 367 1185 facturum
397 1151 528 1197 atque
557 1148 688 1185 etiam
716 1146 856 1185 facere
886 1146 1064 1186 confido.
1123 1148 1239 1186 Bene
1268 1147 1375 1187 vale.

205 1201 395 1240 Basileae
416 1200 610 1240 Calendis
631 1200 776 1239 Iuniis.
804 1201 937 1240 Anno.
963 1212 1080 1251 1523.

521 1347 642 1387 1366.
707 1345 847 1387 FROM
878 1346 1144 1388 POLYDORE
1176 1347 1377 1391 VERGIL.

197 1413 389 1452 Gabbema
403 1424 438 1458 p.
457 1422 488 1458 5.
1485 1414 1652 1450 London.

197 1471 272 1507 LB.
289 1471 384 1517 App.
401 1472 482 1516 326.
1447 1483 1466 1517 3
1485 1473 1582 1508 June
1601 1482 1700 1517 1523.

195 1547 304 1587 [First
318 1546 458 1588 printed
471 1546 507 1578 in
522 1545 753 1586 Epistolarum
767 1546 807 1577 ab
823 1546 1009 1579 illustribus
1023 1550 1052 1578 et
1065 1547 1166 1580 claris
1181 1546 1264 1578 viris
1278 1545 1481 1587 scriptarum
1494 1546 1661 1578 centuriae
1676 1550 1749 1578 tres.

153 1591 243 1629 Quas
267 1589 400 1631 passim
426 1600 465 1621 επ
491 1589 707 1630 autoqraplm's
733 1591 859 1632 colleqz't
885 1600 923 1622 ac
950 1590 1055 1623 edidit
1081 1590 1116 1622 S.
1146 1590 1189 1623 A.
1218 1589 1393 1628 Gabbeww,
1421 1589 1624 1632 Harlingen,
1656 1591 1751 1629 1663.

152 1634 259 1674 Many
274 1633 309 1665 of
323 1632 534 1665 Gabbema’s
548 1643 672 1675 papers
686 1643 744 1664 are
758 1643 837 1665 now
849 1633 886 1665 in
901 1633 961 1665 the
976 1633 1172 1665 Provincia]
1187 1633 1335 1675 Library
1349 1637 1388 1665 at
1402 1633 1635 1666 Leeuwarden
1650 1645 1659 1671 ;
1688 1632 1750 1665 but

153 1678 212 1709 Dr.
235 1677 268 1709 S.
288 1676 330 1709 A.
351 1676 479 1709 Waller
498 1676 615 1718 Zeper,
636 1676 819 1708 Librarian
838 1676 873 1708 of
892 1676 952 1709 the
971 1676 1111 1709 Friesch
1131 1677 1377 1719 Genootschap
1395 1677 1505 1715 there,
1522 1678 1585 1710 has
1607 1677 1677 1710 had
1692 1678 1753 1709 the

153 1721 318 1753 kindness
333 1723 370 1752 to
387 1720 516 1752 inform
535 1730 590 1751 me
609 1719 689 1751 that
705 1719 765 1752 the
782 1720 926 1762 original
943 1720 979 1752 of
996 1720 1066 1752 this
1080 1721 1110 1752 is
1125 1724 1189 1752 not
1206 1724 1244 1752 to
1260 1720 1302 1753 be
1318 1720 1429 1753 found
1445 1731 1572 1762 among
1588 1720 1695 1752 them.

198 1764 270 1795 The
295 1763 400 1795 letter
423 1773 493 1794 was
517 1773 563 1794 no
588 1763 701 1795 doubt
724 1767 803 1795 sent
826 1763 913 1796 with
938 1764 1003 1806 Ep.
1034 1765 1129 1805 1367.
1178 1764 1214 1795 It
1237 1773 1384 1805 appears
1410 1763 1491 1795 that
1515 1764 1691 1800 Erasmus,
1718 1765 1753 1796 in

153 1807 299 1848 sending
330 1806 455 1848 Algoet
486 1806 523 1846 (l.
550 1808 584 1846 6)
613 1810 650 1837 to
682 1806 855 1848 England,
881 1806 953 1839 had
983 1807 1250 1839 commissioned
1276 1807 1350 1838 him
1377 1810 1414 1839 to
1439 1807 1575 1849 inquire
1602 1806 1753 1848 through

154 1851 258 1883 Zach.
280 1850 466 1882 Deiotarus
485 1849 520 1889 (l.
545 1851 588 1890 1),
605 1849 761 1882 whether
778 1849 950 1892 Polydoro
968 1850 1039 1882 had
1054 1860 1135 1882 seen
1152 1851 1217 1892 Ep.
1242 1859 1337 1892 1175,
1355 1850 1467 1882 which
1484 1851 1554 1882 had
1570 1861 1648 1882 now
1668 1850 1754 1881 been

155 1904 239 1926 over
259 1904 280 1925 a
300 1904 384 1935 year
398 1893 435 1925 in
452 1893 558 1934 print.
598 1892 646 1924 As
663 1893 747 1924 with
765 1903 872 1934 many
886 1893 921 1926 of
935 1893 1198 1926 Pirckheimer’s
1212 1894 1333 1926 letters
1348 1894 1406 1933 (cf.
1422 1894 1488 1936 Ep.
1506 1895 1617 1934 1085),
1634 1894 1649 1924 Ι
1665 1893 1755 1925 have

156 1937 369 1969 transferred
386 1937 445 1968 the
463 1936 613 1978 heading
631 1941 668 1967 to
687 1936 746 1968 the
763 1937 904 1968 address
920 1949 928 1975 ;
958 1938 995 1969 111
1012 1938 1100 1969 view
1118 1937 1153 1969 of
1171 1937 1230 1968 the
1248 1937 1420 1969 direction
1437 1941 1475 1969 to
1493 1937 1621 1976 Basie]

207 2013 270 2052 M1
291 2014 479 2059 Erasme‚
503 2013 631 2052 salue.
690 2013 1011 2052 Nudiustertius
1032 2017 1177 2052 noster
1198 2013 1423 2052 Zacharias
1449 2013 1631 2052 salutem
1654 2012 1757 2051 mihi

158 2068 245 2106 tuis
271 2067 413 2106 verbis
437 2067 673 2113 nunciauit‚
700 2067 1042 2117 significauitque
1066 2071 1109 2106 te
1138 2081 1327 2106 meorum
1348 2067 1588 2106 libellorum
1615 2067 1756 2106 famae

155 2121 375 2173 profuisse,
404 2134 453 2160 ac
479 2121 531 2160 de
558 2135 625 2160 me
652 2126 866 2172 postremo
892 2123 1105 2172 quaesiuit
1132 2135 1187 2160 an
1212 2122 1316 2161 illud
1344 2123 1527 2161 scissem.
1586 2121 1677 2173 Ego
1704 2121 1759 2160 ad

157 2189 208 2215 ea
227 2175 424 2227 respondi
445 2189 512 2214 me
533 2179 698 2215 certum
718 2175 873 2215 habere
894 2176 1085 2215 studium
1105 2189 1204 2228 erga
1224 2189 1291 2215 me
1311 2181 1449 2222 tuum,
1472 2180 1516 2215 et
1535 2176 1580 2214 id
1600 2189 1689 2215 esse
1710 2179 1760 2214 vt

158 2230 332 2281 perinde
351 2233 401 2268 tu
422 2231 504 2268 mei
529 2233 580 2268 vt
605 2230 695 2281 ipse
721 2231 798 2276 tui,
828 2234 872 2270 et
891 2231 1209 2270 amantissimus
1231 2235 1274 2269 et
1295 2231 1629 2269 studiosissimus
1650 2242 1757 2268 sum.

158 2284 313 2323 Postea
345 2283 434 2323 heri
465 2283 533 2322 ille
566 2283 691 2323 duxit
723 2284 778 2323 ad
811 2297 878 2323 me
910 2297 1088 2336 puerum
1121 2290 1259 2332 tuum,
1294 2298 1319 2323 a
1352 2298 1437 2335 quo
1469 2284 1760 2335 particulatim

156 2337 346 2377 intellexi
369 2350 556 2389 quonam
580 2342 708 2389 pacto
731 2343 874 2377 tecum
898 2343 1106 2390 ageretur,
1130 2339 1174 2378 id
1199 2316 1314 2390 qu'od
1337 2352 1528 2378 summae
1552 2338 1656 2376 mihi
1679 2337 1763 2376 fuit

158 2392 402 2444 voluptati;
440 2405 540 2430 nam
563 2392 679 2443 quod
701 2394 823 2440 viuis,
848 2393 963 2455 quod
986 2393 1114 2440 vales,
1138 2393 1243 2432 illud
1265 2394 1450 2432 maxime
1472 2406 1524 2431 ex
1546 2391 1763 2443 republica

158 2450 306 2486 nostra
326 2446 512 2485 literaria
534 2450 612 2493 est,
637 2460 733 2486 cum
756 2448 1025 2509 perspicuum
1048 2449 1104 2486 sit
1126 2452 1326 2487 naturam
1349 2452 1392 2486 tc
1416 2448 1606 2486 omnium
1630 2457 1762 2484 vnum

161 2500 217 2539 ad
238 2513 332 2539 eam
354 2500 698 2552 locupletandam
720 2502 944 2552 peperisse.

216 2554 340 2602 Quod
373 2558 450 2593 tua
483 2555 528 2593 in
562 2567 630 2594 me
664 2555 801 2594 officia
835 2557 1102 2595 continenter
1136 2555 1312 2601 confers,
1350 2568 1429 2606 ago
1463 2555 1650 2605 gratias:
1701 2554 1765 2591 ita

161 2608 389 2659 respondes
409 2609 555 2655 amori,
576 2610 639 2648 ita
657 2610 722 2648 ius
742 2610 1076 2656 necessitudinis,
1098 2623 1207 2660 quae
1227 2609 1477 2659 iampridem
1499 2607 1601 2646 mihi
1621 2612 1764 2646 tecum

161 2663 413 2708 intercessit,
444 2663 612 2701 nauiter
643 2676 799 2702 seruas.
857 2663 948 2714 Ego
979 2663 1127 2702 itidem
1158 2663 1282 2709 facio,
1316 2664 1388 2713 qui
1420 2667 1521 2700 tuae
1553 2662 1765 2700 maximae

162 2715 300 2754 laudis
323 2715 657 2766 haudquaquam
680 2716 944 2756 detractator
965 2718 1103 2756 existo
1123 2731 1131 2763 ;
1171 2717 1214 2755 id
1238 2717 1354 2767 quod
1376 2720 1563 2755 testatur
1585 2715 1762 2767 epistola

214 2839 307 2871 1365.
338 2847 410 2870 132..
435 2837 583 2876 ventris]
598 2837 648 2870 Cf.
667 2838 731 2879 Ep.
752 2839 844 2869 1166.
867 2840 914 2869 16.
999 2848 1053 2869 000
1072 2838 1136 2879 Ep.
1159 2848 1251 2879 1373.
1275 2848 1300 2869 1.

213 2881 308 2914 1366.
335 2890 362 2914 1.
388 2881 588 2920 Zacharias]
618 2881 826 2913 Deiotarus:
876 2891 930 2912 see
1044 2892 1076 2921 9.
1100 2882 1268 2921 literaria]
1286 2882 1336 2914 Cf.
1356 2882 1421 2923 Ep.
1444 2891 1536 2922 1351.
1563 2891 1635 2924 1311.

167 2925 231 2967 Ep.
254 2933 348 2965 1205.
374 2933 425 2956 111.
1049 2935 1097 2967 13.
1124 2929 1206 2956 tuae
1223 2951 1229 2957 .
1246 2951 1252 2957 .
1270 2950 1276 2956 .
1296 2937 1345 2968 14.
1369 2925 1498 2964 laudis]
1512 2925 1553 2957 In
1566 2925 1626 2957 the
1639 2926 1763 2966 Apolo-

214 2980 242 3011 3.
268 2967 452 3010 profuisse]
494 2967 543 3000 Cf.
588 2968 677 3010 Epp.
721 2977 813 3009 1175.
856 2969 930 3009 5—8,
999 2968 1054 3007 qia
1066 2968 1101 2999 of
1112 2979 1152 3008 29
1164 2969 1260 3010 April
1276 2978 1357 3009 1524
1371 2969 1405 3009 (l.
1424 2971 1499 3011 15n)
1511 2969 1601 3000 after
1614 2970 1765 3010 praising

172 3021 311 3052 113-19,
334 3021 427 3044 1210.
454 3020 524 3052 1—9.
1001 3011 1060 3043 the
1081 3012 1220 3044 learned
1242 3023 1320 3044 men
1342 3013 1420 3044 who
1440 3023 1526 3044 were
1548 3013 1709 3053 teaching
1730 3014 1765 3044 in

214 3058 245 3089 6.
271 3066 417 3096 puerum
454 3055 568 3094 tuum]
605 3056 748 3086 Livinus
784 3055 903 3095 Algoet
923 3067 930 3087 :
1002 3055 1096 3098 Italy
1108 3056 1177 3088 and
1191 3056 1364 3097 England,
1377 3056 1546 3098 Polydoro
1559 3057 1741 3088 continues
1755 3069 1762 3088 ι

232 3125 325 3158 452·5
955 3124 986 3152 U

1764 407 1822 439 115

1770 1220 1834 1252 130

1781 2252 1796 2284 5

1785 2523 1824 2545 10
