2012 3370
178 151 300 201 1421]
686 149 845 188 FROM
873 149 1027 189 JOHN
1057 150 1260 190 HANER
1693 154 1771 192 403

177 261 443 312 persuaserit,
471 259 734 310 habeamque
760 262 968 310 gestorem
993 272 1078 298 non
1104 272 1277 311 grauem
1303 260 1430 299 modo
1455 260 1528 300 sed
1553 265 1597 300 et
1622 260 1769 309 fidum,

176 315 243 354 cui
269 318 367 354 tuto
390 314 484 354 illas
510 313 564 353 ad
589 317 633 353 te
658 313 924 352 committere
949 326 1134 364 possum.
1189 314 1317 354 Nolui
1341 315 1487 366 itaque
1514 315 1622 354 hanc
1649 328 1768 367 opor·
1792 326 1807 359 5

176 369 408 408 tunitatem
435 369 580 415 sinere,
608 368 652 407 in
679 380 839 406 vanum
866 372 916 407 vt
942 368 1044 406 mihi
1071 368 1296 408 excideret.
1354 368 1461 416 Quin
1491 369 1607 409 volui
1633 382 1771 433 pauca

175 426 318 462 tecum
339 435 416 474 pro
437 427 677 474 temporum
698 421 850 460 horum
870 421 1119 462 infelicitate
1142 425 1431 463 commentari.
1482 423 1622 464 Sentis
1643 425 1768 472 enim,

174 478 219 516 ni
244 477 379 524 fallor,
407 490 493 529 quo
518 489 655 516 nouae
680 475 879 515 factionis
904 476 1052 515 fabula
1077 477 1290 528 quottidie
1316 478 1470 517 sensim
1497 482 1541 518 et
1567 483 1768 531 emergat,

174 536 219 571 et
246 532 291 571 in
321 544 448 583 quem
476 530 604 570 finem
634 530 737 569 haec
768 534 983 581 postremo
1012 532 1070 570 sit
1099 543 1251 582 parum
1280 531 1486 571 foeliciter
1515 534 1694 580 exitura,
1726 534 1771 572 ni

175 598 305 637 quam
333 586 532 625 citissime
558 585 656 624 huic
683 588 869 635 ponatui
897 584 1060 624 modus.
1117 585 1338 624 Donatum
1365 590 1431 625 est
1456 586 1518 625 1111
1544 587 1639 638 plus
1667 588 1771 627 satis
1793 598 1831 621 10

174 640 380 680 hactenus
401 644 447 680 et
465 652 493 678 a
514 639 650 679 doctis
672 651 721 677 ac
743 638 1004 690 principibus
1026 640 1139 686 viris,
1164 643 1215 678 vt
1237 644 1348 679 certe
1370 641 1456 679 iam
1478 641 1602 691 pleno
1624 641 1771 681 luserit

174 694 357 742 theatro,
382 694 445 733 ita
470 697 520 733 vt
543 706 628 733 non
654 705 763 732 vnus
788 693 827 732 ei
850 692 998 740 honos,
1026 693 1185 732 multus
1210 693 1392 745 denique
1417 696 1771 745 spe[n]ctantium

174 748 298 787 fauor
312 749 533 788 accesserit
549 760 556 786 :
585 760 671 787 non
686 747 802 799 quod
821 747 928 786 adeo
947 747 1114 799 elegans
1129 752 1429 799 argumentum
1448 749 1510 788 illi
1530 751 1598 796 sit,
1622 763 1770 789 verum

173 803 274 853 quia
299 802 529 854 deturpata
554 801 808 841 eclesiastice
833 801 1052 853 discipline
1077 801 1219 849 facies,
1246 803 1287 841 in
1317 815 1447 854 quam
1471 803 1545 842 illa
1569 805 1770 843 instituta

174 858 358 908 primum
383 869 432 898 ac
457 860 555 908 post
579 856 696 895 edita
720 856 816 903 fuit,
843 856 922 895 hoc
948 857 1146 907 exigeret.
1202 856 1320 904 Quae
1344 870 1410 897 res
1435 858 1569 896 eciam
1593 857 1696 898 fecit
1720 863 1771 898 vt
1793 870 1829 902 15

172 912 262 962 ipse
293 924 462 963 quoque
491 910 608 950 illam
639 910 718 950 sub
748 911 933 958 initium,
966 923 1063 950 cum
1094 911 1295 962 prodiret,
1329 911 1668 963 gratulabundus
1700 926 1769 952 ex-

173 967 367 1017 ceperim,
407 978 456 1004 ac
494 965 645 1004 deinde
683 966 829 1012 eciam,
870 977 967 1004 cum
1004 966 1188 1017 tragicos
1225 965 1307 1005 sibi
1344 970 1487 1005 motus
1525 971 1764 1015 summeret‚

172 1019 537 1067 dissimulauerim,
563 1020 805 1071 actionique
826 1019 939 1058 illius
962 1019 1078 1058 nullo
1101 1033 1155 1059 ex
1178 1024 1278 1059 actu
1300 1020 1632 1060 reclamauerim.

227 1073 309 1114 Sed
328 1074 439 1122 vide,
462 1075 520 1113 mi
540 1074 728 1120 Erasme,
750 1087 835 1126 quo
855 1074 933 1113 tali
952 1078 1100 1113 nostra
1119 1074 1188 1113 vel
1207 1075 1471 1126 suppinitate
1491 1075 1559 1114 vel
1579 1076 1770 1115 socordia

172 1141 237 1167 res
258 1128 434 1168 tandem
457 1129 651 1167 euaserit.
703 1128 881 1167 Interim
904 1129 1016 1167 enim
1039 1141 1125 1180 quo
1146 1142 1223 1168 nos
1246 1130 1373 1168 ociosi
1396 1142 1490 1168 eam
1512 1134 1767 1181 spectamus,
1786 1142 1831 1165 20

171 1183 362 1221 omnium
395 1183 499 1222 haec
532 1187 576 1221 et
610 1182 752 1222 oculos
785 1186 830 1221 et
862 1183 1026 1221 animos
1060 1184 1288 1234 occupauit
1320 1184 1539 1235 traxitque
1572 1184 1770 1223 subsellia

172 1241 339 1284 cuncta,
369 1238 473 1288 quin
499 1236 692 1276 licentior
717 1238 762 1276 in
789 1237 902 1276 diem
928 1239 1147 1289 insurgens
1175 1239 1316 1277 nescio
1343 1250 1474 1289 quam
1501 1242 1665 1290 pestem
1694 1239 1770 1278 alit

172 1304 221 1330 ac
249 1291 405 1330 furiam
435 1290 633 1342 praefert.
691 1291 804 1330 Nam
834 1292 869 1330 si
899 1293 993 1343 quis
1023 1292 1214 1331 studium
1244 1292 1324 1331 hoc
1353 1305 1496 1331 recens
1526 1293 1770 1344 diligentius

171 1345 452 1396 perpenderit,
483 1345 606 1384 facile
634 1345 921 1396 deprehendet
949 1347 1178 1398 impotenti
1206 1359 1295 1385 rem
1325 1346 1422 1385 odio
1451 1348 1550 1398 geri,
1581 1347 1770 1398 nihilque

170 1412 356 1451 syncere,
385 1411 534 1438 verum
562 1400 704 1438 omnia
731 1412 808 1450 pro
835 1399 1075 1439 adfectibus
1101 1399 1203 1447 fieri,
1233 1404 1284 1439 vt
1310 1400 1407 1440 111110
1435 1401 1569 1440 0013111
1597 1402 1769 1440 veritati
1790 1414 1828 1446 25

171 1453 310 1493 nullus
335 1454 392 1493 sit
417 1453 486 1492 vel
510 1453 645 1493 honos
670 1454 739 1492 vel
762 1453 893 1493 locus.
947 1454 1112 1493 Deinde
1138 1467 1359 1506 perperam
1386 1455 1523 1494 multa
1547 1455 1767 1502 docentur,

170 1511 386 1548 nouantur
417 1511 563 1548 autem
596 1507 733 1547 multa
765 1509 897 1559 peius,
933 1510 1112 1560 pessime
1145 1522 1246 1548 vero
1278 1510 1438 1572 passim
1468 1510 1514 1549 in
1546 1523 1769 1549 commune

170 1563 343 1610 viuitur,
366 1562 472 1602 adeo
492 1566 543 1602 vt
563 1562 687 1602 hodie
706 1562 813 1602 nihil
832 1563 889 1603 sit
908 1563 1211 1614 periculosius
1200 1564 1333 1614 1mpia
1352 1564 1622 1626 quorundam
1642 1577 1771 1616 opera

169 1630 300 1668 quam
332 1618 539 1668 repetitus
573 1617 795 1668 Euangelii
827 1617 993 1665 titulus,
1028 1617 1134 1657 nihil
1166 1618 1282 1669 quod
1316 1619 1451 1670 magis
1483 1618 1606 1658 fallat
1639 1632 1770 1670 quam

169 1671 324 1712 Christi
360 1671 506 1711 crebra
541 1672 844 1722 gemminatio;
893 1685 994 1711 nam
1030 1676 1075 1711 et
1106 1685 1210 1711 sana
1247 1672 1469 1724 Euangelii
1499 1673 1693 1713 doctrina
1725 1675 1769 1713 in
1790 1687 1830 1718 30

170 1726 477 1777 presentarium
502 1738 727 1772 venenum,
756 1703 911 1765 Christi
937 1739 1037 1765 vero
1057 1739 1233 1777 syncera
1253 1728 1443 1789 cognitio
1456 1728 1500 1766 in
1520 1727 1766 1767 abhomina-

168 1781 329 1819 tionem
352 1792 401 1819 ac
423 1779 585 1818 idolum
607 1780 825 1831 quoddam
849 1793 898 1820 ac
920 1781 1060 1832 ipsum
1083 1782 1254 1832 insuper
1277 1780 1443 1819 Belial
1433 1782 1589 1833 iniquis
1611 1784 1768 1821 nostris

168 1834 321 1873 studiis
350 1835 619 1885 peruertitur.
678 1834 737 1873 Et
764 1838 911 1873 tamen
940 1835 994 1873 ad
1024 1835 1128 1874 haec
1157 1836 1300 1874 omnia
1328 1836 1462 1874 securi
1492 1837 1766 1875 conniuemus

168 1893 212 1928 et
238 1888 372 1927 veluti
395 1889 504 1927 muti
524 1901 660 1935 canes,
686 1888 842 1927 latrare
860 1902 947 1928 non
966 1889 1169 1937 valentes,
1191 1893 1394 1929 tacemus.
1448 1890 1544 1929 Heu
1564 1891 1737 1930 miseros
1757 1892 1763 1929 !

169 1942 353 1991 Quanta,
389 1956 533 1993 queso,
569 1942 649 1982 Dei
682 1943 873 1982 vindicta
905 1956 982 1983 nos
1016 1948 1175 1991 manet,
1211 1945 1245 1983 si
1278 1947 1370 1983 tam
1404 1944 1619 1995 publicam
1653 1945 1766 1984 orbis
1789 1959 1826 1991 35

169 2001 331 2049 pestem
346 1996 427 2036 vlti
438 2010 525 2036 non
538 1997 742 2036 fuerimus
765 1998 771 2034 ἔ
820 1997 932 2037 Ν3111
945 2002 995 2037 vt
1012 1998 1217 2037 intestina
1234 1998 1359 2037 huius
1378 1999 1478 2038 mali
1496 1999 1766 2039 incommoda

166 2065 251 2092 non
275 2053 462 2098 recitem,
488 2051 604 2102 quid,
630 2064 773 2103 queso,
800 2053 933 2104 magis
957 2052 1136 2093 offendit
1159 2066 1229 2092 eos
1253 2054 1327 2104 qui
1350 2053 1450 2092 foris
1474 2057 1576 2093 sunt
1598 2053 1764 2101 frat1es,

167 2119 298 2158 quam
315 2110 413 2157 post
430 2110 498 2145 tot
515 2119 723 2145 annorum
741 2107 1016 2154 centenarios,
1036 2111 1134 2158 post
1151 2107 1432 2146 Vniuersalem
1450 2112 1494 2147 et
1512 2108 1765 2147 catholicam

167 2161 391 2200 nationum
430 2161 619 2199 omnium
657 2159 798 2207 fidem,
838 2160 941 2200 haec
979 2162 1164 2212 primum
1204 2162 1316 2201 inter
1353 2175 1429 2201 nos
1468 2162 1643 2201 dissidia
1679 2176 1766 2202 non

167 2215 280 2266 gigni
306 2215 443 2253 solum
470 2215 543 2253 sed
570 2218 614 2254 et
640 2215 708 2261 ali,
738 2214 873 2254 multo
900 2216 1034 2254 eciam
1060 2215 1270 2268 religionis
1298 2229 1347 2255 ac
1373 2216 1471 2255 fidei
1498 2221 1641 2256 nostre
1669 2230 1765 2256 cum
1786 2232 1829 2263 40

167 2269 371 2308 dedecore
391 2272 407 2308 ‘2

221 2323 415 2371 Proinde,
450 2324 508 2362 mi
541 2323 728 2370 Erasme,
762 2324 806 2363 ni
839 2324 1017 2363 velimus
1049 2324 1232 2364 fratrum
1265 2338 1290 2363 a
1321 2325 1444 2364 nobis
1476 2325 1764 2376 neglectorum

166 2379 414 2430 sanguinem
452 2377 591 2417 Deum
629 2391 651 2417 0
689 2379 845 2418 nostris
889 2378 1086 2419 manibus
1129 2392 1354 2431 exposcere
1398 2392 1447 2418 ac
1492 2379 1765 2430 posthabitae

165 2431 320 2484 gloriae
336 2432 416 2472 Dei
430 2445 523 2472 reos
538 2445 615 2471 nos
632 2433 713 2484 agi,
731 2434 1044 2484 opereprecium
1061 2438 1174 2474 certe
1189 2434 1270 2473 erit
1286 2433 1479 2485 malignis
1495 2434 1764 2485 quorundam

164 2487 318 2526 studiis
346 2487 668 2534 contrauenire;
712 2487 757 2526 id
784 2487 901 2539 quod
929 2488 1126 2539 equidem
1154 2492 1198 2527 te
1227 2489 1411 2539 primum
1441 2489 1631 2527 omnium
1659 2489 1761 2527 iam-
1783 2505 1823 2535 43

165 2541 329 2580 dudum
366 2544 534 2581 tentare
573 2542 777 2592 oportuit,
818 2541 886 2581 vel
925 2546 1037 2581 certe
1075 2542 1258 2593 amplius
1295 2543 1340 2581 in
1378 2542 1551 2593 longum
1590 2543 1762 2581 minime

165 2594 347 2634 differre.
409 2595 467 2634 Et
500 2599 613 2634 certe
645 2595 749 2634 mihi
782 2596 916 2643 crede,
951 2609 1081 2647 quam
1114 2598 1299 2648 primum
1331 2601 1381 2635 tu
1415 2596 1636 2635 classicum
1670 2597 1761 2635 orbi

165 2649 374 2696 cecineris,
411 2648 568 2688 multos
602 2650 750 2688 statim
785 2650 918 2689 simile
953 2663 1128 2690 ausuros
1162 2651 1340 2697 videbis,
1376 2654 1420 2689 et
1454 2651 1527 2702 qui
1561 2655 1605 2690 te
1640 2655 1761 2702 parte

164 2702 307 2755 aliqua
327 2702 511 2742 referent
531 2716 580 2742 ac
602 2716 775 2754 operam
796 2716 917 2742 suam
938 2704 1142 2743 locabunt
1163 2704 1278 2743 haud
1300 2704 1376 2743 abs
1398 2717 1442 2743 re
1462 2706 1506 2743 in
1528 2705 1759 2755 publicum.

165 2757 224 2796 Et
255 2757 373 2808 quid,
407 2769 551 2808 queso,
587 2757 825 2797 Christiano
859 2758 950 2797 orbi
984 2758 1171 2798 conferre
1205 2763 1327 2809 potes
1361 2759 1606 2798 salubrius?
1670 2759 1761 2811 Ego
1784 2779 1823 2810 50

163 2812 277 2850 enim
311 2812 356 2851 ni
393 2811 687 2862 prospiciendo
716 2811 851 2858 fallor,
883 2812 962 2851 hac
1001 2825 1087 2851 vna
1125 2813 1321 2864 equidem
1360 2826 1488 2864 opera
1518 2814 1759 2864 opinionem

163 2870 285 2905 tuam
313 2865 582 2918 promouebis
609 2878 740 2917 quam
769 2865 1017 2906 felicissime.
1093 2867 1208 2906 Nihil
1236 2871 1302 2906 est
1328 2869 1453 2916 enim,
1484 2869 1541 2907 mi
1570 2868 1758 2917 Erasme‚

213 3025 261 3055 14.
286 3015 492 3056 deturpata]
521 3015 571 3048 Of.
610 3015 669 3047 the
700 3026 794 3047 same
824 3014 928 3047 letter
996 3025 1086 3056 qnae
1101 3018 1194 3047 certe
1207 3025 1276 3047 non
1294 3026 1364 3048 vna
1379 3019 1478 3058 parte
1491 3016 1680 3058 deturpata
1694 3021 1759 3056 est,

166 3059 291 3100 (Balan
303 3070 335 3101 p.
354 3060 428 3101 318)
443 3072 449 3091 :
484 3059 491 3071 ‘
503 3059 615 3091 omnis
626 3059 799 3094 Ecclesiae
810 3058 926 3095 facies,
996 3058 1216 3091 reformanda
1233 3059 1300 3092 erit
1313 3058 1333 3093 '.

903 3114 1029 3156 Dd2
