2012 3370
171 150 293 200 1384]

665 148 737 187 ΤΟ
771 146 986 186 ULRICH
1016 147 1265 187 ZWINGLI

1685 144 1763 183 329

168 258 352 309 quedam
371 256 640 308 disputanda,
659 256 829 305 iamque
846 255 1020 293 schedas
1039 255 1294 305 prodiderat.
1342 254 1486 292 iussus
1503 258 1567 292 est
1588 254 1632 291 in
1649 251 1764 291 aliud
1783 270 1825 301 50

171 317 338 363 tempus
360 324 594 363 prorogare.
643 310 768 348 Nunc
789 310 1015 360 permissus
1036 313 1101 348 est
1121 309 1338 360 disputare
1359 321 1491 359 quum
1510 307 1638 346 volet.
1690 306 1763 345 Vir

170 367 356 417 optimus
382 370 458 412 est,
485 364 559 404 sed
582 364 808 414 impatiens
834 363 1067 410 monitoris,
1094 363 1291 414 quamuis
1316 363 1452 401 amici.

1507 361 1683 413 Scripsit
1709 359 1763 399 ad

170 420 287 459 illum
321 420 543 466 Lutherus,
577 418 656 457 sibi
689 422 908 456 narratum
940 417 1059 456 illum
1092 430 1285 456 enarrare
1318 417 1503 463 Esaiam,
1538 429 1604 455 me
1637 415 1760 454 vehe-

172 479 333 514 menter
350 474 572 513 obstetisse
592 486 600 519 3
634 485 766 523 quum
785 485 908 510 nemo
927 472 1061 523 magis
1077 471 1224 510 faueat
1243 471 1582 522 Oecolampadio.
1628 469 1763 508 Addit

171 529 272 567 mihi
297 541 382 567 non
406 527 588 567 multum
614 525 886 565 tribuendum
911 526 956 564 in
980 526 1044 564 his
1068 539 1151 576 que
1176 530 1276 564 sunt
1301 526 1486 576 spiritus.

620 580 778 619 Adiicit
805 593 871 618 me
900 579 1033 618 veluti
1059 580 1205 619 Mosen
1232 579 1426 618 eduxisse
1453 578 1682 618 Israhelem
1710 591 1760 616 ex

170 584 226 621 sit
252 596 337 621 non
364 581 564 633 intelligo.

171 637 378 688 Aegypto,
412 639 595 675 ceterum
629 635 881 673 moriturum
913 635 956 672 in
988 634 1308 685 campestribus.

1380 633 1554 672 Vtinam
1586 633 1674 684 ipse
1707 632 1762 671 sit

170 691 286 729 lesus
307 692 380 742 qui
400 690 604 742 perducat
625 701 769 727 omnes
789 689 834 726 in
853 692 1009 727 terram
1031 688 1317 739 promissionis
1337 688 1344 725 1

223 745 521 796 Expostulatio
544 743 727 782 Hutteni
748 756 833 781 non
855 746 919 782 est
940 742 1120 789 reddita,
1144 743 1223 780 nisi
1244 746 1523 793 posteaquam
1545 742 1630 779 iam
1653 744 1762 780 esset

170 799 344 850 vulgata
364 798 507 837 multis
527 797 849 849 exemplaribus,
872 801 915 835 et
935 797 1117 835 ambiret
1136 796 1438 848 typographos.
1488 796 1578 847 Ego
1598 795 1658 834 1111
1677 807 1762 833 11011
1780 804 1826 834 60

168 853 337 892 inuideo
356 857 526 891 tuorum
545 853 701 891 ciuium
720 851 923 890 fauorem.
971 851 1099 889 Miror
1116 855 1262 890 tamen
1280 863 1365 902 quo
1384 850 1553 889 nomine
1572 849 1761 888 faueant.

168 907 390 958 Tanquam
413 906 654 945 Lutherano
676 911 690 944 Υ
741 906 877 945 Nemo
900 906 1032 957 magis
1054 905 1185 944 officit
1206 918 1329 944 cause
1352 904 1644 955 Euangelicae.
1697 902 1762 942 Ob

170 961 302 1000 bonas
322 962 485 1000 litteras
506 964 521 999 ’.Ρ
571 960 722 999 Nullus
743 973 849 1011 eque
871 961 1017 998 nocuit
1038 960 1159 998 bonis
1178 959 1344 998 litteris.
1395 958 1488 997 Imo
1510 957 1674 997 libellus
1694 957 1762 996 ille

168 1016 348 1066 scriptus
371 1016 459 1054 sine
483 1028 609 1054 causa
632 1015 675 1053 in
699 1016 881 1053 amicum
906 1014 1085 1053 multam
1108 1013 1313 1053 inuidiam
1338 1013 1580 1052 conciliabit
1602 1012 1764 1050 nomini

167 1069 430 1108 Germanico.

491 1069 601 1116 Quid
632 1070 743 1108 enim
776 1069 995 1107 barbarius
1026 1082 1155 1120 quam
1186 1073 1255 1107 tot
1285 1068 1395 1107 fictis
1426 1066 1670 1107 criminibus
1701 1067 1761 1105 in·
1780 1076 1819 1115 65

168 1137 324 1162 cessere
354 1124 537 1162 amicum
571 1124 676 1162 bene
705 1124 945 1174 cupientem
978 1123 1058 1174 ipsi
1092 1136 1138 1161 ac
1173 1123 1225 1161 de
1257 1123 1348 1174 ipso
1384 1122 1488 1161 bene
1521 1121 1757 1160 meritum?

168 1179 261 1216 Scio
299 1178 417 1216 illum
458 1178 665 1216 instinctu
703 1178 838 1216 alieno
876 1177 1035 1224 fecisse,
1075 1181 1119 1216 et
1156 1177 1236 1216 hoc
1273 1177 1401 1215 fuisse
1440 1189 1514 1227 per
1550 1175 1758 1227 quosdam

167 1233 391 1283 agitatum,
425 1236 475 1270 vt
507 1232 561 1270 ab
595 1232 740 1270 amicis
772 1232 875 1270 meis
908 1236 1231 1282 extorqueretur
1262 1231 1454 1282 pecunia.

809 1285 921 1325 Satis
949 1290 1054 1324 nota
1076 1290 1189 1325 sunt.
1254 1286 1258 1287 ⁷

556 1340 869 1391 Respondimus
894 1340 982 1386 illi3
1025 1340 1110 1378 imo
1137 1353 1224 1379 non
1250 1339 1556 1390 respondimus,
1585 1338 1659 1377 sed
1684 1338 1760 1376 im·
1779 1355 1824 1386 70

163 1286 275 1325 illius
305 1286 429 1325 factis
455 1299 541 1324 non
568 1285 752 1337 disputo.

166 1340 296 1379 ctiam
323 1341 499 1391 piratae.

1516 1230 1581 1269 De
1613 1229 1762 1268 ceteris

1245 1285 1328 1325 Sed
1354 1285 1588 1324 amiciciam
1617 1284 1764 1323 colunt

166 1394 397 1445 pudentem
424 1394 679 1432 calumniam
706 1407 731 1432 a
756 1394 877 1432 nobis
904 1394 1154 1445 depulimus.
1210 1394 1343 1445 Magis
1370 1407 1436 1433 me
1463 1397 1609 1432 mouet
1635 1405 1763 1431 causa

167 1448 422 1500 Euangelica
443 1461 492 1487 ac
514 1448 721 1487 bonarum
742 1448 980 1487 litterarum
1003 1461 1132 1499 quam
1155 1461 1250 1487 mea
1269 1448 1434 1487 iniuria.
1485 1447 1601 1486 Nihil
1623 1459 1763 1485 moror

165 1502 331 1542 illorum
367 1503 601 1541 amiciciam
637 1503 711 1554 qui
744 1502 821 1541 tali
856 1502 1123 1542 delectantur
1155 1503 1336 1554 ingenio.

1400 1502 1516 1541 Nulli
1550 1514 1635 1540 non
1670 1513 1760 1552 per-

165 1570 336 1596 suasum
358 1561 422 1596 est
443 1556 523 1603 hic,
540 1556 743 1608 quicquid
763 1557 888 1596 isthic
904 1557 1035 1596 habet
1053 1556 1225 1604 fauoris,
1242 1561 1286 1596 te
1301 1560 1449 1596 autore
1465 1559 1640 1595 nactum
1657 1567 1760 1601 esse,

165 1615 381 1662 vtcunque
409 1615 458 1650 tu
485 1612 785 1662 tergiuersaris.

840 1611 1013 1663 Aliquid
1041 1611 1141 1650 mali
1167 1611 1235 1651 ille
1261 1615 1405 1663 potest
1432 1610 1595 1650 adferre
1623 1613 1762 1649 vestre
1780 1629 1821 1662 75

166 1666 345 1712 ciuitati,
373 1664 474 1704 boni
499 1665 616 1704 nihil.
672 1665 802 1704 Porro
828 1666 945 1717 quod
971 1667 1138 1706 auxerit
1164 1666 1417 1705 maledicum
1443 1665 1645 1711 libellum,
1673 1665 1762 1715 ipse

165 1720 356 1759 narrauit
380 1719 743 1771 oecolampadius.
797 1719 1065 1772 Quanquam,
1090 1725 1140 1760 vt
1161 1720 1271 1759 illius
1295 1720 1418 1759 Video
1441 1719 1669 1771 ingenium,
1694 1718 1762 1756 ille

165 1787 251 1813 non
275 1773 439 1813 desinet
462 1773 612 1821 furere,
638 1787 723 1813 non
747 1778 838 1813 tam
864 1788 957 1813 meo
982 1775 1094 1813 malo
1118 1788 1248 1826 quam
1274 1775 1481 1813 bonarum
1506 1774 1759 1812 litterarum.

167 1828 291 1876 Quod
305 1829 339 1867 si
354 1841 439 1867 non
454 1828 630 1875 desinet,

673 1882 810 1934 fragili
839 1896 1016 1934 querens
1045 1883 1203 1922 illidere
1232 1883 1418 1930 dentem,

436 1937 577 1976 Illidet
597 1937 743 1975 solido.

164 2008 228 2047 Tu
246 2007 411 2046 curabis
428 2007 639 2046 hominem
658 2007 976 2054 cohercendum,
995 2009 1029 2046 si
1046 2012 1169 2059 putes
1186 2009 1263 2047 hoc
1280 2009 1479 2047 interesse
1496 2011 1539 2046 et
1556 2006 1761 2058 politioris

164 2121 334 2164 prepared
354 2125 390 2153 to
409 2121 582 2152 maintain
601 2131 645 2152 on
669 2124 706 2154 16
726 2121 813 2163 Aug.
856 2121 928 2154 The

164 2167 270 2197 'l'own
287 2165 429 2198 Council
444 2164 513 2196 and
529 2165 589 2196 the
605 2165 810 2207 University
823 2165 928 2197 inter-

164 2209 282 2247 fered3
318 2208 383 2240 but
404 2219 448 2240 on
471 2217 514 2248 30
535 2208 622 2249 Aug.
647 2209 708 2240 the
729 2210 929 2251 opposition

165 2253 200 2285 of
220 2253 280 2284 the
300 2252 429 2284 former
447 2262 518 2284 was
537 2252 756 2290 withdrawn,
777 2253 848 2284 and
869 2253 929 2285 the

164 2296 394 2338 Disputation
411 2296 495 2327 took
512 2296 609 2337 place
625 2300 711 2328 next
727 2297 806 2338 day.

164 2340 337 2416 305311111ου
342 2339 474 2424 ilgezlgib]
489 2339 877 2425 ἐὲξο1111ἓ1ζ4011οῗ011ξ11
894 2341 928 2415 (ιὲ

164 2430 227 2459 not
244 2427 374 2464 verbaL
394 2427 458 2458 but
474 2427 570 2468 gives
588 2427 648 2458 the
665 2437 763 2458 sense
778 2440 785 2459 :
817 2437 926 2459 some-

164 2471 258 2503 what
270 2471 464 2512 increasing
476 2471 522 2502 its
535 2471 702 2512 acerbity.
740 2471 812 2503 The
824 2472 929 2503 letter

162 2514 342 2556 evidently
364 2514 491 2545 caused
513 2514 585 2545 him
609 2525 836 2556 annoyance3
873 2515 927 2547 for

164 2558 204 2589 he
223 2562 360 2589 returns
377 2561 414 2589 to
431 2558 461 2589 it
476 2558 512 2589 in
528 2558 582 2589 his
598 2559 800 2600 postscript,
816 2559 839 2590 l.
861 2562 924 2599 87:

163 2612 218 2632 see
234 2601 307 2632 also
320 2601 384 2642 Ep.
402 2611 413 2632 1
422 2610 494 2642 397.
509 2612 571 2643 9-1
579 2612 610 2633 o.
651 2601 687 2633 It
697 2612 766 2633 was
778 2603 925 2643 perhaps

165 2649 202 2675 to
213 2648 416 2676 counteract
428 2645 499 2675 this
510 2648 690 2676 utterance
702 2646 736 2676 oi
750 2646 802 2676 his
812 2646 927 2677 lcadcr

164 2688 243 2719 that
265 2698 308 2719 on
330 2689 349 2718 8
371 2687 466 2729 Sept.
493 2697 573 2728 1523
596 2688 845 2720 B'Iclanchthon
868 2693 927 2720 too

164 2736 270 2763 wrote
285 2734 322 2762 to
338 2731 627 2772 Oecolampadius
640 2732 734 2771 (000.
752 2733 790 2763 E.
806 2733 840 2763 ii.
862 2736 925 2772 12),

163 2786 183 2806 a
197 2775 301 2806 letter
314 2774 446 2806 carried
462 2774 508 2815 by
522 2785 543 2805 a
557 2785 674 2816 young
688 2775 925 2813 law-student,

165 2819 398 2859 Hieronymus
421 2817 578 2856 Schurtz,
602 2818 679 2849 who
701 2829 770 2850 was
792 2823 925 2851 return-

162 2863 221 2903 ing
234 2862 324 2894 from
340 2861 558 2901 Wittenberg
573 2865 609 2892 to
626 2862 725 2893 11001(-
741 2875 748 2894 :
779 2862 786 2874 ⁴
802 2863 921 2904 Sperat

162 2909 198 2937 ct
213 2915 291 2937 cum
309 2906 453 2936 Erasmo
468 2915 502 2935 se
517 2915 777 2945 congressurum
795 2919 801 2938 ε
831 2907 925 2947 quod

163 2959 227 2991 ego
250 2959 330 2981 cum
357 2949 401 2981 ob
427 2949 496 2980 alia.
523 2949 658 2982 vellem.
687 2953 761 2980 tum
789 2950 832 2981 ob
860 2951 924 2981 hoc

164 2992 326 3031 maxime,
343 2996 383 3024 vt
399 2993 482 3024 fides
501 2992 628 3024 homini
647 2994 743 3024 lieret.
757 2994 923 3025 alienissi-

166 3047 238 3068 mos
277 3047 339 3068 nos
377 3047 448 3068 esse
486 3036 530 3067 ab
572 3037 719 3068 llutlcni
759 3038 922 3076 consiliis,

995 2121 1398 2165 senipeiqueffstuduisse
1420 2134 1463 2155 ne
1487 2123 1760 2155 labefactaretur

994 2166 1066 2197 eius
1082 2166 1245 2207 dignitas.
1292 2167 1396 2199 Vides
1411 2177 1474 2199 nos
1491 2167 1632 2199 minime
1649 2166 1758 2199 molli-

993 2209 1079 2241 culis
1091 2209 1234 2241 auribus
1249 2220 1333 2248 esse,
1347 2211 1407 2252 qui
1423 2211 1758 2243 dissimulauerimus

993 2254 1051 2293 (ef.
1080 2254 1157 2285 ME.
1188 2256 1266 2295 253)
1294 2257 1350 2286 tot
1376 2255 1449 2286 eius
1476 2265 1601 2297 parum
1628 2256 1758 2286 amicas

992 2297 1180 2339 0111010100.Ί

1038 2353 1090 2383 55.
1115 2341 1274 2382 spiritus]
1299 2341 1344 2373 So
1370 2342 1478 2373 Burei·
1502 2342 1572 2373 had
1596 2342 1757 2383 reported

992 2384 1081 2416 from
1101 2384 1332 2426 Wittenberg,
1354 2395 1396 2426 30
1414 2386 1507 2418 June
1530 2395 1608 2426 1521
1633 2385 1754 2425 (BRE.

992 2430 1095 2468 206):
1135 2431 1142 2440 ⁴
1157 2429 1268 2460 Aiunt
1290 2429 1476 2461 Erasmum
1498 2429 1654 2461 nondum
1677 2439 1756 2459 eum

992 2472 1155 2514 spiritum
1191 2476 1336 2504 nactum
1374 2483 1447 2504 csse
1485 2483 1589 2514 quem
1628 2472 1758 2504 habeat

994 2516 1167 2547 Lutherus
1182 2516 1201 2547 ’.

1038 2571 1090 2601 59.
1116 2559 1381 2601 Expostulatio]
1396 2560 1457 2591 See
1474 2560 1539 2601 Ep.
1561 2562 1653 2600 1356.
1675 2561 1754 2602 63n.

994 2603 1056 2636 See
1086 2603 1160 2635 also
1187 2603 1371 2635 Pellican's
1399 2604 1503 2636 letter
1530 2603 1565 2635 of
1595 2613 1638 2646 30
1662 2603 1753 2636 Nov.

995 2647 1125 2686 quoted
1140 2648 1177 2678 in
1194 2647 1258 2688 Ep.
1284 2658 1369 2687 1242
1388 2647 1517 2678 introd.

1036 2694 1088 2723 01.
1114 2691 1243 2721 ciuium
1275 2690 1446 2729 fauorem]
1479 2690 1547 2721 For
1577 2690 1754 2722 Erasmus'

991 2734 1109 2764 action
1139 2734 1277 2774 against
1308 2734 1446 2765 Huttcn
1477 2737 1516 2765 at
1546 2734 1670 2766 Zurich
1701 2743 1756 2765 see

993 2777 1056 2817 Ep.
1081 2786 1173 2817 1379.

1079 2830 1149 2861 quo
1164 2821 1305 2852 nomine
1323 2820 1482 2860 faueant]
1504 2820 1587 2852 This
1611 2831 1755 2863 passage

991 2864 1019 2893 is
1036 2864 1250 2905 reproduced
1267 2865 1302 2895 in
1321 2864 1385 2906 Ep.
1409 2866 1502 2905 1389.
1528 2874 1625 2907 54-9.

1037 2919 1088 2950 70.
1114 2907 1387 2949 Respondimus]
1404 2908 1466 2940 See
1483 2909 1548 2950 Ep.
1570 2911 1663 2950 1376.

1038 2963 1086 2994 74.
1114 2954 1148 2982 te
1164 2951 1301 2991 autore]
1318 2951 1367 2984 Cf.
1386 2952 1450 2994 Ep.
1473 2955 1566 2993 1376.
1586 2963 1711 2996 29-30.

1039 2999 1087 3037 70.
1113 2995 1266 3036 auxerit]
1281 2995 1331 3027 Cf.
1348 2995 1413 3037 Ep.
1433 2998 1526 3037 1378.
1544 3006 1624 3030 2211.

1038 3041 1087 3071 80.
1115 3039 1243 3081 fragili]
1260 3039 1309 3071 Cf.
1330 3040 1412 3071 Hor.
1433 3041 1466 3072 S.
1487 3050 1516 3072 2.
1540 3050 1565 3071 1.
1585 3044 1671 3081 77,b'.

1540 525 1634 564 Hoc
1659 523 1762 575 quid
1782 541 1797 573 5
1805 541 1819 571 5
