2033 3395
307 101 360 140 42
782 105 1037 147 LETTERS
1067 107 1140 147 OF
1169 108 1433 149 ERASMUS
1783 112 1906 163 [1522
1942 117 1947 122 ·

308 214 556 265 exceptione
572 214 694 254 facile
710 216 917 266 princeps,
935 216 978 254 in
995 229 1181 255 amorem
1197 230 1320 255 suum
1338 217 1483 257 volens
1500 231 1548 257 ac
1564 218 1713 257 lubens
1730 219 1907 258 admise-

308 268 365 307 rit
381 272 397 307 ⁴?
427 268 543 307 nulla
557 269 681 320 plane
695 270 777 308 mei
790 270 961 316 noticia,
976 270 1092 309 nullo
1106 271 1236 309 etiam
1250 271 1377 322 digno
1391 272 1526 311 officio
1542 272 1906 323 praecedentibus,

307 322 382 361 sed
414 323 504 362 sola
536 323 729 374 Casparis
762 323 868 362 Velii
900 325 1245 375 persuasiuncula
1274 330 1429 374 motus,
1464 331 1540 365 aut
1560 328 1698 366 verius
1718 327 1908 378 ingenita

252 390 286 423 15
307 376 380 415 illa
417 377 686 416 humanitate
725 391 814 424 sua,
846 391 932 428 qua
969 392 1021 417 ex
1060 392 1196 430 aequo
1225 392 1332 430 pene
1360 381 1405 419 in
1434 394 1578 420 omnes
1618 382 1738 420 bonis
1775 381 1906 421 literis

307 430 474 470 deditos
493 432 643 470 vtitur.
693 431 804 479 Quid
822 432 952 484 igitur
970 446 1055 471 non
1074 434 1266 484 gestiam,
1287 434 1391 485 quid
1411 435 1514 474 mihi
1532 436 1612 486 ipsi
1630 449 1717 474 non
1735 449 1906 487 magno-

307 498 405 535 pere
436 485 634 536 gratuler,
668 490 840 525 tantum
873 487 973 525 boni
1004 491 1216 538 quantum
1247 501 1467 539 nunquam
1500 491 1723 529 meruerim
1755 493 1908 541 sponte

306 540 493 578 euenisse
510 543 525 578 ⁸?

362 592 621 633 Iamdudum
648 598 760 634 certe
787 609 862 647 ego
890 596 1128 643 Erasmum,
1157 597 1279 647 quasi
1304 610 1463 636 numen
1488 598 1705 649 quoddam
1732 599 1908 638 coelitus

246 663 290 685 20
306 648 428 686 nobis
468 649 657 696 missum,
698 649 802 697 colo,
844 650 1036 697 obseruo,
1078 651 1275 690 admiror.
1345 652 1403 690 Et
1441 665 1614 703 quoquo
1653 653 1907 704 proficiscor,

307 702 506 742 comitem
538 716 703 755 semper
732 704 787 742 ad
817 704 931 743 latus
960 705 1110 751 habeo,
1139 710 1188 744 vt
1215 706 1332 744 cuius
1361 706 1660 756 doctiss<imis>
1683 708 1842 758 pariter
1865 711 1909 746 et

305 757 626 807 sanctiss<imis>
641 758 1019 798 lucubratiunculis
1034 773 1120 798 non
1136 759 1300 799 doctior
1319 760 1455 799 80111111
1475 761 1549 800 sed
1568 761 1698 800 etiam
1719 761 1911 812 quotidie

306 811 453 850 melior
469 811 537 851 fio.
583 812 624 852 N
627 825 708 852 unc
726 826 826 852 vero
843 818 1073 864 postquam
1092 814 1146 852 ad
1163 814 1235 853 illa
1251 815 1395 854 omnia
1411 828 1530 854 amor
1546 828 1716 866 quoque
1734 820 1909 854 mutuus

306 866 495 913 accessit,
522 867 579 906 sic
604 880 672 906 me
695 868 907 906 maximus
930 868 998 908 ille
1023 868 1224 908 Seruator
1247 873 1390 909 noster
1414 870 1579 909 saluum
1604 883 1693 909 0880
1718 870 1834 916 velit,
1861 874 1911 909 vt

245 933 285 967 25
306 920 490 959 nesciam
534 920 628 960 vllis
670 922 810 961 verbis
853 927 1063 973 quantum
1107 923 1329 974 gaudeam,
1373 928 1584 975 quantum
1627 925 1789 963 nomini
1831 929 1907 963 tuo

305 974 488 1021 131103111,
520 976 765 1026 exprimere.
825 976 982 1016 Verum
1011 978 1090 1016 hoc
1120 982 1266 1017 tamen
1294 982 1438 1029 petere
1466 992 1552 1017 non
1582 979 1780 1017 omittam
1813 979 1909 1027 (scis

305 1028 417 1067 enim
435 1034 645 1080 quantum
664 1030 866 1070 sollicitus
884 1035 949 1070 est
965 1034 1114 1080 amor),
1133 1045 1186 1071 ne
1203 1045 1270 1072 me
1286 1045 1361 1083 per
1377 1033 1634 1072 obliuionem
1652 1046 1703 1072 ex
1721 1037 1797 1072 tuo
1815 1033 1909 1071 sinu

305 1082 499 1122 dimittas
519 1097 528 1130 ;
566 1085 750 1123 vicissim
772 1098 848 1136 ego
870 1085 1115 1137 diligentem
1145 1087 1354 1126 charitate
1376 1087 1634 1138 complectar
1661 1087 1907 1134 immortali,

303 1136 544 1189 faciamque
577 1139 905 1190 promptissime,
941 1141 1007 1179 tui
1040 1141 1222 1179 nominis
1255 1142 1406 1192 gratia,
1442 1142 1585 1180 01111113
1618 1154 1728 1193 quae
1762 1145 1908 1193 gratus

244 1205 288 1238 30
304 1192 531 1242 quisquam
566 1197 610 1232 et
644 1194 778 1232 amori
812 1198 1013 1233 constans
1045 1194 1183 1234 facere
1216 1200 1360 1246 posset
1394 1209 1442 1235 ac
1477 1196 1617 1235 debet.
1681 1196 1907 1247 Casparem

303 1250 498 1285 nostrum
526 1247 705 1295 Vehum,
734 1249 838 1287 mihi
863 1250 949 1287 iam
977 1249 1077 1288 olim
1104 1249 1177 1288 diu
1204 1250 1259 1288 ob
1286 1250 1500 1301 ingenium
1527 1250 1755 1301 literasque
1783 1254 1827 1289 et
1853 1250 1908 1289 ob

304 1300 442 1339 multa
459 1302 563 1340 item
583 1302 721 1341 officia
740 1303 861 1342 vnice
881 1303 1242 1351 commendatum,
1263 1318 1360 1343 cum
1379 1309 1428 1343 tu
1448 1318 1618 1356 quoque
1638 1304 1906 1344 commenda-

303 1354 419 1394 tione
445 1355 637 1407 diligenti
662 1358 938 1408 prosequcris,
967 1358 1163 1397 adiiciam
1188 1358 1368 1398 libenter
1394 1359 1449 1398 ad
1474 1360 1615 1410 priora
1641 1359 1908 1406 corolarium,

302 1413 354 1447 vt
378 1409 588 1461 intelligat
613 1424 743 1462 quam
768 1425 855 1450 non
880 1412 1032 1451 sterilis
1057 1412 1186 1452 fuerit
1211 1417 1302 1452 tam
1328 1414 1471 1465 magni
1496 1418 1540 1452 et
1564 1414 1801 1465 grauissimi
1827 1413 1908 1452 Viri

244 1477 282 1510 35
303 1464 630 1504 commendatio.

356 1518 484 1557 Mitto
501 1519 545 1558 in
562 1521 802 1570 praesentia
819 1520 1091 1571 amplitudini
1108 1526 1208 1561 tuae
1226 1522 1425 1573 exiguum
1442 1523 1594 1573 pignus
1611 1535 1729 1562 meae
1747 1535 1845 1574 erga
1862 1526 1907 1562 te

302 1572 611 1621 obseruantiae,
631 1574 747 1625 quod
764 1587 840 1626 pro
858 1579 935 1614 tua
952 1575 1221 1615 humanitate
1239 1580 1360 1627 grato
1379 1577 1557 1627 accipies
1575 1577 1730 1623 animo,
1749 1577 1903 1616 nomis-

302 1631 421 1666 mata
451 1627 649 1667 videlicet
678 1634 864 1679 quatuor
894 1643 1034 1677 aurea,
1068 1630 1276 1669 bonorum
1307 1631 1634 1682 Imperatorum.
1694 1631 1761 1671 Sic
1791 1631 1903 1670 enim

302 1682 458 1732 accepi,
492 1686 535 1722 te
568 1683 798 1733 plurimum
831 1684 1038 1723 eiusmodi
1070 1685 1208 1732 rebus,
1243 1699 1295 1724 ex
1329 1689 1547 1725 vetustate
1579 1685 1702 1724 nobis
1734 1685 1903 1732 relictis,

238 1748 285 1780 40
301 1735 517 1776 oblectari.
563 1737 608 1777 Si
635 1738 739 1789 quid
769 1742 989 1789 praeterea
1023 1743 1088 1779 est
1121 1740 1162 1779 in
1198 1753 1284 1791 quo
1315 1744 1416 1779 tuae
1449 1740 1650 1779 charitati
1676 1739 1905 1792 gratificari

301 1802 481 1840 possem,
503 1791 734 1843 exige,'aut
751 1792 819 1832 130
839 1797 889 1832 vt
907 1793 1154 1845 intelligam,
1176 1798 1220 1833 et
1238 1794 1401 1834 factum
1421 1798 1541 1846 puta.
1590 1794 1693 1834 Vale
1713 1794 1905 1834 feliciter.

357 1844 520 1885 Datum
541 1857 584 1885 X.
607 1846 763 1898 Aprilis
782 1858 830 1886 M.
846 1859 1018 1888 D.XX11.

610 2017 733 2056 1273.
797 2015 866 2058 ΤΟ
899 2015 1064 2058 PETER
1096 2016 1219 2059 Rmz
1253 2029 1318 2058 DE
1349 2029 1410 2059 LA
1441 2017 1596 2059 MorA.

351 2102 453 2147 Opus
471 2103 723 2148 Epistolarum
742 2115 776 2148 p.
795 2114 876 2148 720.
1647 2105 1766 2140 Baslo.

351 2161 394 2195 N.
415 2172 450 2204 p.
468 2161 563 2195 686:
597 2161 713 2197 Lond.
734 2163 808 2196 xix.
833 2165 895 2198 108
914 2178 921 2198 :
956 2164 1029 2198 LB.
1048 2165 1128 2199 621.
1557 2175 1596 2198 21
1623 2163 1726 2208 April
1747 2172 1846 2207 1522.

349 2234 541 2276 [Probably
564 2246 584 2266 a
607 2246 770 2278 response
793 2240 831 2268 to
855 2238 916 2270 the
940 2238 1165 2280 compliment
1187 2238 1270 2281 paid
1292 2238 1327 2270 in
1343 2239 1409 2280 Ep.
1432 2243 1525 2279 1269.
1546 2249 1671 2280 14-15:
1695 2238 1731 2269 in
1750 2237 1841 2279 spite
1865 2239 1901 2270 of

303 2277 363 2310 the
386 2279 561 2320 suspicion
584 2281 767 2320 expressed
790 2281 826 2312 in
848 2281 939 2322 Epp.
968 2285 1061 2315 1268.
1080 2286 1200 2326 69—70,
1226 2293 1319 2324 1302.
1366 2283 1421 2313 No
1445 2281 1556 2314 doubt
1579 2281 1755 2313 answered
1777 2282 1825 2323 by
1841 2282 1900 2314 the

302 2321 407 2354 letter
432 2323 632 2355 mentioned
657 2324 692 2356 in
723 2324 812 2366 Epp.
843 2334 938 2366 1299,
967 2333 1068 2366 1300,
1101 2336 1196 2367 1331,
1230 2336 1323 2367 1342.
1382 2326 1455 2358 The
1478 2326 1578 2357 dates
1607 2335 1666 2356 310
1692 2325 1901 2367 sufficiently

302 2366 491 2398 confirmed
513 2365 561 2408 by
577 2366 636 2398 the
656 2368 827 2400 reference
848 2371 885 2400 to
902 2369 1033 2401 Adrian
1047 2379 1085 2402 VI
1101 2380 1140 2401 as
1158 2370 1218 2401 the
1237 2380 1312 2402 new
1329 2369 1437 2411 Pope,
1454 2369 1524 2401 and
1540 2369 1588 2411 by
1602 2368 1663 2400 the
1682 2368 1900 2401 coincidence

303 2409 339 2441 01
357 2409 417 2440 the
437 2412 507 2441 two
526 2410 611 2441 final
630 2412 795 2452 petitions
815 2412 899 2444 with
919 2413 1019 2444 those
1038 2414 1074 2445 in
1090 2413 1156 2455 Ep.
1184 2416 1277 2454 1276.

345 2452 448 2484 Peter
468 2453 557 2484 Ruiz
579 2453 621 2484 de
641 2453 675 2484 la
696 2454 794 2486 Mota
815 2456 849 2495 (†
861 2466 889 2486 0.
905 2465 943 2494 19
966 2455 1060 2498 Sept.
1087 2457 1184 2497 1522)
1207 2457 1242 2488 of
1264 2457 1398 2498 Burgos
1418 2465 1489 2488 was
1509 2458 1549 2487 at
1579 2455 1649 2487 this
1670 2455 1755 2486 time
1777 2465 1841 2486 one
1864 2454 1900 2486 01
1940 2485 1944 2488 ,

300 2494 360 2526 the
389 2495 527 2536 leading
556 2507 762 2538 personages
790 2499 826 2530 in
856 2498 1005 2530 Charles'
1036 2503 1146 2531 court.
1200 2499 1304 2531 From
1334 2500 1436 2541 being
1464 2498 1745 2540 court-preacher
1773 2501 1811 2529 to
1840 2498 1900 2530 the

299 2538 485 2570 Archduke
506 2539 621 2581 Philip
641 2539 685 2572 he
704 2541 847 2573 entered
866 2542 1112 2574 Maximilian’s
1133 2544 1261 2574 service
1282 2543 1353 2574 and
1373 2543 1514 2574 became
1535 2541 1699 2583 Imperial
1720 2541 1900 2583 Secretary

299 2581 369 2613 and
396 2582 599 2614 Councillor.
651 2583 693 2615 In
719 2584 819 2616 those
844 2585 940 2627 early
964 2597 1077 2627 years,
1103 2586 1253 2628 perhaps
1283 2597 1311 2617 0.
1334 2587 1430 2627 1506,
1461 2586 1504 2617 he
1533 2595 1604 2617 was
1628 2584 1835 2616 introduced
1862 2589 1900 2616 at

300 2624 486 2666 Strasburg
508 2629 545 2657 to
567 2627 813 2669 Wimpfeling:
849 2628 904 2660 for
924 2629 1039 2661 whom
1061 2629 1335 2661 thenceforward
1358 2630 1400 2661 he
1421 2628 1640 2660 entertained
1661 2627 1743 2669 high
1765 2628 1898 2669 regard.

300 2668 342 2699 In
365 2678 598 2709 consequence
622 2670 755 2712 Spiegel
776 2672 813 2703 in
838 2681 922 2713 1514
943 2672 1127 2705 dedicated
1150 2677 1187 2705 to
1208 2673 1281 2704 him
1303 2673 1556 2714 Wimpfeling's
1577 2671 1900 2712 autobiographical

299 2711 507 2751 Ezpurqatio
535 2714 604 2752 (see
632 2714 696 2755 Ep.
725 2724 790 2755 224
815 2715 971 2756 introd.).
1022 2717 1127 2748 From
1157 2726 1240 2758 1507
1268 2717 1426 2748 onwards
1452 2716 1495 2747 he
1522 2725 1668 2757 appears
1695 2725 1733 2746 as
1760 2715 1900 2756 passing

298 2753 499 2796 frequently
532 2755 687 2789 between
721 2758 896 2800 Margaret
928 2759 999 2791 and
1032 2760 1249 2792 Maximilian
1283 2762 1352 2800 (see
1386 2760 1476 2791 their
1509 2758 1809 2798 Correspomlance,
1843 2758 1898 2790 ed.

300 2797 339 2829 E.
361 2798 408 2830 Le
425 2798 528 2840 Glay‚
551 2800 672 2841 1839);
698 2803 767 2833 and
784 2802 826 2834 he
843 2814 912 2835 was
930 2803 1115 2845 employed
1132 2814 1177 2835 on
1194 2803 1383 2835 embassies
1402 2803 1438 2835 of
1461 2803 1692 2844 importance,
1710 2805 1748 2833 to
1761 2801 1896 2833 Franco

554 2875 608 2904 24.
634 2872 753 2901 noster
770 2880 832 2902 om.
852 2870 898 2903 N.
1039 2880 1056 2901 2
1065 2879 1092 2912 5.
1119 2872 1303 2914 gaudeam,
1321 2875 1494 2914 quantum
1512 2881 1574 2903 om.
1593 2870 1638 2902 N.

519 2963 573 2995 27.
599 2956 780 2997 sollicitus]
798 2957 848 2990 Cf.
869 2958 932 2991 Ov.
953 2959 1034 2992 Her.
1057 2968 1082 2991 1.
1108 2969 1156 2991 12.

524 3007 576 3039 37.
602 3000 828 3040 nomismata]
843 3001 892 3034 Gf.
910 3002 999 3044 Epp.
1022 3011 1113 3043 1137.
1133 3012 1210 3044 59n,
1229 3011 1321 3045 1145.
1345 3004 1420 3041 18n,
1441 3002 1535 3043 1316.
1559 3009 1633 3041 39n.
