2012 3370
268 125 347 164 222
743 123 993 163 LETTERS
1024 123 1097 163 OF
1126 123 1391 164 ERASMUS
1742 124 1864 172 [1523

322 234 403 274 Hic
434 247 577 273 rursus
609 233 832 284 appellabo
863 232 982 271 illum
1014 232 1190 271 Lutheri
1221 233 1418 279 amicum,
1452 243 1555 270 num
1586 236 1757 270 censeat
1787 231 1867 270 hoc

267 289 444 335 facinus,
481 288 597 339 quod
631 288 699 326 ille
735 300 889 338 magno
924 288 989 325 sui
1024 287 1176 338 capitis
1210 286 1462 332 discrimine,
1499 299 1654 337 magno
1690 286 1867 324 aliorum

268 343 523 395 aggreditur,
549 342 809 392 praeclarum
833 354 921 380 esse
944 355 993 380 ac
1016 341 1153 380 multa
1174 341 1298 380 laude
1321 341 1509 392 dignum.
1562 340 1868 391 Respondebit,

268 399 430 448 opinor,
464 410 633 448 prorsus
667 396 947 447 apostolicum
980 408 1068 435 esse
1101 409 1149 434 ac
1182 397 1384 434 memoria
1416 395 1591 446 dignum
1623 394 1867 433 immortali.

185 461 246 501 765
269 452 369 502 Age,
400 455 498 489 vtar
527 451 742 501 permisso.
797 450 899 497 Quis
927 450 1056 501 igitur
1078 463 1164 488 non
1186 450 1414 489 iudicasset
1438 463 1504 488 me
1528 449 1772 488 mortalium
1796 448 1870 499 qui

268 507 423 544 viuunt
445 506 634 543 omnium
658 505 1063 556 arrogantissimum,
1087 505 1160 555 qui
1182 509 1353 543 tantum
1376 504 1513 542 laudis
1536 503 1638 542 mihi
1661 502 1869 541 vindicas-

268 573 370 607 sem,
388 560 461 598 vbi
477 573 529 598 ne
546 559 763 598 tantulum
779 558 950 610 quidem
968 559 1237 610 promerebar
1253 562 1268 597 ’ἶ
1319 559 1412 597 Imo
1429 559 1523 609 quis
1539 571 1625 596 non
1641 558 1872 596 censuisset

270 627 336 653 me
367 615 519 665 quouis
552 613 699 653 Oreste
730 614 998 661 insaniorem,
1032 614 1066 652 si
1097 613 1365 652 falsissimam
1397 613 1573 664 gloriam
1605 612 1757 663 capitis
1789 611 1872 650 mei

269 668 453 720 periculo
490 668 716 707 voluissem
753 672 942 719 emptam
964 671 980 707 ⁶?
1046 668 1139 706 Iam
1175 672 1267 706 erat
1302 667 1512 718 plerisque
1548 666 1787 705 monarchis
1823 678 1871 704 ac

185 739 253 772 770
269 722 531 774 praesulibus
549 735 811 774 persuasum,
830 735 897 761 me
914 723 1048 762 totius
1066 722 1334 761 Lutheranae
1352 721 1569 760 doctrinae
1586 720 1750 759 fontem
1768 732 1872 767 esse,

269 781 476 824 autorem,
498 781 857 828 propugnatorem
878 781 922 816 et
941 776 1160 815 Atlantem
1182 790 1189 815 :
1227 777 1311 814 imo
1331 776 1459 814 libros
1480 776 1553 827 qui
1573 775 1743 814 nomine
1762 773 1873 812 illius

269 831 624 871 circumferuntur
654 831 829 870 Lutheri
859 830 1000 877 titulo,
1032 843 1147 870 meos
1177 843 1278 869 csse.
1337 830 1405 868 An
1424 843 1501 881 ego
1521 830 1679 869 tacitus
1703 833 1873 868 tantam

270 886 446 937 gloriam
469 886 572 925 mihi
593 886 724 925 tribui
745 886 838 937 pati
859 885 1067 924 debebam
1084 888 1100 924 ‘3
1142 884 1310 924 Clamat
1325 884 1519 930 Ioannes,
1539 884 1547 898 ‘
1562 884 1661 923 Non
1680 896 1773 922 sum
1796 895 1873 933 ego

271 941 462 980 Christus
482 940 521 986 ’;
567 953 622 979 an
660 953 727 979 me
766 939 1048 979 conueniebat
1085 939 1376 978 obticescere?
1430 938 1438 953 ‘
1457 938 1540 978 Sed
1574 939 1752 976 nimium
1772 937 1781 952 '
1810 938 1872 975 in-

187 1011 250 1044 775
271 995 439 1046 quiunt,
464 994 472 1009 ‘
488 994 632 1033 multis
653 994 841 1045 epistolis
862 994 941 1033 hoc
962 993 1159 1032 ‘testaris'
1205 992 1298 1031 Imo
1314 996 1405 1031 tam
1426 992 1571 1031 multis
1591 992 1780 1043 epistolis
1799 992 1873 1029 vix

272 1049 411 1088 adhuc
424 1048 656 1099 persuadeo
673 1048 943 1099 quibusdam,
962 1048 1068 1087 adeo
1085 1047 1352 1086 mendacium
1366 1047 1445 1085 hoc
1456 1046 1872 1098 impudentissimum

272 1106 364 1142 erat
383 1102 562 1141 infixum
583 1103 735 1141 animis
755 1102 1048 1153 plurimorum.

327 1157 420 1196 Iam
433 1156 549 1208 quod
562 1157 617 1196 ad
632 1156 884 1196 modestiam
899 1160 944 1195 et
958 1156 1298 1195 maledicentiam
1312 1156 1483 1202 attinet,
1497 1168 1640 1194 rursus
1655 1158 1875 1206 perconta-

274 1211 350 1250 bor
362 1211 654 1250 Lutheranum
669 1224 810 1250 meum
824 1224 879 1250 an
894 1211 1094 1262 expediat
1107 1210 1283 1249 Lutheri
1295 1209 1534 1249 doctrinam
1547 1223 1677 1261 quam
1691 1209 1875 1248 maxime

189 1273 256 1314 780
273 1267 498 1317 propa-gari
521 1266 565 1304 in
589 1266 702 1312 orbe,
729 1266 989 1316 summisque
1012 1270 1057 1304 et
1079 1264 1235 1304 infimis
1259 1277 1389 1315 quam
1413 1264 1875 1303 commendatissimam

273 1320 362 1359 fieri
382 1323 398 1359 ⁴?
454 1320 665 1359 Nimirum
692 1319 965 1371 respondebit
990 1320 1070 1358 1100
1095 1320 1140 1358 in
1165 1320 1311 1370 primis
1337 1319 1548 1370 expedire.
1605 1318 1722 1365 Quur
1747 1318 1878 1369 igitur

274 1374 449 1425 quidam
482 1374 759 1425 indignantur
792 1375 983 1421 Erasmo,
1018 1374 1093 1425 qui
1125 1374 1232 1412 duas
1265 1386 1329 1412 res
1363 1373 1491 1412 vellet
1523 1373 1669 1412 abesse
1702 1385 1728 1411 a·
1759 1372 1877 1411 libris

275 1428 463 1475 Lutheri,
497 1441 608 1479 quae
638 1429 907 1480 potissimum
939 1432 983 1467 et
1014 1428 1141 1467 fidem
1174 1428 1383 1480 abrogant
1414 1431 1458 1466 et
1489 1427 1641 1478 optimi
1674 1427 1877 1477 cuiusque

275 1483 465 1522 animum
479 1483 680 1530 alienant,
695 1483 962 1534 arrogantiae
975 1483 1156 1534 speciem
1170 1486 1213 1521 et
1226 1482 1566 1521 maledicentiam
1579 1481 1874 1520 immodicam?

191 1544 252 1585 785
274 1537 333 1577 Et
350 1541 497 1576 tamen
514 1538 618 1576 haec
636 1538 699 1576 ita
716 1541 817 1576 sunt
834 1538 1054 1588 insigniter
1072 1536 1299 1575 manifesta
1317 1540 1367 1575 vt
1385 1537 1459 1587 qui
1476 1549 1606 1587 quam
1626 1536 1877 1575 amicissime

274 1591 524 1638 defendunt,
538 1605 624 1630 non
639 1591 829 1630 habeant
843 1591 1024 1630 colorem
1040 1604 1167 1642 quem
1184 1590 1394 1637 adferant,
1411 1591 1491 1629 nisi
1506 1591 1565 1629 sic
1581 1590 1878 1630 commeruisse

273 1649 452 1698 peccata
462 1650 622 1693 nostra,
636 1650 687 1684 vt
699 1658 773 1696 per
785 1650 876 1684 tam
889 1645 1088 1685 acerbum
1102 1645 1416 1696 obiurgatorem
1429 1644 1720 1696 scorpionibus
1732 1643 1875 1683 caede-

274 1713 427 1739 remur.
478 1699 583 1738 Mihi
619 1704 732 1739 certe
770 1701 955 1751 primum
986 1699 1162 1738 Lutheri
1188 1700 1385 1750 spiritum
1410 1699 1602 1738 nonnihil
1631 1703 1876 1749 suspectum

274 1753 460 1793 reddidit
491 1754 563 1793 illa
588 1754 841 1805 scriptorum
867 1754 1036 1801 ferocia,
1065 1758 1110 1793 et
1136 1766 1348 1804 nusquam
1376 1766 1462 1792 non
1490 1757 1642 1804 parata
1673 1753 1878 1792 conuicia.

191 1824 260 1856 790
275 1809 363 1848 Nec
381 1808 532 1847 dubito
550 1809 654 1859 quin
671 1808 763 1847 aliis
780 1822 910 1859 quam
927 1808 1119 1860 plurimis
1135 1807 1248 1847 idem
1266 1821 1345 1847 vsu
1362 1808 1527 1847 venerit
1543 1807 1659 1859 quod
1676 1807 1793 1846 mihi.
1835 1805 1880 1847 Si

275 1863 451 1902 Lutheri
473 1862 668 1902 doctrina
690 1868 840 1902 sancta
861 1867 939 1910 est,
963 1875 1094 1914 quam
1116 1862 1275 1901 multos
1297 1862 1430 1901 credis
1453 1862 1508 1901 ab
1531 1875 1580 1901 ea
1603 1861 1809 1901 alienatos
1831 1874 1880 1900 00

272 1917 413 1956 libello
438 1930 522 1968 quo
546 1917 765 1968 respondit
788 1917 1020 1968 Anglorum
1045 1917 1183 1969 Regi?
1209 1929 1294 1968 quo
1318 1917 1505 1968 principe
1529 1917 1602 1955 vix
1626 1915 1732 1955 alius
1756 1915 1881 1954 hodie

274 1972 385 2011 Viuit
409 1971 606 2010 omnibus
630 1972 753 2023 regiis
777 1971 950 2011 dotibus
975 1972 1177 2018 ornatior,
1202 1984 1279 2010 nec
1304 1971 1478 2010 alienior
1502 1983 1528 2009 a
1551 1969 1779 2022 tyrannide
1801 1983 1879 2009 nec

275 2026 497 2078 gratiosior
524 2026 640 2077 apud
666 2039 791 2065 suum
818 2026 1054 2078 populum3
1097 2039 1174 2065 nec
1202 2025 1317 2076 apud
1344 2038 1471 2077 quem
1499 2025 1636 2064 bonae
1661 2024 1808 2064 literae
1835 2028 1880 2063 et

192 2094 255 2127 795
274 2080 441 2132 egregia
472 2080 609 2119 virtus
642 2080 776 2131 magis
809 2081 865 2119 sit
897 2081 941 2119 in
973 2080 1127 2131 precio.
1190 2080 1336 2119 Liceat
1368 2080 1448 2119 hoc
1481 2080 1589 2119 citra
1621 2079 1879 2118 adulationis

274 2135 557 2185 suspicionem
575 2135 724 2173 testari
743 2134 795 2173 de
813 2147 863 2173 eo
882 2148 908 2173 a
926 2147 1011 2186 quo
1031 2148 1107 2173 nec
1127 2135 1287 2185 accipio
1306 2135 1536 2186 quicquam
1555 2147 1631 2173 nec
1651 2133 1807 2172 ambio.

329 2188 423 2228 Hoc
440 2192 552 2227 certe
567 2189 711 2240 negari
725 2201 812 2227 non
827 2192 983 2240 potest,
1002 2189 1161 2240 Regem
1177 2189 1248 2240 pio
1264 2190 1406 2227 animo
1421 2189 1648 2239 scripsisse,
1666 2192 1710 2227 et
1725 2188 1760 2227 si
1775 2186 1879 2239 quid

275 2242 560 2281 conuitiorum
604 2242 832 2282 admiscuit
875 2243 920 2282 in
958 2243 1207 2289 Lutherum,
1242 2247 1542 2294 praeterquam
1586 2242 1703 2294 quod
1746 2242 1879 2293 ipsius

274 2296 517 2348 exemplum
535 2301 679 2348 posset
697 2301 956 2348 praetexere,
975 2297 1143 2348 scripsit
1160 2298 1204 2335 in
1221 2310 1319 2336 eum
1337 2298 1381 2336 in
1399 2310 1526 2348 quem
1544 2309 1769 2348 persuasus
1786 2300 1880 2335 erat

191 2358 259 2389 800
273 2351 399 2403 longe
412 2351 622 2390 atrociora
635 2355 887 2402 competere.
930 2351 989 2390 Et
1001 2355 1147 2390 tamen
1161 2351 1195 2389 si
1208 2350 1312 2401 quid
1324 2352 1368 2389 in
1381 2364 1430 2390 eo
1443 2350 1584 2390 libello
1598 2355 1664 2390 est
1676 2350 1876 2397 alienum,

274 2406 464 2457 suspicor
503 2418 592 2445 esse
632 2405 808 2445 dicteria
847 2405 1058 2457 quaedam
1099 2405 1327 2444 acerbiora.
1396 2404 1551 2456 Itaque
1590 2405 1626 2443 si
1665 2404 1878 2444 Lutherus

274 2459 516 2499 collaudato
531 2460 602 2510 pio
618 2460 745 2511 Regis
760 2459 902 2499 studio
917 2473 1006 2499 rem
1021 2459 1164 2498 solidis
1179 2460 1438 2510 argumentis
1452 2459 1621 2498 fortiter
1635 2459 1876 2510 peregisset,

274 2527 361 2553 non
376 2514 537 2553 violata
552 2515 666 2566 regia
681 2514 903 2566 dignitate,
920 2515 1089 2560 rectius,
1107 2515 1268 2565 opinor,
1286 2513 1564 2552 consuluisset
1579 2526 1680 2552 suae
1696 2526 1848 2552 causae
1868 2526 1876 2551 ε

275 2568 327 2607 (10
359 2581 446 2621 qua
477 2581 590 2607 nunc
623 2581 720 2608 cum
753 2568 998 2608 Lutherano
1031 2569 1233 2620 quopiam
1265 2567 1439 2619 perinde
1470 2567 1633 2619 loquar,
1667 2567 1790 2618 quasi
1822 2567 1879 2606 sit

192 2628 253 2668 805
275 2623 451 2673 optima.
502 2622 614 2670 Quid
629 2627 774 2662 autem
788 2623 980 2662 inutilius
995 2636 1125 2674 quam
1141 2622 1365 2662 conuitiari
1384 2623 1561 2661 summis
1580 2621 1843 2673 principibus
1859 2623 1875 2660 ‘3

274 2677 429 2728 quibus
454 2676 704 2716 facillimum
729 2681 795 2716 est
819 2690 870 2716 ea
895 2682 1177 2724 contemnere,
1204 2681 1249 2716 et
1273 2677 1318 2716 in
1342 2680 1546 2728 promptu
1571 2680 1649 2723 est,
1672 2676 1707 2715 si
1731 2675 1876 2722 libeat,

276 2733 594 2781 ἀντιμυκτηρίσαι.
668 2731 758 2783 Ego
796 2745 873 2771 nec
911 2745 1053 2770 amore
1091 2745 1168 2771 1100
1206 2731 1303 2770 odio
1342 2731 1592 2782 cuiusquam
1619 2730 1877 2777 mortalium,

275 2785 408 2824 sciens
434 2785 613 2836 prodam
634 2786 861 2825 veritatem
883 2785 1197 2837 Euangelicam.
1247 2785 1408 2825 Ferunt
1429 2784 1682 2824 monarchae
1702 2784 1879 2823 liberam

275 2839 623 2886 admonitionem,
654 2840 898 2879 seditiosam
929 2840 1213 2891 petulantiam
1242 2853 1328 2878 non
1356 2840 1513 2878 ferunt.
1579 2838 1697 2877 Haec
1726 2838 1771 2876 in
1799 2838 1879 2877 hoc

320 2946 394 2979 773.
421 2935 584 2975 Ioannes]
601 2936 696 2968 John
716 2945 742 2967 1.
762 2945 817 2974 20,
836 2946 864 2976 3.
884 2937 937 2968 28.
1109 2936 1286 2968 dowment
1308 2935 1357 2977 by
1372 2935 1519 2977 pension
1537 2944 1576 2966 or
1590 2933 1760 2971 benefice;
1785 2933 1830 2965 cf.
1850 2943 1875 2974 1,

319 2987 396 3022 79²-
420 2978 550 3017 libello]
568 2979 629 3011 See
647 2980 711 3020 Ep.
734 2981 826 3019 1308.
844 2990 902 3019 9n.
1108 2989 1144 3020 p.
1161 2991 1216 3021 44.
1234 2990 1334 3020 9—15,
1350 2979 1416 3019 Ep.
1436 2981 1512 3017 296.
1534 2988 1674 3021 111-17.

319 3025 395 3065 796.
420 3032 482 3053 nec
502 3022 652 3064 accipio]
675 3022 729 3054 No
750 3026 956 3064 permanent
978 3033 1035 3054 011-
1150 3034 1225 3066 797.
1251 3021 1442 3063 scripsisse]
1460 3021 1521 3053 See
1538 3021 1628 3063 Epp.
1652 3031 1746 3063 1227,
1767 3021 1861 3053 1228.
