<?xml version="1.0" encoding="UTF-8"?>
<!DOCTYPE html PUBLIC "-//W3C//DTD XHTML 1.0 Transitional//EN"
    "http://www.w3.org/TR/xhtml1/DTD/xhtml1-transitional.dtd">
<html xmlns="http://www.w3.org/1999/xhtml" xml:lang="en" lang="en">
 <head>
  <title>
</title>
<meta http-equiv="Content-Type" content="text/html;charset=utf-8" />
  <meta name='ocr-system' content='tesseract 3.04.00' />
  <meta name='ocr-capabilities' content='ocr_page ocr_carea ocr_par ocr_line ocrx_word'/>
</head>
<body>
  <div class='ocr_page' id='page_1' title='image "./opusepistolarum05eras_0290.png"; bbox 0 0 2012 3370; ppageno 0'>
   <div class='ocr_carea' id='block_1_1' title="bbox 225 140 1825 189">
    <p class='ocr_par' dir='ltr' id='par_1_1' title="bbox 225 140 1825 189">
     <span class='ocr_line' id='line_1_1' title="bbox 225 140 1825 189; baseline -0.001 -9"><span class='ocrx_word' id='word_1_1' title='bbox 225 142 304 181; x_wconf 85' lang='lat'>260</span> <span class='ocrx_word' id='word_1_2' title='bbox 697 140 952 180; x_wconf 78' lang='lat' dir='ltr'><strong>LETTERS</strong></span> <span class='ocrx_word' id='word_1_3' title='bbox 984 141 1055 180; x_wconf 86' lang='lat' dir='ltr'>OF</span> <span class='ocrx_word' id='word_1_4' title='bbox 1086 140 1350 180; x_wconf 79' lang='lat' dir='ltr'>ERASMUS</span> <span class='ocrx_word' id='word_1_5' title='bbox 1701 140 1825 189; x_wconf 80' lang='lat'>[1523</span> 
     </span>
    </p>
   </div>
   <div class='ocr_carea' id='block_1_2' title="bbox 142 249 1831 2911">
    <p class='ocr_par' dir='ltr' id='par_1_2' title="bbox 222 249 1828 356">
     <span class='ocr_line' id='line_1_2' title="bbox 224 249 1828 304; baseline -0.002 -13"><span class='ocrx_word' id='word_1_6' title='bbox 224 252 331 291; x_wconf 89' lang='lat' dir='ltr'>dant</span> <span class='ocrx_word' id='word_1_7' title='bbox 367 265 538 304; x_wconf 85' lang='lat' dir='ltr'>operam</span> <span class='ocrx_word' id='word_1_8' title='bbox 578 257 625 290; x_wconf 88' lang='lat' dir='ltr'>vt</span> <span class='ocrx_word' id='word_1_9' title='bbox 660 265 711 289; x_wconf 83' lang='lat' dir='ltr'>ex</span> <span class='ocrx_word' id='word_1_10' title='bbox 750 251 971 289; x_wconf 70' lang='lat' dir='ltr'>haereticis</span> <span class='ocrx_word' id='word_1_11' title='bbox 1007 250 1189 289; x_wconf 85' lang='lat' dir='ltr'>reddant</span> <span class='ocrx_word' id='word_1_12' title='bbox 1225 250 1499 296; x_wconf 82' lang='lat' dir='ltr'>orthodoxos,</span> <span class='ocrx_word' id='word_1_13' title='bbox 1537 254 1585 287; x_wconf 76' lang='lat' dir='ltr'>vt</span> <span class='ocrx_word' id='word_1_14' title='bbox 1623 249 1828 288; x_wconf 82' lang='lat' dir='ltr'>alienatos</span> 
     </span>
     <span class='ocr_line' id='line_1_3' title="bbox 222 304 1827 356; baseline -0.002 -10"><span class='ocrx_word' id='word_1_15' title='bbox 222 311 436 353; x_wconf 89' lang='lat' dir='ltr'>reuocent,</span> <span class='ocrx_word' id='word_1_16' title='bbox 466 306 714 345; x_wconf 70' lang='lat' dir='ltr'>vacillantes</span> <span class='ocrx_word' id='word_1_17' title='bbox 742 304 1022 352; x_wconf 82' lang='lat' dir='ltr'>confirment;</span> <span class='ocrx_word' id='word_1_18' title='bbox 1066 305 1181 356; x_wconf 87' lang='lat' dir='ltr'>quod</span> <span class='ocrx_word' id='word_1_19' title='bbox 1209 309 1286 344; x_wconf 89' lang='lat' dir='ltr'>tua</span> <span class='ocrx_word' id='word_1_20' title='bbox 1312 318 1482 356; x_wconf 90' lang='lat' dir='ltr'>quoque</span> <span class='ocrx_word' id='word_1_21' title='bbox 1509 304 1716 342; x_wconf 77' lang='lat' dir='ltr'>sanctitas</span> <span class='ocrx_word' id='word_1_22' title='bbox 1743 317 1827 342; x_wconf 94' lang='lat' dir='ltr'>non</span> 
     </span>
    </p>

    <p class='ocr_par' dir='ltr' id='par_1_3' title="bbox 145 357 1830 625">
     <span class='ocr_line' id='line_1_4' title="bbox 145 357 1830 413; baseline -0.001 -16"><span class='ocrx_word' id='word_1_23' title='bbox 145 375 204 397; x_wconf 83' lang='lat'>110</span> <span class='ocrx_word' id='word_1_24' title='bbox 222 363 361 401; x_wconf 88' lang='lat' dir='ltr'>minus</span> <span class='ocrx_word' id='word_1_25' title='bbox 384 361 615 413; x_wconf 71' lang='lat' dir='ltr'><strong>prudenter</strong></span> <span class='ocrx_word' id='word_1_26' title='bbox 637 372 767 411; x_wconf 88' lang='lat' dir='ltr'>quam</span> <span class='ocrx_word' id='word_1_27' title='bbox 791 360 1027 399; x_wconf 82' lang='lat' dir='ltr'>Christiane</span> <span class='ocrx_word' id='word_1_28' title='bbox 1050 359 1138 398; x_wconf 89' lang='lat' dir='ltr'>fieri</span> <span class='ocrx_word' id='word_1_29' title='bbox 1162 360 1326 398; x_wconf 90' lang='lat' dir='ltr'>suadet.</span> <span class='ocrx_word' id='word_1_30' title='bbox 1379 359 1437 397; x_wconf 84' lang='lat' dir='ltr'>At</span> <span class='ocrx_word' id='word_1_31' title='bbox 1460 359 1531 396; x_wconf 85' lang='lat' dir='ltr'>isti</span> <span class='ocrx_word' id='word_1_32' title='bbox 1553 357 1763 409; x_wconf 81' lang='lat' dir='ltr'>religionis</span> <span class='ocrx_word' id='word_1_33' title='bbox 1786 362 1830 396; x_wconf 89' lang='lat' dir='ltr'>et</span> 
     </span>
     <span class='ocr_line' id='line_1_5' title="bbox 223 413 1827 465; baseline -0.003 -10"><span class='ocrx_word' id='word_1_34' title='bbox 223 416 434 455; x_wconf 82' lang='lat' dir='ltr'>Ecclesiae</span> <span class='ocrx_word' id='word_1_35' title='bbox 458 415 652 454; x_wconf 85' lang='lat' dir='ltr'>nutantis</span> <span class='ocrx_word' id='word_1_36' title='bbox 674 414 885 460; x_wconf 86' lang='lat' dir='ltr'>Atlantes,</span> <span class='ocrx_word' id='word_1_37' title='bbox 912 414 1159 453; x_wconf 66' lang='lat' dir='ltr'>vacillantes</span> <span class='ocrx_word' id='word_1_38' title='bbox 1181 414 1419 465; x_wconf 79' lang='lat' dir='ltr'>impellunt,</span> <span class='ocrx_word' id='word_1_39' title='bbox 1445 413 1602 451; x_wconf 83' lang='lat' dir='ltr'>amicos</span> <span class='ocrx_word' id='word_1_40' title='bbox 1626 413 1827 459; x_wconf 83' lang='lat' dir='ltr'>alienant,</span> 
     </span>
     <span class='ocr_line' id='line_1_6' title="bbox 223 466 1828 518; baseline -0.002 -9"><span class='ocrx_word' id='word_1_41' title='bbox 223 484 274 509; x_wconf 84' lang='lat' dir='ltr'>ex</span> <span class='ocrx_word' id='word_1_42' title='bbox 304 470 552 508; x_wconf 80' lang='lat' dir='ltr'>orthodoxis</span> <span class='ocrx_word' id='word_1_43' title='bbox 581 469 747 508; x_wconf 85' lang='lat' dir='ltr'>faciunt</span> <span class='ocrx_word' id='word_1_44' title='bbox 776 469 1022 515; x_wconf 87' lang='lat' dir='ltr'>haereticos,</span> <span class='ocrx_word' id='word_1_45' title='bbox 1055 469 1160 507; x_wconf 81' lang='lat' dir='ltr'>bene</span> <span class='ocrx_word' id='word_1_46' title='bbox 1190 469 1306 507; x_wconf 86' lang='lat' dir='ltr'>dicta</span> <span class='ocrx_word' id='word_1_47' title='bbox 1335 468 1587 518; x_wconf 76' lang='lat' dir='ltr'>deprauant.</span> <span class='ocrx_word' id='word_1_48' title='bbox 1647 466 1713 505; x_wconf 91' lang='lat' dir='ltr'>An</span> <span class='ocrx_word' id='word_1_49' title='bbox 1742 480 1828 505; x_wconf 89' lang='lat' dir='ltr'>non</span> 
     </span>
     <span class='ocr_line' id='line_1_7' title="bbox 224 523 1829 574; baseline -0.002 -11"><span class='ocrx_word' id='word_1_50' title='bbox 224 525 374 563; x_wconf 84' lang='lat' dir='ltr'>merito</span> <span class='ocrx_word' id='word_1_51' title='bbox 403 524 617 574; x_wconf 76' lang='lat' dir='ltr'>deplorem</span> <span class='ocrx_word' id='word_1_52' title='bbox 646 527 909 562; x_wconf 86' lang='lat' dir='ltr'>senectutem</span> <span class='ocrx_word' id='word_1_53' title='bbox 938 536 1090 569; x_wconf 90' lang='lat' dir='ltr'>meam,</span> <span class='ocrx_word' id='word_1_54' title='bbox 1121 536 1231 573; x_wconf 86' lang='lat' dir='ltr'>quae</span> <span class='ocrx_word' id='word_1_55' title='bbox 1258 523 1377 561; x_wconf 82' lang='lat' dir='ltr'>velut</span> <span class='ocrx_word' id='word_1_56' title='bbox 1404 524 1448 560; x_wconf 89' lang='lat' dir='ltr'>in</span> <span class='ocrx_word' id='word_1_57' title='bbox 1476 523 1611 572; x_wconf 88' lang='lat' dir='ltr'>picem</span> <span class='ocrx_word' id='word_1_58' title='bbox 1641 534 1749 567; x_wconf 86' lang='lat' dir='ltr'>mus,</span> <span class='ocrx_word' id='word_1_59' title='bbox 1780 525 1829 559; x_wconf 91' lang='lat' dir='ltr'>vt</span> 
     </span>
     <span class='ocr_line' id='line_1_8' title="bbox 221 575 1828 625; baseline -0.002 -8"><span class='ocrx_word' id='word_1_60' title='bbox 221 580 356 625; x_wconf 85' lang='lat' dir='ltr'>aiunt,</span> <span class='ocrx_word' id='word_1_61' title='bbox 375 579 419 617; x_wconf 89' lang='grc'>111</span> <span class='ocrx_word' id='word_1_62' title='bbox 438 579 516 617; x_wconf 91' lang='grc'><strong>1100</strong></span> <span class='ocrx_word' id='word_1_63' title='bbox 536 578 722 617; x_wconf 88' lang='lat' dir='ltr'>seculum</span> <span class='ocrx_word' id='word_1_64' title='bbox 740 577 937 616; x_wconf 88' lang='lat' dir='ltr'>inciderit</span> <span class='ocrx_word' id='word_1_65' title='bbox 957 581 972 616; x_wconf 74' lang='lat'>‘2</span> <span class='ocrx_word' id='word_1_66' title='bbox 1020 577 1178 616; x_wconf 86' lang='lat' dir='ltr'>Multos</span> <span class='ocrx_word' id='word_1_67' title='bbox 1197 578 1339 616; x_wconf 83' lang='lat' dir='ltr'>euexit</span> <span class='ocrx_word' id='word_1_68' title='bbox 1358 590 1407 615; x_wconf 86' lang='grc'>30</span> <span class='ocrx_word' id='word_1_69' title='bbox 1426 576 1583 614; x_wconf 82' lang='lat' dir='ltr'>ditauit</span> <span class='ocrx_word' id='word_1_70' title='bbox 1602 575 1828 622; x_wconf 65' lang='lat' dir='ltr'>Luthmus,</span> 
     </span>
    </p>

    <p class='ocr_par' dir='ltr' id='par_1_4' title="bbox 145 630 1829 792">
     <span class='ocr_line' id='line_1_9' title="bbox 145 630 1826 683; baseline -0.002 -12"><span class='ocrx_word' id='word_1_71' title='bbox 145 648 199 679; x_wconf 85' lang='lat'>115</span> <span class='ocrx_word' id='word_1_72' title='bbox 222 633 436 671; x_wconf 73' lang='lat' dir='ltr'>nonnullis</span> <span class='ocrx_word' id='word_1_73' title='bbox 461 632 623 683; x_wconf 80' lang='lat' dir='ltr'>profuit</span> <span class='ocrx_word' id='word_1_74' title='bbox 647 646 735 671; x_wconf 88' lang='lat' dir='ltr'>esse</span> <span class='ocrx_word' id='word_1_75' title='bbox 760 632 1027 670; x_wconf 83' lang='lat' dir='ltr'>Lutheranis.</span> <span class='ocrx_word' id='word_1_76' title='bbox 1082 632 1176 670; x_wconf 83' lang='lat' dir='ltr'>Mea</span> <span class='ocrx_word' id='word_1_77' title='bbox 1206 632 1448 670; x_wconf 82' lang='lat' dir='ltr'>conditione</span> <span class='ocrx_word' id='word_1_78' title='bbox 1473 630 1576 680; x_wconf 88' lang='lat' dir='ltr'>quid</span> <span class='ocrx_word' id='word_1_79' title='bbox 1606 630 1826 675; x_wconf 72' lang='lat' dir='ltr'>infelicius,</span> 
     </span>
     <span class='ocr_line' id='line_1_10' title="bbox 222 684 1829 738; baseline -0.002 -13"><span class='ocrx_word' id='word_1_80' title='bbox 222 688 294 738; x_wconf 87' lang='lat' dir='ltr'>qui</span> <span class='ocrx_word' id='word_1_81' title='bbox 323 687 425 725; x_wconf 89' lang='lat' dir='ltr'>dum</span> <span class='ocrx_word' id='word_1_82' title='bbox 454 688 644 726; x_wconf 89' lang='lat' dir='ltr'>omnium</span> <span class='ocrx_word' id='word_1_83' title='bbox 673 687 906 725; x_wconf 90' lang='lat' dir='ltr'>commodis</span> <span class='ocrx_word' id='word_1_84' title='bbox 934 700 1026 725; x_wconf 91' lang='lat' dir='ltr'>meo</span> <span class='ocrx_word' id='word_1_85' title='bbox 1055 687 1173 725; x_wconf 82' lang='lat' dir='ltr'>victu</span> <span class='ocrx_word' id='word_1_86' title='bbox 1201 691 1462 736; x_wconf 84' lang='lat' dir='ltr'>sumptuque</span> <span class='ocrx_word' id='word_1_87' title='bbox 1490 690 1635 723; x_wconf 83' lang='lat' dir='ltr'>noctes</span> <span class='ocrx_word' id='word_1_88' title='bbox 1664 697 1712 722; x_wconf 89' lang='lat' dir='ltr'>ae</span> <span class='ocrx_word' id='word_1_89' title='bbox 1740 684 1829 722; x_wconf 88' lang='lat' dir='ltr'>dies</span> 
     </span>
     <span class='ocr_line' id='line_1_11' title="bbox 221 739 1826 792; baseline -0.002 -12"><span class='ocrx_word' id='word_1_90' title='bbox 221 742 417 787; x_wconf 89' lang='lat' dir='ltr'>inserui0‚</span> <span class='ocrx_word' id='word_1_91' title='bbox 443 741 547 780; x_wconf 89' lang='lat' dir='ltr'>nihil</span> <span class='ocrx_word' id='word_1_92' title='bbox 571 741 687 780; x_wconf 88' lang='lat' dir='ltr'>aliud</span> <span class='ocrx_word' id='word_1_93' title='bbox 710 741 844 780; x_wconf 83' lang='lat' dir='ltr'>refero</span> <span class='ocrx_word' id='word_1_94' title='bbox 868 742 1043 792; x_wconf 86' lang='lat' dir='ltr'>praemii</span> <span class='ocrx_word' id='word_1_95' title='bbox 1067 754 1197 791; x_wconf 85' lang='lat' dir='ltr'>quam</span> <span class='ocrx_word' id='word_1_96' title='bbox 1222 740 1337 791; x_wconf 84' lang='lat' dir='ltr'>qued</span> <span class='ocrx_word' id='word_1_97' title='bbox 1362 741 1562 789; x_wconf 77' lang='lat' dir='ltr'>vtrinque</span> <span class='ocrx_word' id='word_1_98' title='bbox 1586 739 1790 777; x_wconf 83' lang='lat' dir='ltr'>dilaceror</span> <span class='ocrx_word' id='word_1_99' title='bbox 1811 742 1826 777; x_wconf 81' lang='lat'>⁴?</span> 
     </span>
    </p>

    <p class='ocr_par' dir='ltr' id='par_1_5' title="bbox 276 793 1827 843">
     <span class='ocr_line' id='line_1_12' title="bbox 276 793 1827 843; baseline -0.003 -8"><span class='ocrx_word' id='word_1_100' title='bbox 276 796 358 836; x_wconf 86' lang='lat' dir='ltr'>Sed</span> <span class='ocrx_word' id='word_1_101' title='bbox 382 796 571 835; x_wconf 82' lang='lat' dir='ltr'>ostendit</span> <span class='ocrx_word' id='word_1_102' title='bbox 593 800 670 834; x_wconf 89' lang='lat' dir='ltr'>tua</span> <span class='ocrx_word' id='word_1_103' title='bbox 693 795 734 835; x_wconf 84' lang='lat' dir='ltr'>S.</span> <span class='ocrx_word' id='word_1_104' title='bbox 752 796 903 834; x_wconf 89' lang='lat' dir='ltr'>horum</span> <span class='ocrx_word' id='word_1_105' title='bbox 928 796 1135 833; x_wconf 89' lang='lat' dir='ltr'>malorum</span> <span class='ocrx_word' id='word_1_106' title='bbox 1160 795 1406 833; x_wconf 87' lang='lat' dir='ltr'>remedium.</span> <span class='ocrx_word' id='word_1_107' title='bbox 1448 794 1457 808; x_wconf 87' lang='lat'>‘</span> <span class='ocrx_word' id='word_1_108' title='bbox 1472 793 1624 833; x_wconf 80' lang='lat' dir='ltr'>Confer</span> <span class='ocrx_word' id='word_1_109' title='bbox 1640 793 1648 807; x_wconf 72' lang='lat'>²</span> <span class='ocrx_word' id='word_1_110' title='bbox 1673 793 1827 843; x_wconf 77' lang='lat' dir='ltr'>inquis,</span> 
     </span>
    </p>

    <p class='ocr_par' dir='ltr' id='par_1_6' title="bbox 143 847 1829 1171">
     <span class='ocr_line' id='line_1_13' title="bbox 225 847 1829 900; baseline -0.004 -10"><span class='ocrx_word' id='word_1_111' title='bbox 225 850 231 863; x_wconf 87' lang='lat'>‘</span> <span class='ocrx_word' id='word_1_112' title='bbox 252 855 294 889; x_wconf 89' lang='lat' dir='ltr'>te</span> <span class='ocrx_word' id='word_1_113' title='bbox 320 850 548 897; x_wconf 83' lang='lat' dir='ltr'>Rhomam,</span> <span class='ocrx_word' id='word_1_114' title='bbox 576 854 652 889; x_wconf 90' lang='lat' dir='ltr'>aut</span> <span class='ocrx_word' id='word_1_115' title='bbox 677 850 810 889; x_wconf 84' lang='lat' dir='ltr'>scribe</span> <span class='ocrx_word' id='word_1_116' title='bbox 836 863 965 900; x_wconf 89' lang='lat' dir='ltr'>quam</span> <span class='ocrx_word' id='word_1_117' title='bbox 991 849 1252 887; x_wconf 73' lang='lat' dir='ltr'>odiosissime</span> <span class='ocrx_word' id='word_1_118' title='bbox 1276 850 1318 887; x_wconf 89' lang='lat' dir='ltr'>in</span> <span class='ocrx_word' id='word_1_119' title='bbox 1346 849 1580 887; x_wconf 80' lang='lat' dir='ltr'>Lutherum</span> <span class='ocrx_word' id='word_1_120' title='bbox 1603 862 1610 893; x_wconf 78' lang='lat'>3</span> <span class='ocrx_word' id='word_1_121' title='bbox 1652 847 1829 886; x_wconf 76' lang='lat' dir='ltr'>indicito</span> 
     </span>
     <span class='ocr_line' id='line_1_14' title="bbox 143 901 1828 954; baseline -0.003 -10"><span class='ocrx_word' id='word_1_122' title='bbox 143 905 379 944; x_wconf 68' lang='lat' dir='ltr'>nobellum</span> <span class='ocrx_word' id='word_1_123' title='bbox 416 905 613 943; x_wconf 86' lang='lat' dir='ltr'>omnibus</span> <span class='ocrx_word' id='word_1_124' title='bbox 646 904 901 943; x_wconf 87' lang='lat' dir='ltr'>Luthcranis</span> <span class='ocrx_word' id='word_1_125' title='bbox 921 904 944 942; x_wconf 86' lang='lat'>’.</span> <span class='ocrx_word' id='word_1_126' title='bbox 1010 904 1200 942; x_wconf 86' lang='lat' dir='ltr'>Primum</span> <span class='ocrx_word' id='word_1_127' title='bbox 1237 916 1369 954; x_wconf 87' lang='lat' dir='ltr'>quum</span> <span class='ocrx_word' id='word_1_128' title='bbox 1408 903 1534 941; x_wconf 85' lang='lat' dir='ltr'>audio</span> <span class='ocrx_word' id='word_1_129' title='bbox 1571 901 1752 941; x_wconf 74' lang='lat' dir='ltr'>‘Confer</span> <span class='ocrx_word' id='word_1_130' title='bbox 1786 906 1828 940; x_wconf 85' lang='lat' dir='ltr'>te</span> 
     </span>
     <span class='ocr_line' id='line_1_15' title="bbox 222 956 1827 1010; baseline -0.002 -12"><span class='ocrx_word' id='word_1_131' title='bbox 222 960 435 998; x_wconf 84' lang='lat' dir='ltr'>Rhomam</span> <span class='ocrx_word' id='word_1_132' title='bbox 452 959 475 1005; x_wconf 85' lang='grc'><strong>’,</strong></span> <span class='ocrx_word' id='word_1_133' title='bbox 501 959 605 1010; x_wconf 88' lang='lat' dir='ltr'>quid</span> <span class='ocrx_word' id='word_1_134' title='bbox 631 959 747 997; x_wconf 91' lang='lat' dir='ltr'>aliud</span> <span class='ocrx_word' id='word_1_135' title='bbox 772 958 822 997; x_wconf 90' lang='lat' dir='ltr'>fit</span> <span class='ocrx_word' id='word_1_136' title='bbox 848 971 978 1008; x_wconf 88' lang='lat' dir='ltr'>quam</span> <span class='ocrx_word' id='word_1_137' title='bbox 1005 959 1038 996; x_wconf 89' lang='lat' dir='ltr'>si</span> <span class='ocrx_word' id='word_1_138' title='bbox 1065 959 1160 1008; x_wconf 88' lang='lat' dir='ltr'>quis</span> <span class='ocrx_word' id='word_1_139' title='bbox 1181 971 1331 996; x_wconf 89' lang='lat' dir='ltr'>cancro</span> <span class='ocrx_word' id='word_1_140' title='bbox 1353 958 1469 996; x_wconf 89' lang='lat' dir='ltr'>dicat</span> <span class='ocrx_word' id='word_1_141' title='bbox 1497 957 1505 971; x_wconf 77' lang='lat'><strong><em>⁵</em></strong></span> <span class='ocrx_word' id='word_1_142' title='bbox 1521 957 1627 995; x_wconf 78' lang='lat' dir='ltr'>Vola</span> <span class='ocrx_word' id='word_1_143' title='bbox 1648 956 1690 994; x_wconf 65' lang='grc' dir='ltr'>’Υ</span> <span class='ocrx_word' id='word_1_144' title='bbox 1748 956 1827 995; x_wconf 80' lang='lat' dir='ltr'>Re-</span> 
     </span>
     <span class='ocr_line' id='line_1_16' title="bbox 222 1010 1828 1065; baseline -0.002 -13"><span class='ocrx_word' id='word_1_145' title='bbox 222 1014 397 1065; x_wconf 85' lang='lat' dir='ltr'>spondit</span> <span class='ocrx_word' id='word_1_146' title='bbox 412 1027 562 1052; x_wconf 88' lang='lat' dir='ltr'>cancer</span> <span class='ocrx_word' id='word_1_147' title='bbox 579 1014 587 1028; x_wconf 85' lang='lat'>‘</span> <span class='ocrx_word' id='word_1_148' title='bbox 603 1013 670 1051; x_wconf 89' lang='lat' dir='ltr'>Da</span> <span class='ocrx_word' id='word_1_149' title='bbox 692 1013 780 1051; x_wconf 89' lang='lat' dir='ltr'>alas</span> <span class='ocrx_word' id='word_1_150' title='bbox 796 1013 819 1051; x_wconf 89' lang='lat'>&#39;.</span> <span class='ocrx_word' id='word_1_151' title='bbox 870 1013 1021 1051; x_wconf 84' lang='lat' dir='ltr'>Dicam</span> <span class='ocrx_word' id='word_1_152' title='bbox 1044 1017 1088 1051; x_wconf 92' lang='lat' dir='ltr'>et</span> <span class='ocrx_word' id='word_1_153' title='bbox 1109 1025 1185 1063; x_wconf 81' lang='lat' dir='ltr'>ego</span> <span class='ocrx_word' id='word_1_154' title='bbox 1210 1012 1217 1026; x_wconf 75' lang='lat'>⁶</span> <span class='ocrx_word' id='word_1_155' title='bbox 1235 1012 1383 1050; x_wconf 85' lang='lat' dir='ltr'>Redde</span> <span class='ocrx_word' id='word_1_156' title='bbox 1399 1012 1683 1057; x_wconf 84' lang='lat' dir='ltr'>iuuentutem,</span> <span class='ocrx_word' id='word_1_157' title='bbox 1701 1010 1828 1049; x_wconf 83' lang='lat' dir='ltr'>redde</span> 
     </span>
     <span class='ocr_line' id='line_1_17' title="bbox 221 1065 1828 1107; baseline -0.002 -1"><span class='ocrx_word' id='word_1_158' title='bbox 221 1068 377 1107; x_wconf 90' lang='lat' dir='ltr'>bonam</span> <span class='ocrx_word' id='word_1_159' title='bbox 395 1068 684 1106; x_wconf 87' lang='lat' dir='ltr'>valetudinem</span> <span class='ocrx_word' id='word_1_160' title='bbox 706 1067 728 1105; x_wconf 91' lang='lat'>&#39;.</span> <span class='ocrx_word' id='word_1_161' title='bbox 775 1067 950 1105; x_wconf 90' lang='lat' dir='ltr'>Vtinam</span> <span class='ocrx_word' id='word_1_162' title='bbox 967 1067 1033 1105; x_wconf 91' lang='lat' dir='ltr'>hic</span> <span class='ocrx_word' id='word_1_163' title='bbox 1050 1071 1160 1106; x_wconf 88' lang='lat' dir='ltr'>esset</span> <span class='ocrx_word' id='word_1_164' title='bbox 1177 1066 1279 1104; x_wconf 86' lang='lat' dir='ltr'>mihi</span> <span class='ocrx_word' id='word_1_165' title='bbox 1296 1067 1435 1104; x_wconf 88' lang='lat' dir='ltr'>minus</span> <span class='ocrx_word' id='word_1_166' title='bbox 1451 1066 1565 1104; x_wconf 84' lang='lat' dir='ltr'>iusta</span> <span class='ocrx_word' id='word_1_167' title='bbox 1581 1065 1798 1104; x_wconf 87' lang='lat' dir='ltr'>excusatio</span> <span class='ocrx_word' id='word_1_168' title='bbox 1820 1065 1828 1102; x_wconf 89' lang='lat'>!</span> 
     </span>
     <span class='ocr_line' id='line_1_18' title="bbox 221 1121 1829 1171; baseline -0.002 -10"><span class='ocrx_word' id='word_1_169' title='bbox 221 1122 438 1161; x_wconf 79' lang='lat' dir='ltr'>Prolixum</span> <span class='ocrx_word' id='word_1_170' title='bbox 475 1126 585 1161; x_wconf 89' lang='lat' dir='ltr'>esset</span> <span class='ocrx_word' id='word_1_171' title='bbox 620 1134 950 1160; x_wconf 87' lang='lat' dir='ltr'>commemorare</span> <span class='ocrx_word' id='word_1_172' title='bbox 985 1134 1133 1159; x_wconf 86' lang='lat' dir='ltr'>causas</span> <span class='ocrx_word' id='word_1_173' title='bbox 1162 1134 1272 1171; x_wconf 89' lang='lat' dir='ltr'>quae</span> <span class='ocrx_word' id='word_1_174' title='bbox 1306 1121 1410 1159; x_wconf 89' lang='lat' dir='ltr'>mihi</span> <span class='ocrx_word' id='word_1_175' title='bbox 1444 1124 1745 1171; x_wconf 86' lang='lat' dir='ltr'>persuaserunt</span> <span class='ocrx_word' id='word_1_176' title='bbox 1780 1123 1829 1157; x_wconf 84' lang='lat' dir='ltr'>vt</span> 
     </span>
    </p>

    <p class='ocr_par' dir='ltr' id='par_1_7' title="bbox 143 1174 1828 1445">
     <span class='ocr_line' id='line_1_19' title="bbox 143 1174 1828 1225; baseline 0 -13"><span class='ocrx_word' id='word_1_177' title='bbox 143 1191 178 1214; x_wconf 84' lang='lat'>12</span> <span class='ocrx_word' id='word_1_178' title='bbox 185 1190 199 1222; x_wconf 92' lang='grc'><strong>5</strong></span> <span class='ocrx_word' id='word_1_179' title='bbox 221 1177 427 1216; x_wconf 86' lang='lat' dir='ltr'>hactenus</span> <span class='ocrx_word' id='word_1_180' title='bbox 444 1189 657 1215; x_wconf 88' lang='lat' dir='ltr'>manerem</span> <span class='ocrx_word' id='word_1_181' title='bbox 674 1175 879 1215; x_wconf 88' lang='lat' dir='ltr'>Basileae.</span> <span class='ocrx_word' id='word_1_182' title='bbox 930 1175 1042 1214; x_wconf 90' lang='lat' dir='ltr'>Illud</span> <span class='ocrx_word' id='word_1_183' title='bbox 1062 1175 1190 1214; x_wconf 88' lang='lat' dir='ltr'>semel</span> <span class='ocrx_word' id='word_1_184' title='bbox 1206 1176 1343 1213; x_wconf 88' lang='lat' dir='ltr'>ausim</span> <span class='ocrx_word' id='word_1_185' title='bbox 1361 1174 1546 1213; x_wconf 87' lang='lat' dir='ltr'>deierare</span> <span class='ocrx_word' id='word_1_186' title='bbox 1563 1188 1570 1213; x_wconf 90' lang='lat'><strong>:</strong></span> <span class='ocrx_word' id='word_1_187' title='bbox 1598 1175 1632 1213; x_wconf 91' lang='lat' dir='ltr'>si</span> <span class='ocrx_word' id='word_1_188' title='bbox 1648 1174 1752 1225; x_wconf 91' lang='lat' dir='ltr'>quid</span> <span class='ocrx_word' id='word_1_189' title='bbox 1768 1174 1828 1212; x_wconf 85' lang='lat' dir='ltr'>vi-</span> 
     </span>
     <span class='ocr_line' id='line_1_20' title="bbox 220 1228 1828 1281; baseline -0.002 -12"><span class='ocrx_word' id='word_1_190' title='bbox 220 1231 375 1270; x_wconf 88' lang='lat' dir='ltr'>dissem</span> <span class='ocrx_word' id='word_1_191' title='bbox 397 1231 543 1270; x_wconf 82' lang='lat' dir='ltr'>vtilius</span> <span class='ocrx_word' id='word_1_192' title='bbox 563 1231 665 1281; x_wconf 89' lang='lat' dir='ltr'>reip.</span> <span class='ocrx_word' id='word_1_193' title='bbox 688 1230 966 1276; x_wconf 84' lang='lat' dir='ltr'>Christianae,</span> <span class='ocrx_word' id='word_1_194' title='bbox 986 1243 1053 1269; x_wconf 88' lang='lat' dir='ltr'>me</span> <span class='ocrx_word' id='word_1_195' title='bbox 1069 1230 1136 1269; x_wconf 87' lang='lat' dir='ltr'>vel</span> <span class='ocrx_word' id='word_1_196' title='bbox 1157 1243 1254 1268; x_wconf 88' lang='grc'><strong>011111</strong></span> <span class='ocrx_word' id='word_1_197' title='bbox 1275 1230 1391 1268; x_wconf 84' lang='lat' dir='ltr'>Vitae</span> <span class='ocrx_word' id='word_1_198' title='bbox 1407 1229 1592 1280; x_wconf 90' lang='lat' dir='ltr'>periculo</span> <span class='ocrx_word' id='word_1_199' title='bbox 1613 1228 1828 1267; x_wconf 86' lang='lat' dir='ltr'>facturum</span> 
     </span>
     <span class='ocr_line' id='line_1_21' title="bbox 221 1283 1827 1336; baseline -0.002 -12"><span class='ocrx_word' id='word_1_200' title='bbox 221 1285 362 1324; x_wconf 84' lang='lat' dir='ltr'>fuisse.</span> <span class='ocrx_word' id='word_1_201' title='bbox 411 1286 644 1336; x_wconf 86' lang='lat' dir='ltr'>Nunquam</span> <span class='ocrx_word' id='word_1_202' title='bbox 672 1284 810 1323; x_wconf 83' lang='lat' dir='ltr'>defuit</span> <span class='ocrx_word' id='word_1_203' title='bbox 838 1284 1082 1336; x_wconf 90' lang='lat' dir='ltr'>perficiendi</span> <span class='ocrx_word' id='word_1_204' title='bbox 1110 1284 1324 1331; x_wconf 85' lang='lat' dir='ltr'>voluntas,</span> <span class='ocrx_word' id='word_1_205' title='bbox 1353 1284 1426 1323; x_wconf 88' lang='lat' dir='ltr'>sed</span> <span class='ocrx_word' id='word_1_206' title='bbox 1446 1283 1692 1334; x_wconf 85' lang='lat' dir='ltr'>proficiendi</span> <span class='ocrx_word' id='word_1_207' title='bbox 1719 1295 1827 1334; x_wconf 89' lang='lat' dir='ltr'>spes.</span> 
     </span>
     <span class='ocr_line' id='line_1_22' title="bbox 222 1337 1828 1390; baseline -0.002 -11"><span class='ocrx_word' id='word_1_208' title='bbox 222 1340 334 1388; x_wconf 80' lang='lat' dir='ltr'>Quid</span> <span class='ocrx_word' id='word_1_209' title='bbox 360 1344 505 1379; x_wconf 87' lang='lat' dir='ltr'>autem</span> <span class='ocrx_word' id='word_1_210' title='bbox 527 1339 700 1378; x_wconf 88' lang='lat' dir='ltr'>stultius</span> <span class='ocrx_word' id='word_1_211' title='bbox 727 1352 857 1390; x_wconf 88' lang='lat' dir='ltr'>quam</span> <span class='ocrx_word' id='word_1_212' title='bbox 888 1352 1057 1378; x_wconf 90' lang='lat' dir='ltr'>mouere</span> <span class='ocrx_word' id='word_1_213' title='bbox 1087 1339 1245 1378; x_wconf 89' lang='lat' dir='ltr'>malum</span> <span class='ocrx_word' id='word_1_214' title='bbox 1277 1339 1383 1377; x_wconf 86' lang='lat' dir='ltr'>bene</span> <span class='ocrx_word' id='word_1_215' title='bbox 1410 1339 1641 1389; x_wconf 73' lang='lat' dir='ltr'>quiescens,</span> <span class='ocrx_word' id='word_1_216' title='bbox 1665 1338 1699 1376; x_wconf 85' lang='lat' dir='ltr'>si</span> <span class='ocrx_word' id='word_1_217' title='bbox 1725 1337 1828 1376; x_wconf 91' lang='lat' dir='ltr'>nihil</span> 
     </span>
     <span class='ocr_line' id='line_1_23' title="bbox 220 1393 992 1445; baseline -0.003 -12"><span class='ocrx_word' id='word_1_218' title='bbox 220 1407 361 1445; x_wconf 85' lang='lat' dir='ltr'>speres</span> <span class='ocrx_word' id='word_1_219' title='bbox 382 1395 462 1433; x_wconf 87' lang='lat' dir='ltr'>nisi</span> <span class='ocrx_word' id='word_1_220' title='bbox 483 1395 618 1433; x_wconf 86' lang='lat' dir='ltr'>maius</span> <span class='ocrx_word' id='word_1_221' title='bbox 641 1393 959 1433; x_wconf 89' lang='lat' dir='ltr'>incommodum</span> <span class='ocrx_word' id='word_1_222' title='bbox 977 1396 992 1431; x_wconf 61' lang='lat'>⁶!</span> 
     </span>
    </p>

    <p class='ocr_par' dir='ltr' id='par_1_8' title="bbox 143 1446 1830 1716">
     <span class='ocr_line' id='line_1_24' title="bbox 143 1446 1829 1500; baseline -0.001 -15"><span class='ocrx_word' id='word_1_223' title='bbox 143 1463 205 1494; x_wconf 82' lang='lat'>130</span> <span class='ocrx_word' id='word_1_224' title='bbox 275 1449 420 1487; x_wconf 90' lang='lat' dir='ltr'>Etiam</span> <span class='ocrx_word' id='word_1_225' title='bbox 440 1453 571 1500; x_wconf 86' lang='lat' dir='ltr'>atque</span> <span class='ocrx_word' id='word_1_226' title='bbox 590 1449 721 1487; x_wconf 88' lang='lat' dir='ltr'>etiam</span> <span class='ocrx_word' id='word_1_227' title='bbox 741 1452 784 1487; x_wconf 89' lang='lat' dir='ltr'>te</span> <span class='ocrx_word' id='word_1_228' title='bbox 803 1460 918 1499; x_wconf 83' lang='lat' dir='ltr'>rogo,</span> <span class='ocrx_word' id='word_1_229' title='bbox 939 1448 1164 1498; x_wconf 89' lang='lat' dir='ltr'>permittas</span> <span class='ocrx_word' id='word_1_230' title='bbox 1184 1448 1293 1486; x_wconf 87' lang='lat' dir='ltr'>hanc</span> <span class='ocrx_word' id='word_1_231' title='bbox 1313 1448 1482 1485; x_wconf 80' lang='lat' dir='ltr'>veniam</span> <span class='ocrx_word' id='word_1_232' title='bbox 1502 1446 1694 1485; x_wconf 90' lang='lat' dir='ltr'>ouiculae</span> <span class='ocrx_word' id='word_1_233' title='bbox 1713 1450 1829 1492; x_wconf 87' lang='lat' dir='ltr'>tuae,</span> 
     </span>
     <span class='ocr_line' id='line_1_25' title="bbox 221 1500 1827 1554; baseline -0.002 -13"><span class='ocrx_word' id='word_1_234' title='bbox 221 1507 270 1542; x_wconf 84' lang='lat' dir='ltr'>vt</span> <span class='ocrx_word' id='word_1_235' title='bbox 295 1503 602 1554; x_wconf 84' lang='lat' dir='ltr'>aliquantisper</span> <span class='ocrx_word' id='word_1_236' title='bbox 626 1503 797 1541; x_wconf 87' lang='lat' dir='ltr'>liberius</span> <span class='ocrx_word' id='word_1_237' title='bbox 821 1502 1023 1553; x_wconf 89' lang='lat' dir='ltr'>loquatur</span> <span class='ocrx_word' id='word_1_238' title='bbox 1048 1502 1163 1552; x_wconf 90' lang='lat' dir='ltr'>apud</span> <span class='ocrx_word' id='word_1_239' title='bbox 1188 1515 1312 1540; x_wconf 88' lang='lat' dir='ltr'>suum</span> <span class='ocrx_word' id='word_1_240' title='bbox 1337 1505 1566 1552; x_wconf 86' lang='lat' dir='ltr'>pastorem.</span> <span class='ocrx_word' id='word_1_241' title='bbox 1621 1501 1679 1539; x_wconf 88' lang='lat' dir='ltr'>Vt</span> <span class='ocrx_word' id='word_1_242' title='bbox 1703 1500 1827 1539; x_wconf 82' lang='lat' dir='ltr'>liceat</span> 
     </span>
     <span class='ocr_line' id='line_1_26' title="bbox 221 1555 1828 1608; baseline -0.002 -12"><span class='ocrx_word' id='word_1_243' title='bbox 221 1570 295 1608; x_wconf 88' lang='lat' dir='ltr'>per</span> <span class='ocrx_word' id='word_1_244' title='bbox 316 1557 620 1603; x_wconf 86' lang='lat' dir='ltr'>valetudinem,</span> <span class='ocrx_word' id='word_1_245' title='bbox 645 1557 749 1607; x_wconf 93' lang='lat' dir='ltr'>quid</span> <span class='ocrx_word' id='word_1_246' title='bbox 769 1556 1036 1608; x_wconf 83' lang='lat' dir='ltr'>profecturus</span> <span class='ocrx_word' id='word_1_247' title='bbox 1064 1570 1156 1595; x_wconf 84' lang='lat' dir='ltr'>sum</span> <span class='ocrx_word' id='word_1_248' title='bbox 1180 1556 1373 1594; x_wconf 83' lang='lat' dir='ltr'>Rhomae</span> <span class='ocrx_word' id='word_1_249' title='bbox 1396 1559 1410 1594; x_wconf 66' lang='lat'>⁸?</span> <span class='ocrx_word' id='word_1_250' title='bbox 1467 1555 1707 1594; x_wconf 82' lang='lat' dir='ltr'>Abfuturus</span> <span class='ocrx_word' id='word_1_251' title='bbox 1735 1568 1828 1593; x_wconf 90' lang='lat' dir='ltr'>sum</span> 
     </span>
     <span class='ocr_line' id='line_1_27' title="bbox 220 1609 1827 1650; baseline -0.002 0"><span class='ocrx_word' id='word_1_252' title='bbox 220 1625 246 1650; x_wconf 87' lang='lat' dir='ltr'>a</span> <span class='ocrx_word' id='word_1_253' title='bbox 265 1613 476 1650; x_wconf 88' lang='lat' dir='ltr'>consortio</span> <span class='ocrx_word' id='word_1_254' title='bbox 495 1612 836 1650; x_wconf 87' lang='lat' dir='ltr'>Lutheranorum</span> <span class='ocrx_word' id='word_1_255' title='bbox 853 1614 867 1648; x_wconf 61' lang='grc' dir='ltr'>Τ</span> <span class='ocrx_word' id='word_1_256' title='bbox 918 1611 1011 1649; x_wconf 88' lang='lat' dir='ltr'>Iam</span> <span class='ocrx_word' id='word_1_257' title='bbox 1031 1624 1143 1649; x_wconf 90' lang='lat' dir='ltr'>nunc</span> <span class='ocrx_word' id='word_1_258' title='bbox 1164 1611 1314 1649; x_wconf 87' lang='lat' dir='ltr'>absum</span> <span class='ocrx_word' id='word_1_259' title='bbox 1335 1611 1532 1648; x_wconf 80' lang='lat' dir='ltr'>maxime.</span> <span class='ocrx_word' id='word_1_260' title='bbox 1581 1609 1697 1648; x_wconf 87' lang='lat' dir='ltr'>Nihil</span> <span class='ocrx_word' id='word_1_261' title='bbox 1717 1610 1827 1647; x_wconf 84' lang='lat' dir='ltr'>enim</span> 
     </span>
     <span class='ocr_line' id='line_1_28' title="bbox 220 1663 1830 1716; baseline -0.002 -11"><span class='ocrx_word' id='word_1_262' title='bbox 220 1667 324 1705; x_wconf 89' lang='lat' dir='ltr'>mihi</span> <span class='ocrx_word' id='word_1_263' title='bbox 345 1679 442 1705; x_wconf 90' lang='lat' dir='ltr'>cum</span> <span class='ocrx_word' id='word_1_264' title='bbox 463 1666 544 1704; x_wconf 89' lang='lat' dir='ltr'>illis</span> <span class='ocrx_word' id='word_1_265' title='bbox 566 1666 818 1705; x_wconf 88' lang='lat' dir='ltr'>commercii.</span> <span class='ocrx_word' id='word_1_266' title='bbox 870 1665 1025 1716; x_wconf 89' lang='lat' dir='ltr'>Itaque</span> <span class='ocrx_word' id='word_1_267' title='bbox 1047 1665 1150 1703; x_wconf 88' lang='lat' dir='ltr'>mihi</span> <span class='ocrx_word' id='word_1_268' title='bbox 1172 1665 1344 1715; x_wconf 87' lang='lat' dir='ltr'>quidem</span> <span class='ocrx_word' id='word_1_269' title='bbox 1367 1664 1472 1702; x_wconf 85' lang='lat' dir='ltr'>nihil</span> <span class='ocrx_word' id='word_1_270' title='bbox 1493 1668 1558 1702; x_wconf 87' lang='lat' dir='ltr'>est</span> <span class='ocrx_word' id='word_1_271' title='bbox 1579 1663 1753 1714; x_wconf 84' lang='lat' dir='ltr'>periculi</span> <span class='ocrx_word' id='word_1_272' title='bbox 1775 1663 1830 1702; x_wconf 90' lang='lat' dir='ltr'>ab</span> 
     </span>
    </p>

    <p class='ocr_par' dir='ltr' id='par_1_9' title="bbox 142 1718 1831 1988">
     <span class='ocr_line' id='line_1_29' title="bbox 142 1718 1828 1771; baseline -0.001 -14"><span class='ocrx_word' id='word_1_273' title='bbox 142 1733 200 1766; x_wconf 83' lang='lat'>135</span> <span class='ocrx_word' id='word_1_274' title='bbox 218 1720 312 1767; x_wconf 86' lang='lat' dir='ltr'>illis,</span> <span class='ocrx_word' id='word_1_275' title='bbox 342 1720 458 1771; x_wconf 92' lang='lat' dir='ltr'>quod</span> <span class='ocrx_word' id='word_1_276' title='bbox 486 1720 541 1758; x_wconf 91' lang='lat' dir='ltr'>ad</span> <span class='ocrx_word' id='word_1_277' title='bbox 568 1720 758 1758; x_wconf 89' lang='lat' dir='ltr'>animum</span> <span class='ocrx_word' id='word_1_278' title='bbox 787 1720 958 1758; x_wconf 87' lang='lat' dir='ltr'>attinet.</span> <span class='ocrx_word' id='word_1_279' title='bbox 1015 1719 1145 1757; x_wconf 89' lang='lat' dir='ltr'>Porro</span> <span class='ocrx_word' id='word_1_280' title='bbox 1173 1719 1289 1770; x_wconf 90' lang='lat' dir='ltr'>quod</span> <span class='ocrx_word' id='word_1_281' title='bbox 1317 1720 1476 1757; x_wconf 85' lang='lat' dir='ltr'>attinet</span> <span class='ocrx_word' id='word_1_282' title='bbox 1503 1718 1558 1756; x_wconf 88' lang='lat' dir='ltr'>ad</span> <span class='ocrx_word' id='word_1_283' title='bbox 1583 1718 1677 1756; x_wconf 88' lang='lat' dir='ltr'>illos</span> <span class='ocrx_word' id='word_1_284' title='bbox 1705 1718 1828 1756; x_wconf 88' lang='lat' dir='ltr'>corri-</span> 
     </span>
     <span class='ocr_line' id='line_1_30' title="bbox 220 1771 1831 1826; baseline -0.002 -13"><span class='ocrx_word' id='word_1_285' title='bbox 220 1775 392 1826; x_wconf 86' lang='lat' dir='ltr'>gendos,</span> <span class='ocrx_word' id='word_1_286' title='bbox 417 1775 541 1814; x_wconf 88' lang='lat' dir='ltr'>citius</span> <span class='ocrx_word' id='word_1_287' title='bbox 564 1774 780 1826; x_wconf 76' lang='lat' dir='ltr'>profecero</span> <span class='ocrx_word' id='word_1_288' title='bbox 803 1774 968 1813; x_wconf 82' lang='lat' dir='ltr'>vicinus</span> <span class='ocrx_word' id='word_1_289' title='bbox 990 1787 1120 1825; x_wconf 89' lang='lat' dir='ltr'>quam</span> <span class='ocrx_word' id='word_1_290' title='bbox 1144 1774 1290 1824; x_wconf 89' lang='lat' dir='ltr'>procul</span> <span class='ocrx_word' id='word_1_291' title='bbox 1312 1777 1514 1812; x_wconf 89' lang='lat' dir='ltr'>remotus.</span> <span class='ocrx_word' id='word_1_292' title='bbox 1567 1772 1679 1820; x_wconf 76' lang='lat' dir='ltr'>Quid</span> <span class='ocrx_word' id='word_1_293' title='bbox 1701 1771 1831 1811; x_wconf 84' lang='lat' dir='ltr'>faciet</span> 
     </span>
     <span class='ocr_line' id='line_1_31' title="bbox 222 1827 1830 1880; baseline -0.002 -12"><span class='ocrx_word' id='word_1_294' title='bbox 222 1829 411 1868; x_wconf 88' lang='lat' dir='ltr'>medicus</span> <span class='ocrx_word' id='word_1_295' title='bbox 443 1829 638 1880; x_wconf 84' lang='lat' dir='ltr'>aegrotis,</span> <span class='ocrx_word' id='word_1_296' title='bbox 672 1829 707 1867; x_wconf 89' lang='lat' dir='ltr'>si</span> <span class='ocrx_word' id='word_1_297' title='bbox 739 1841 782 1867; x_wconf 89' lang='lat' dir='ltr'>se</span> <span class='ocrx_word' id='word_1_298' title='bbox 814 1828 960 1879; x_wconf 91' lang='lat' dir='ltr'>procul</span> <span class='ocrx_word' id='word_1_299' title='bbox 993 1828 1217 1867; x_wconf 78' lang='lat' dir='ltr'>abducat?</span> <span class='ocrx_word' id='word_1_300' title='bbox 1281 1827 1421 1875; x_wconf 77' lang='lat' dir='ltr'>Quum</span> <span class='ocrx_word' id='word_1_301' title='bbox 1453 1828 1520 1866; x_wconf 90' lang='lat' dir='ltr'>hic</span> <span class='ocrx_word' id='word_1_302' title='bbox 1552 1827 1830 1866; x_wconf 86' lang='lat' dir='ltr'>increbuisset</span> 
     </span>
     <span class='ocr_line' id='line_1_32' title="bbox 222 1882 1827 1934; baseline -0.002 -12"><span class='ocrx_word' id='word_1_303' title='bbox 222 1897 366 1922; x_wconf 91' lang='lat' dir='ltr'>rumor</span> <span class='ocrx_word' id='word_1_304' title='bbox 390 1897 457 1923; x_wconf 89' lang='lat' dir='ltr'>me</span> <span class='ocrx_word' id='word_1_305' title='bbox 480 1883 694 1922; x_wconf 84' lang='lat' dir='ltr'>Rhomam</span> <span class='ocrx_word' id='word_1_306' title='bbox 719 1883 984 1929; x_wconf 86' lang='lat' dir='ltr'>accersitum,</span> <span class='ocrx_word' id='word_1_307' title='bbox 1009 1883 1083 1934; x_wconf 92' lang='lat' dir='ltr'>qui</span> <span class='ocrx_word' id='word_1_308' title='bbox 1107 1883 1255 1921; x_wconf 87' lang='lat' dir='ltr'>statim</span> <span class='ocrx_word' id='word_1_309' title='bbox 1279 1882 1474 1921; x_wconf 84' lang='lat' dir='ltr'>fremitus</span> <span class='ocrx_word' id='word_1_310' title='bbox 1497 1882 1645 1920; x_wconf 83' lang='lat' dir='ltr'>extitit</span> <span class='ocrx_word' id='word_1_311' title='bbox 1666 1882 1827 1919; x_wconf 90' lang='lat' dir='ltr'>iactan-</span> 
     </span>
     <span class='ocr_line' id='line_1_33' title="bbox 220 1936 1830 1988; baseline -0.002 -11"><span class='ocrx_word' id='word_1_312' title='bbox 220 1939 329 1977; x_wconf 91' lang='lat' dir='ltr'>tium</span> <span class='ocrx_word' id='word_1_313' title='bbox 354 1951 421 1977; x_wconf 90' lang='lat' dir='ltr'>me</span> <span class='ocrx_word' id='word_1_314' title='bbox 444 1938 584 1977; x_wconf 90' lang='lat' dir='ltr'>isthuc</span> <span class='ocrx_word' id='word_1_315' title='bbox 609 1937 664 1976; x_wconf 92' lang='lat' dir='ltr'>ad</span> <span class='ocrx_word' id='word_1_316' title='bbox 687 1937 890 1988; x_wconf 87' lang='lat' dir='ltr'>praedam</span> <span class='ocrx_word' id='word_1_317' title='bbox 915 1937 1114 1976; x_wconf 87' lang='lat' dir='ltr'>aduolare</span> <span class='ocrx_word' id='word_1_318' title='bbox 1136 1937 1142 1975; x_wconf 73' lang='lat'>1</span> <span class='ocrx_word' id='word_1_319' title='bbox 1197 1937 1308 1984; x_wconf 80' lang='lat' dir='ltr'>Quid</span> <span class='ocrx_word' id='word_1_320' title='bbox 1331 1937 1460 1988; x_wconf 82' lang='lat' dir='ltr'>igitur</span> <span class='ocrx_word' id='word_1_321' title='bbox 1487 1936 1734 1974; x_wconf 87' lang='lat' dir='ltr'>habiturum</span> <span class='ocrx_word' id='word_1_322' title='bbox 1765 1939 1830 1974; x_wconf 89' lang='lat' dir='ltr'>est</span> 
     </span>
    </p>

    <p class='ocr_par' dir='ltr' id='par_1_10' title="bbox 143 1989 1829 2260">
     <span class='ocr_line' id='line_1_34' title="bbox 143 1989 1825 2043; baseline 0 -16"><span class='ocrx_word' id='word_1_323' title='bbox 143 2006 206 2036; x_wconf 80' lang='grc'>140</span> <span class='ocrx_word' id='word_1_324' title='bbox 222 1992 433 2043; x_wconf 86' lang='lat' dir='ltr'>ponderis,</span> <span class='ocrx_word' id='word_1_325' title='bbox 469 1993 503 2031; x_wconf 90' lang='lat' dir='ltr'>si</span> <span class='ocrx_word' id='word_1_326' title='bbox 537 1992 641 2042; x_wconf 89' lang='lat' dir='ltr'>quid</span> <span class='ocrx_word' id='word_1_327' title='bbox 674 1992 830 2031; x_wconf 89' lang='lat' dir='ltr'>isthinc</span> <span class='ocrx_word' id='word_1_328' title='bbox 865 1993 1082 2042; x_wconf 86' lang='lat' dir='ltr'>scripsero,</span> <span class='ocrx_word' id='word_1_329' title='bbox 1118 1992 1316 2042; x_wconf 89' lang='lat' dir='ltr'>praemiis</span> <span class='ocrx_word' id='word_1_330' title='bbox 1351 1995 1588 2042; x_wconf 89' lang='lat' dir='ltr'>corruptus,</span> <span class='ocrx_word' id='word_1_331' title='bbox 1624 1989 1825 2041; x_wconf 90' lang='lat' dir='ltr'>quemad-</span> 
     </span>
     <span class='ocr_line' id='line_1_35' title="bbox 222 2044 1829 2097; baseline -0.002 -12"><span class='ocrx_word' id='word_1_332' title='bbox 222 2047 397 2085; x_wconf 88' lang='lat' dir='ltr'>modum</span> <span class='ocrx_word' id='word_1_333' title='bbox 424 2047 495 2085; x_wconf 86' lang='lat' dir='ltr'>isti</span> <span class='ocrx_word' id='word_1_334' title='bbox 522 2047 602 2085; x_wconf 85' lang='lat' dir='ltr'>sibi</span> <span class='ocrx_word' id='word_1_335' title='bbox 628 2050 965 2097; x_wconf 78' lang='lat' dir='ltr'>persuaserunt?</span> <span class='ocrx_word' id='word_1_336' title='bbox 1023 2046 1158 2097; x_wconf 84' lang='lat' dir='ltr'>Agam</span> <span class='ocrx_word' id='word_1_337' title='bbox 1185 2046 1310 2084; x_wconf 87' lang='lat' dir='ltr'>isthic</span> <span class='ocrx_word' id='word_1_338' title='bbox 1338 2050 1413 2084; x_wconf 87' lang='lat' dir='ltr'>aut</span> <span class='ocrx_word' id='word_1_339' title='bbox 1441 2045 1622 2084; x_wconf 86' lang='lat' dir='ltr'>scribam</span> <span class='ocrx_word' id='word_1_340' title='bbox 1648 2044 1829 2082; x_wconf 80' lang='lat' dir='ltr'>fortasse</span> 
     </span>
     <span class='ocr_line' id='line_1_36' title="bbox 222 2099 1829 2147; baseline -0.002 -8"><span class='ocrx_word' id='word_1_341' title='bbox 222 2102 385 2147; x_wconf 89' lang='lat' dir='ltr'>tutior;</span> <span class='ocrx_word' id='word_1_342' title='bbox 435 2105 481 2139; x_wconf 90' lang='lat' dir='ltr'>at</span> <span class='ocrx_word' id='word_1_343' title='bbox 512 2101 621 2139; x_wconf 91' lang='lat' dir='ltr'>istuc</span> <span class='ocrx_word' id='word_1_344' title='bbox 654 2105 719 2139; x_wconf 90' lang='lat' dir='ltr'>est</span> <span class='ocrx_word' id='word_1_345' title='bbox 750 2101 854 2139; x_wconf 85' lang='lat' dir='ltr'>mihi</span> <span class='ocrx_word' id='word_1_346' title='bbox 886 2100 1157 2146; x_wconf 89' lang='lat' dir='ltr'>consuluisse,</span> <span class='ocrx_word' id='word_1_347' title='bbox 1191 2114 1277 2139; x_wconf 91' lang='lat' dir='ltr'>non</span> <span class='ocrx_word' id='word_1_348' title='bbox 1309 2113 1474 2139; x_wconf 88' lang='lat' dir='ltr'>causae.</span> <span class='ocrx_word' id='word_1_349' title='bbox 1535 2099 1578 2139; x_wconf 83' lang='lat' dir='ltr'>Si</span> <span class='ocrx_word' id='word_1_350' title='bbox 1610 2099 1829 2138; x_wconf 90' lang='lat' dir='ltr'>moderate</span> 
     </span>
     <span class='ocr_line' id='line_1_37' title="bbox 222 2153 1828 2205; baseline -0.002 -11"><span class='ocrx_word' id='word_1_351' title='bbox 222 2155 487 2205; x_wconf 82' lang='lat' dir='ltr'>ciuiliterque</span> <span class='ocrx_word' id='word_1_352' title='bbox 513 2155 749 2205; x_wconf 88' lang='lat' dir='ltr'>scripserim</span> <span class='ocrx_word' id='word_1_353' title='bbox 775 2156 820 2193; x_wconf 92' lang='lat' dir='ltr'>in</span> <span class='ocrx_word' id='word_1_354' title='bbox 847 2154 1096 2201; x_wconf 72' lang='lat' dir='ltr'>Lutherum,</span> <span class='ocrx_word' id='word_1_355' title='bbox 1125 2155 1302 2193; x_wconf 76' lang='lat' dir='ltr'>videbor</span> <span class='ocrx_word' id='word_1_356' title='bbox 1328 2167 1424 2193; x_wconf 89' lang='lat' dir='ltr'>cum</span> <span class='ocrx_word' id='word_1_357' title='bbox 1451 2154 1522 2192; x_wconf 92' lang='lat' dir='ltr'>illo</span> <span class='ocrx_word' id='word_1_358' title='bbox 1548 2153 1692 2192; x_wconf 89' lang='lat' dir='ltr'>ludere</span> <span class='ocrx_word' id='word_1_359' title='bbox 1713 2166 1720 2191; x_wconf 90' lang='lat'><strong>:</strong></span> <span class='ocrx_word' id='word_1_360' title='bbox 1765 2153 1828 2191; x_wconf 89' lang='lat' dir='ltr'>sin</span> 
     </span>
     <span class='ocr_line' id='line_1_38' title="bbox 222 2207 1827 2260; baseline 0 -15"><span class='ocrx_word' id='word_1_361' title='bbox 222 2208 354 2258; x_wconf 88' lang='lat' dir='ltr'>ipsius</span> <span class='ocrx_word' id='word_1_362' title='bbox 374 2209 534 2260; x_wconf 90' lang='lat' dir='ltr'>stylum</span> <span class='ocrx_word' id='word_1_363' title='bbox 554 2209 707 2255; x_wconf 87' lang='lat' dir='ltr'>imiter,</span> <span class='ocrx_word' id='word_1_364' title='bbox 730 2210 764 2247; x_wconf 89' lang='lat' dir='ltr'>si</span> <span class='ocrx_word' id='word_1_365' title='bbox 784 2209 893 2247; x_wconf 90' lang='lat' dir='ltr'>bello</span> <span class='ocrx_word' id='word_1_366' title='bbox 913 2209 1116 2248; x_wconf 88' lang='lat' dir='ltr'>lacessam</span> <span class='ocrx_word' id='word_1_367' title='bbox 1138 2209 1417 2255; x_wconf 86' lang='lat' dir='ltr'>Lutheranos,</span> <span class='ocrx_word' id='word_1_368' title='bbox 1438 2208 1543 2259; x_wconf 90' lang='lat' dir='ltr'>quid</span> <span class='ocrx_word' id='word_1_369' title='bbox 1563 2207 1678 2246; x_wconf 90' lang='lat' dir='ltr'>aliud</span> <span class='ocrx_word' id='word_1_370' title='bbox 1697 2220 1827 2258; x_wconf 89' lang='lat' dir='ltr'>quam</span> 
     </span>
    </p>

    <p class='ocr_par' dir='ltr' id='par_1_11' title="bbox 145 2261 1827 2368">
     <span class='ocr_line' id='line_1_39' title="bbox 145 2261 1827 2314; baseline -0.002 -12"><span class='ocrx_word' id='word_1_371' title='bbox 145 2277 200 2309; x_wconf 85' lang='lat'>145</span> <span class='ocrx_word' id='word_1_372' title='bbox 223 2264 448 2302; x_wconf 87' lang='lat' dir='ltr'>crabrones</span> <span class='ocrx_word' id='word_1_373' title='bbox 486 2264 633 2302; x_wconf 88' lang='lat' dir='ltr'>iritaro</span> <span class='ocrx_word' id='word_1_374' title='bbox 655 2266 670 2301; x_wconf 69' lang='grc' dir='ltr'>Ῡ</span> <span class='ocrx_word' id='word_1_375' title='bbox 741 2263 975 2309; x_wconf 88' lang='lat' dir='ltr'>Hactenus,</span> <span class='ocrx_word' id='word_1_376' title='bbox 1016 2263 1166 2309; x_wconf 85' lang='lat' dir='ltr'>fateor,</span> <span class='ocrx_word' id='word_1_377' title='bbox 1209 2263 1294 2301; x_wconf 90' lang='lat' dir='ltr'>alui</span> <span class='ocrx_word' id='word_1_378' title='bbox 1333 2263 1489 2314; x_wconf 90' lang='lat' dir='ltr'>quibus</span> <span class='ocrx_word' id='word_1_379' title='bbox 1528 2263 1651 2313; x_wconf 86' lang='lat' dir='ltr'>potui</span> <span class='ocrx_word' id='word_1_380' title='bbox 1690 2261 1827 2300; x_wconf 81' lang='lat' dir='ltr'>modis</span> 
     </span>
     <span class='ocr_line' id='line_1_40' title="bbox 223 2315 1799 2368; baseline -0.002 -11"><span class='ocrx_word' id='word_1_381' title='bbox 223 2317 447 2357; x_wconf 89' lang='lat' dir='ltr'>doctorum</span> <span class='ocrx_word' id='word_1_382' title='bbox 467 2317 687 2356; x_wconf 91' lang='lat' dir='ltr'>hominum</span> <span class='ocrx_word' id='word_1_383' title='bbox 709 2318 954 2356; x_wconf 89' lang='lat' dir='ltr'>amicitiam.</span> <span class='ocrx_word' id='word_1_384' title='bbox 1010 2317 1076 2356; x_wconf 82' lang='lat' dir='ltr'>Sic</span> <span class='ocrx_word' id='word_1_385' title='bbox 1098 2318 1209 2356; x_wconf 87' lang='lat' dir='ltr'>enim</span> <span class='ocrx_word' id='word_1_386' title='bbox 1232 2317 1356 2356; x_wconf 85' lang='lat' dir='ltr'>video</span> <span class='ocrx_word' id='word_1_387' title='bbox 1379 2330 1447 2356; x_wconf 90' lang='lat' dir='ltr'>me</span> <span class='ocrx_word' id='word_1_388' title='bbox 1468 2317 1562 2368; x_wconf 88' lang='lat' dir='ltr'>plus</span> <span class='ocrx_word' id='word_1_389' title='bbox 1584 2315 1799 2367; x_wconf 90' lang='lat' dir='ltr'>proficere.</span> 
     </span>
    </p>

    <p class='ocr_par' dir='ltr' id='par_1_12' title="bbox 221 2370 1826 2532">
     <span class='ocr_line' id='line_1_41' title="bbox 273 2370 1825 2422; baseline -0.001 -12"><span class='ocrx_word' id='word_1_390' title='bbox 273 2372 355 2411; x_wconf 84' lang='lat' dir='ltr'>Sed</span> <span class='ocrx_word' id='word_1_391' title='bbox 373 2372 592 2418; x_wconf 87' lang='lat' dir='ltr'>hactenus,</span> <span class='ocrx_word' id='word_1_392' title='bbox 611 2373 790 2422; x_wconf 85' lang='lat' dir='ltr'>inquies,</span> <span class='ocrx_word' id='word_1_393' title='bbox 811 2371 915 2410; x_wconf 87' lang='lat' dir='ltr'>nihil</span> <span class='ocrx_word' id='word_1_394' title='bbox 937 2371 1064 2410; x_wconf 88' lang='lat' dir='ltr'>audio</span> <span class='ocrx_word' id='word_1_395' title='bbox 1080 2376 1248 2422; x_wconf 89' lang='lat' dir='ltr'>praeter</span> <span class='ocrx_word' id='word_1_396' title='bbox 1270 2372 1579 2422; x_wconf 77' lang='lat' dir='ltr'>querimonias3</span> <span class='ocrx_word' id='word_1_397' title='bbox 1607 2370 1825 2409; x_wconf 88' lang='lat' dir='ltr'>consilium</span> 
     </span>
     <span class='ocr_line' id='line_1_42' title="bbox 221 2424 1825 2478; baseline -0.002 -13"><span class='ocrx_word' id='word_1_398' title='bbox 221 2430 413 2478; x_wconf 87' lang='lat' dir='ltr'>expecto.</span> <span class='ocrx_word' id='word_1_399' title='bbox 464 2427 522 2465; x_wconf 85' lang='lat' dir='ltr'>Et</span> <span class='ocrx_word' id='word_1_400' title='bbox 546 2427 648 2465; x_wconf 92' lang='grc'><strong>11300</strong></span> <span class='ocrx_word' id='word_1_401' title='bbox 674 2439 784 2477; x_wconf 90' lang='lat' dir='ltr'>quae</span> <span class='ocrx_word' id='word_1_402' title='bbox 808 2426 1015 2464; x_wconf 88' lang='lat' dir='ltr'>hactenus</span> <span class='ocrx_word' id='word_1_403' title='bbox 1035 2425 1136 2472; x_wconf 80' lang='lat' dir='ltr'>dixi,</span> <span class='ocrx_word' id='word_1_404' title='bbox 1159 2426 1319 2464; x_wconf 87' lang='lat' dir='ltr'>consilii</span> <span class='ocrx_word' id='word_1_405' title='bbox 1344 2438 1442 2476; x_wconf 90' lang='lat' dir='ltr'>pars</span> <span class='ocrx_word' id='word_1_406' title='bbox 1467 2430 1544 2463; x_wconf 90' lang='lat' dir='ltr'>est.</span> <span class='ocrx_word' id='word_1_407' title='bbox 1603 2424 1825 2464; x_wconf 84' lang='lat' dir='ltr'>Caeterum</span> 
     </span>
     <span class='ocr_line' id='line_1_43' title="bbox 223 2479 1826 2532; baseline -0.002 -13"><span class='ocrx_word' id='word_1_408' title='bbox 223 2485 272 2519; x_wconf 83' lang='lat' dir='ltr'>vt</span> <span class='ocrx_word' id='word_1_409' title='bbox 288 2480 519 2532; x_wconf 81' lang='lat' dir='ltr'>aggrediar,</span> <span class='ocrx_word' id='word_1_410' title='bbox 538 2480 662 2519; x_wconf 87' lang='lat' dir='ltr'>video</span> <span class='ocrx_word' id='word_1_411' title='bbox 680 2480 825 2519; x_wconf 90' lang='lat' dir='ltr'>multis</span> <span class='ocrx_word' id='word_1_412' title='bbox 841 2480 1006 2531; x_wconf 87' lang='lat' dir='ltr'>placere</span> <span class='ocrx_word' id='word_1_413' title='bbox 1023 2484 1072 2518; x_wconf 85' lang='lat' dir='ltr'>vt</span> <span class='ocrx_word' id='word_1_414' title='bbox 1088 2480 1248 2519; x_wconf 90' lang='lat' dir='ltr'>malum</span> <span class='ocrx_word' id='word_1_415' title='bbox 1265 2480 1344 2518; x_wconf 91' lang='lat' dir='ltr'>hoc</span> <span class='ocrx_word' id='word_1_416' title='bbox 1361 2484 1534 2518; x_wconf 87' lang='lat' dir='ltr'>sanetur</span> <span class='ocrx_word' id='word_1_417' title='bbox 1550 2479 1801 2517; x_wconf 85' lang='lat' dir='ltr'>austeritate</span> <span class='ocrx_word' id='word_1_418' title='bbox 1818 2492 1826 2524; x_wconf 89' lang='grc'>;</span> 
     </span>
    </p>

    <p class='ocr_par' dir='ltr' id='par_1_13' title="bbox 144 2532 1827 2802">
     <span class='ocr_line' id='line_1_44' title="bbox 144 2532 1827 2581; baseline 0 -11"><span class='ocrx_word' id='word_1_419' title='bbox 144 2549 206 2581; x_wconf 85' lang='grc'>150</span> <span class='ocrx_word' id='word_1_420' title='bbox 222 2535 295 2574; x_wconf 91' lang='lat' dir='ltr'>sed</span> <span class='ocrx_word' id='word_1_421' title='bbox 326 2548 473 2574; x_wconf 86' lang='lat' dir='ltr'>Vereor</span> <span class='ocrx_word' id='word_1_422' title='bbox 503 2548 556 2574; x_wconf 91' lang='lat' dir='ltr'>ne</span> <span class='ocrx_word' id='word_1_423' title='bbox 586 2548 726 2574; x_wconf 89' lang='lat' dir='ltr'>rerum</span> <span class='ocrx_word' id='word_1_424' title='bbox 764 2535 904 2573; x_wconf 86' lang='lat' dir='ltr'>exitus</span> <span class='ocrx_word' id='word_1_425' title='bbox 935 2534 1088 2573; x_wconf 88' lang='lat' dir='ltr'>doceat</span> <span class='ocrx_word' id='word_1_426' title='bbox 1125 2534 1224 2573; x_wconf 88' lang='lat' dir='ltr'>olim</span> <span class='ocrx_word' id='word_1_427' title='bbox 1261 2535 1339 2572; x_wconf 90' lang='grc'><strong>1100</strong></span> <span class='ocrx_word' id='word_1_428' title='bbox 1375 2533 1662 2572; x_wconf 86' lang='lat' dir='ltr'>inconsultum</span> <span class='ocrx_word' id='word_1_429' title='bbox 1698 2532 1827 2571; x_wconf 78' lang='lat' dir='ltr'>fuisse</span> 
     </span>
     <span class='ocr_line' id='line_1_45' title="bbox 222 2588 1826 2640; baseline -0.001 -13"><span class='ocrx_word' id='word_1_430' title='bbox 222 2589 456 2628; x_wconf 87' lang='lat' dir='ltr'>consilium.</span> <span class='ocrx_word' id='word_1_431' title='bbox 507 2589 610 2627; x_wconf 89' lang='lat' dir='ltr'>Plus</span> <span class='ocrx_word' id='word_1_432' title='bbox 634 2589 746 2628; x_wconf 85' lang='lat' dir='ltr'>enim</span> <span class='ocrx_word' id='word_1_433' title='bbox 771 2589 896 2627; x_wconf 72' lang='lat' dir='ltr'>video</span> <span class='ocrx_word' id='word_1_434' title='bbox 921 2589 1095 2640; x_wconf 89' lang='lat' dir='ltr'>periculi</span> <span class='ocrx_word' id='word_1_435' title='bbox 1120 2602 1250 2640; x_wconf 90' lang='lat' dir='ltr'>quam</span> <span class='ocrx_word' id='word_1_436' title='bbox 1276 2588 1441 2634; x_wconf 88' lang='lat' dir='ltr'>vellem,</span> <span class='ocrx_word' id='word_1_437' title='bbox 1468 2601 1521 2626; x_wconf 91' lang='lat' dir='ltr'>ne</span> <span class='ocrx_word' id='word_1_438' title='bbox 1545 2600 1610 2626; x_wconf 89' lang='lat' dir='ltr'>res</span> <span class='ocrx_word' id='word_1_439' title='bbox 1635 2591 1760 2626; x_wconf 81' lang='lat' dir='ltr'>exeat</span> <span class='ocrx_word' id='word_1_440' title='bbox 1783 2588 1826 2625; x_wconf 90' lang='lat' dir='ltr'>in</span> 
     </span>
     <span class='ocr_line' id='line_1_46' title="bbox 221 2641 1827 2694; baseline -0.001 -12"><span class='ocrx_word' id='word_1_441' title='bbox 221 2648 409 2683; x_wconf 89' lang='lat' dir='ltr'>atrocem</span> <span class='ocrx_word' id='word_1_442' title='bbox 444 2643 629 2682; x_wconf 86' lang='lat' dir='ltr'>caedem.</span> <span class='ocrx_word' id='word_1_443' title='bbox 693 2643 792 2682; x_wconf 91' lang='lat' dir='ltr'>Non</span> <span class='ocrx_word' id='word_1_444' title='bbox 825 2644 911 2682; x_wconf 91' lang='lat' dir='ltr'>iam</span> <span class='ocrx_word' id='word_1_445' title='bbox 947 2643 1119 2694; x_wconf 87' lang='lat' dir='ltr'>disputo</span> <span class='ocrx_word' id='word_1_446' title='bbox 1154 2643 1258 2694; x_wconf 90' lang='lat' dir='ltr'>quid</span> <span class='ocrx_word' id='word_1_447' title='bbox 1292 2644 1384 2682; x_wconf 89' lang='lat' dir='ltr'>istis</span> <span class='ocrx_word' id='word_1_448' title='bbox 1419 2642 1594 2693; x_wconf 83' lang='lat' dir='ltr'>dignum</span> <span class='ocrx_word' id='word_1_449' title='bbox 1634 2645 1712 2688; x_wconf 87' lang='lat' dir='ltr'>est,</span> <span class='ocrx_word' id='word_1_450' title='bbox 1754 2641 1827 2680; x_wconf 86' lang='lat' dir='ltr'>sed</span> 
     </span>
     <span class='ocr_line' id='line_1_47' title="bbox 221 2695 1826 2749; baseline -0.002 -13"><span class='ocrx_word' id='word_1_451' title='bbox 221 2697 325 2748; x_wconf 91' lang='lat' dir='ltr'>quid</span> <span class='ocrx_word' id='word_1_452' title='bbox 356 2697 558 2748; x_wconf 84' lang='lat' dir='ltr'>expediat</span> <span class='ocrx_word' id='word_1_453' title='bbox 594 2697 898 2748; x_wconf 82' lang='lat' dir='ltr'>tranquillitati</span> <span class='ocrx_word' id='word_1_454' title='bbox 926 2698 1133 2749; x_wconf 88' lang='lat' dir='ltr'>publicae.</span> <span class='ocrx_word' id='word_1_455' title='bbox 1191 2697 1339 2736; x_wconf 89' lang='lat' dir='ltr'>Latius</span> <span class='ocrx_word' id='word_1_456' title='bbox 1372 2697 1524 2747; x_wconf 85' lang='lat' dir='ltr'>serpsit</span> <span class='ocrx_word' id='word_1_457' title='bbox 1556 2696 1635 2735; x_wconf 92' lang='lat' dir='ltr'>hoc</span> <span class='ocrx_word' id='word_1_458' title='bbox 1667 2695 1826 2734; x_wconf 90' lang='lat' dir='ltr'>malum</span> 
     </span>
     <span class='ocr_line' id='line_1_48' title="bbox 221 2750 1825 2802; baseline -0.001 -12"><span class='ocrx_word' id='word_1_459' title='bbox 221 2764 351 2802; x_wconf 89' lang='lat' dir='ltr'>quam</span> <span class='ocrx_word' id='word_1_460' title='bbox 393 2756 443 2791; x_wconf 86' lang='lat' dir='ltr'>vt</span> <span class='ocrx_word' id='word_1_461' title='bbox 475 2753 661 2791; x_wconf 89' lang='lat' dir='ltr'>sectione</span> <span class='ocrx_word' id='word_1_462' title='bbox 700 2756 777 2790; x_wconf 89' lang='lat' dir='ltr'>aut</span> <span class='ocrx_word' id='word_1_463' title='bbox 817 2753 983 2790; x_wconf 79' lang='lat' dir='ltr'>vstione</span> <span class='ocrx_word' id='word_1_464' title='bbox 1023 2751 1262 2790; x_wconf 89' lang='lat' dir='ltr'>sanandum</span> <span class='ocrx_word' id='word_1_465' title='bbox 1301 2752 1369 2790; x_wconf 87' lang='lat' dir='ltr'>sit.</span> <span class='ocrx_word' id='word_1_466' title='bbox 1428 2751 1597 2797; x_wconf 82' lang='lat' dir='ltr'>Fateor,</span> <span class='ocrx_word' id='word_1_467' title='bbox 1629 2751 1686 2789; x_wconf 87' lang='lat' dir='ltr'>sic</span> <span class='ocrx_word' id='word_1_468' title='bbox 1726 2750 1825 2788; x_wconf 92' lang='lat' dir='ltr'>olim</span> 
     </span>
    </p>

    <p class='ocr_par' dir='ltr' id='par_1_14' title="bbox 144 2782 1825 2911">
     <span class='ocr_line' id='line_1_49' title="bbox 144 2782 1825 2868; baseline -0.001 -25"><span class='ocrx_word' id='word_1_469' title='bbox 144 2819 200 2852; x_wconf 83' lang='lat'>155</span> <span class='ocrx_word' id='word_1_470' title='bbox 221 2805 337 2856; x_wconf 89' lang='lat' dir='ltr'>apud</span> <span class='ocrx_word' id='word_1_471' title='bbox 366 2806 525 2857; x_wconf 85' lang='lat' dir='ltr'>Anglos</span> <span class='ocrx_word' id='word_1_472' title='bbox 554 2819 699 2868; x_wconf 83' lang='lat' dir='ltr'>regum</span> <span class='ocrx_word' id='word_1_473' title='bbox 730 2807 925 2857; x_wconf 86' lang='lat' dir='ltr'>potentia</span> <span class='ocrx_word' id='word_1_474' title='bbox 961 2819 1162 2857; x_wconf 88' lang='lat' dir='ltr'>oppressa</span> <span class='ocrx_word' id='word_1_475' title='bbox 1198 2811 1263 2845; x_wconf 87' lang='lat' dir='ltr'>est</span> <span class='ocrx_word' id='word_1_476' title='bbox 1295 2805 1426 2844; x_wconf 79' lang='lat' dir='ltr'>factio</span> <span class='ocrx_word' id='word_1_477' title='bbox 1461 2782 1825 2865; x_wconf 76' lang='lat' dir='ltr'>Vuycleuitarum,</span> 
     </span>
     <span class='ocr_line' id='line_1_50' title="bbox 221 2859 1825 2911; baseline -0.002 -13"><span class='ocrx_word' id='word_1_478' title='bbox 221 2859 295 2898; x_wconf 87' lang='lat' dir='ltr'>sed</span> <span class='ocrx_word' id='word_1_479' title='bbox 327 2873 527 2911; x_wconf 87' lang='lat' dir='ltr'>oppressa</span> <span class='ocrx_word' id='word_1_480' title='bbox 558 2861 699 2899; x_wconf 86' lang='lat' dir='ltr'>verius</span> <span class='ocrx_word' id='word_1_481' title='bbox 730 2873 860 2911; x_wconf 89' lang='lat' dir='ltr'>quam</span> <span class='ocrx_word' id='word_1_482' title='bbox 894 2861 1098 2899; x_wconf 85' lang='lat' dir='ltr'>extincta.</span> <span class='ocrx_word' id='word_1_483' title='bbox 1160 2861 1218 2899; x_wconf 88' lang='lat' dir='ltr'>Et</span> <span class='ocrx_word' id='word_1_484' title='bbox 1250 2865 1396 2899; x_wconf 87' lang='lat' dir='ltr'>tamen</span> <span class='ocrx_word' id='word_1_485' title='bbox 1427 2859 1543 2910; x_wconf 90' lang='lat' dir='ltr'>quod</span> <span class='ocrx_word' id='word_1_486' title='bbox 1575 2864 1668 2897; x_wconf 87' lang='lat' dir='ltr'>tum</span> <span class='ocrx_word' id='word_1_487' title='bbox 1701 2859 1745 2896; x_wconf 91' lang='lat' dir='ltr'>in</span> <span class='ocrx_word' id='word_1_488' title='bbox 1776 2870 1825 2896; x_wconf 87' lang='lat' dir='ltr'>eo</span> 
     </span>
    </p>
   </div>
   <div class='ocr_carea' id='block_1_3' title="bbox 223 2950 1822 3081">
    <p class='ocr_par' dir='ltr' id='par_1_15' title="bbox 223 2950 1811 3081">
     <span class='ocr_line' id='line_1_51' title="bbox 270 2950 1490 2994; baseline -0.001 -12"><span class='ocrx_word' id='word_1_489' title='bbox 270 2961 340 2992; x_wconf 88' lang='lat'>113.</span> <span class='ocrx_word' id='word_1_490' title='bbox 367 2950 458 2988; x_wconf 87' lang='lat' dir='ltr'>mus]</span> <span class='ocrx_word' id='word_1_491' title='bbox 483 2951 531 2983; x_wconf 84' lang='lat' dir='ltr'>Cf.</span> <span class='ocrx_word' id='word_1_492' title='bbox 558 2951 649 2993; x_wconf 84' lang='lat' dir='ltr'>Epp.</span> <span class='ocrx_word' id='word_1_493' title='bbox 674 2954 749 2991; x_wconf 79' lang='lat'>256.</span> <span class='ocrx_word' id='word_1_494' title='bbox 774 2960 873 2992; x_wconf 75' lang='lat'>54—5,</span> <span class='ocrx_word' id='word_1_495' title='bbox 895 2961 990 2992; x_wconf 81' lang='lat'>1347.</span> <span class='ocrx_word' id='word_1_496' title='bbox 1085 2951 1229 2994; x_wconf 86' lang='lat'>7‚.1408</span> <span class='ocrx_word' id='word_1_497' title='bbox 1248 2960 1302 2991; x_wconf 82' lang='lat'>25,</span> <span class='ocrx_word' id='word_1_498' title='bbox 1323 2960 1490 2992; x_wconf 86' lang='lat'>1417.14.</span> 
     </span>
     <span class='ocr_line' id='line_1_52' title="bbox 223 2993 1822 3036; baseline 0 -11"><span class='ocrx_word' id='word_1_499' title='bbox 223 3001 344 3033; x_wconf 86' lang='lat'>320-1.</span> <span class='ocrx_word' id='word_1_500' title='bbox 1107 3004 1178 3036; x_wconf 84' lang='lat'>155</span> <span class='ocrx_word' id='word_1_501' title='bbox 1207 2994 1510 3036; x_wconf 81' lang='lat' dir='ltr'>Vuycleuitarum]</span> <span class='ocrx_word' id='word_1_502' title='bbox 1541 2993 1591 3026; x_wconf 83' lang='lat' dir='ltr'>of.</span> <span class='ocrx_word' id='word_1_503' title='bbox 1626 2993 1715 3035; x_wconf 89' lang='lat' dir='ltr'>Epp.</span> <span class='ocrx_word' id='word_1_504' title='bbox 1749 2995 1822 3034; x_wconf 85' lang='lat'>843</span> 
     </span>
     <span class='ocr_line' id='line_1_53' title="bbox 269 3037 1392 3081; baseline -0.001 -11"><span class='ocrx_word' id='word_1_505' title='bbox 269 3048 339 3080; x_wconf 86' lang='lat'>114.</span> <span class='ocrx_word' id='word_1_506' title='bbox 367 3037 500 3069; x_wconf 60' lang='grc'><strong>(111-,31111</strong></span> <span class='ocrx_word' id='word_1_507' title='bbox 513 3037 702 3077; x_wconf 82' lang='lat' dir='ltr'>Lutherus]</span> <span class='ocrx_word' id='word_1_508' title='bbox 719 3038 769 3070; x_wconf 81' lang='lat' dir='ltr'>Cf.</span> <span class='ocrx_word' id='word_1_509' title='bbox 785 3038 876 3079; x_wconf 88' lang='lat' dir='ltr'>Epp.</span> <span class='ocrx_word' id='word_1_510' title='bbox 895 3048 988 3081; x_wconf 87' lang='lat'>1397.</span> <span class='ocrx_word' id='word_1_511' title='bbox 1060 3046 1180 3077; x_wconf 85' lang='lat'>323—4,</span> <span class='ocrx_word' id='word_1_512' title='bbox 1202 3040 1294 3079; x_wconf 87' lang='lat'>1367.</span> <span class='ocrx_word' id='word_1_513' title='bbox 1315 3039 1392 3079; x_wconf 85' lang='lat' dir='ltr'>76n.</span> 
     </span>
    </p>
   </div>
  </div>
 </body>
</html>
