2012 3370
262 115 341 153 242
730 114 986 154 LETTERS
1016 114 1089 154 OF
1119 113 1383 153 ERASMUS
1733 115 1856 165 [1523

260 224 326 263 Ibi
348 238 399 263 cx
422 224 517 263 filiis
539 224 717 275 cognoui
739 236 871 274 quum
894 224 979 261 iam
1002 223 1274 262 decumberet
1298 225 1413 272 (nam
1437 224 1551 261 senio
1574 224 1700 274 periit
1721 225 1860 263 verius

180 292 239 326 135
259 292 389 331 quam
409 279 588 326 morbo),
610 282 812 328 cognatos
832 277 946 328 apud
966 278 1105 328 ipsum
1125 283 1373 328 pernoctare
1393 278 1585 316 volentes
1602 278 1726 317 iussit
1745 279 1860 317 abire

261 334 482 373 cubitum:
536 332 706 371 ‘Nihil’
740 332 894 383 inquit,
932 332 940 347 ‘
959 345 1066 383 opus
1099 345 1194 371 mea
1225 345 1353 371 causa
1385 333 1553 384 grauari
1585 345 1845 383 quenquam;

260 388 383 427 facile
403 387 469 426 vel
490 387 603 425 solus
627 387 794 433 moria-r,
819 387 1018 425 nimirum
1043 390 1218 438 paratus
1241 387 1583 438 quandocunque
1607 399 1674 425 me
1697 388 1861 426 vocarit

263 443 375 481 Deus
396 441 419 480 ’.
471 441 505 480 O
528 454 674 480 vocem
698 454 795 479 vcrc
816 440 1054 480 Christiano
1076 441 1247 492 dignam
1267 442 1273 480 !

317 496 457 543 Quum
479 508 645 547 agerem
668 495 843 541 Romae,
866 495 1100 534 narrabant
1122 496 1332 535 Saxonem
1354 495 1568 547 quendam
1591 508 1688 534 cum
1710 495 1860 534 sodali·

183 565 243 595 140
263 551 340 589 bus
374 551 538 601 aliquot
569 563 618 588 eo
651 550 862 601 religionis
894 551 1032 601 gratia
1064 551 1254 589 venisse·
1248 582 1256 597 ,
1305 563 1523 601 quumque
1556 550 1803 589 surrexisset
1837 562 1862 588 a

262 605 589 656 poenitentiario
620 604 735 655 apud
764 617 891 655 quem
922 609 1228 644 exonerauerat
1257 605 1559 644 conscientiam
1597 617 1732 650 suam,
1768 617 1861 655 pro-

262 660 411 698 cubuit
436 659 612 710 genibus
632 658 751 697 flexis
775 663 875 698 ante
897 659 1030 698 altare
1050 659 1281 710 quoddam,
1304 660 1361 698 sic
1382 660 1567 698 innitens
1589 659 1765 709 scipioni
1786 671 1861 697 suo

262 718 306 753 et
335 713 558 765 complosis
588 713 785 752 manibus
815 726 952 752 orans
1011 713 1150 752 Huius
1184 714 1347 753 sodales
1381 726 1515 765 quum
1544 713 1704 752 Vellent
1733 713 1861 759 abire,

262 769 471 807 mirantur
491 768 595 819 quid
613 768 682 806 ille
702 772 793 806 tam
815 767 887 806 diu
909 772 1145 807 moraretur
1164 769 1208 806 in
1228 768 1435 819 precibus.
1486 767 1626 815 Quum
1647 767 1715 806 ille
1735 766 1862 806 finem

183 836 239 868 145
262 836 348 861 non
374 822 545 869 faceret,
574 822 775 861 vellicant
802 822 1015 861 hominem
1045 822 1322 861 admonentes
1349 836 1439 861 esse
1465 827 1635 873 tempus
1663 821 1862 867 abeundi,

263 881 307 915 et
341 878 558 928 reperiunt
593 881 811 915 mortuum
846 876 921 915 sed
956 889 1127 927 prorsus
1163 878 1302 916 oranti
1338 877 1530 915 similem.
1595 876 1784 915 Narrant
1819 880 1863 914 et

264 932 427 983 physici
457 931 645 970 subitam
671 944 719 970 ac
745 930 1041 970 vehementem
1067 931 1246 969 affectus
1272 932 1555 970 mutationem
1581 944 1728 982 parere
1753 943 1862 969 mor-

263 991 376 1025 tem:
413 986 529 1037 quod
563 985 708 1024 ferunt
742 998 822 1023 vsu
858 986 1022 1023 venisse
1058 985 1234 1031 mulieri,
1267 987 1334 1024 cui
1369 987 1576 1024 moerenti
1605 985 1721 1036 quod
1755 984 1862 1023 falso

263 1053 430 1079 rumore
451 1052 699 1090 persuasum
721 1043 831 1078 esset
851 1039 985 1077 filium
1006 1040 1050 1078 in
1071 1039 1180 1078 bello
1201 1041 1370 1090 perisse,
1393 1041 1661 1091 repentinam
1681 1043 1862 1078 mortem

184 1108 246 1140 150
263 1095 413 1133 attulit
432 1094 542 1132 filius
562 1098 730 1145 praeter
749 1095 1091 1144 expectationem
1111 1094 1255 1132 saluus
1274 1095 1484 1146 ingressus
1504 1094 1692 1133 domum.
1742 1093 1862 1132 Idem

263 1149 434 1187 videtur
466 1149 563 1187 huic
597 1148 810 1186 accidisse.
874 1148 1165 1187 Praecesserat
1196 1150 1344 1200 ingens
1377 1149 1497 1187 dolor
1530 1149 1582 1187 de
1615 1149 1862 1187 commissis,

264 1203 531 1243 Successerat
562 1204 709 1253 ingens
742 1202 946 1253 gaudium
978 1216 1031 1241 ex
1064 1203 1343 1242 absolutionis
1375 1202 1543 1242 fiducia.
1606 1203 1718 1242 Hinc
1752 1215 1864 1241 mors

263 1258 500 1297 subitanea.
526 1257 534 1272 ‘
552 1257 747 1296 Mortuus
767 1261 832 1296 est
856 1257 1093 1308 'inquiunt,
1119 1257 1127 1272 ‘
1147 1259 1235 1296 sine
1254 1258 1342 1304 lux,
1364 1259 1451 1296 sine
1473 1271 1589 1304 crux,
1611 1259 1699 1297 sine
1719 1256 1863 1296 Deus.'

263 1312 322 1351 At
341 1313 435 1363 quis
455 1325 549 1350 eam
569 1316 750 1350 mortem
770 1325 857 1350 non
876 1316 1046 1362 optaret
1066 1316 1116 1350 vt
1134 1312 1257 1363 longe
1275 1312 1590 1351 felicissimam?

186 1380 242 1412 135
317 1366 493 1405 Nullum
523 1366 827 1417 Apostolorum
857 1371 933 1405 aut
963 1371 1157 1405 Veterum
1186 1367 1354 1405 illorum
1385 1380 1491 1418 quos
1521 1366 1712 1406 Christus
1742 1366 1864 1404 vnice

264 1421 412 1461 charos
435 1421 599 1466 habuit,
625 1420 802 1471 legimus
824 1422 980 1471 perisse
1003 1421 1164 1467 morbo,
1191 1421 1263 1460 sed
1287 1434 1432 1460 omnes
1454 1421 1582 1460 fuisse
1605 1423 1864 1470 βιοθαῃὶτους,

265 1475 628 1527 quemadmodum
664 1474 749 1513 fuit
784 1476 874 1525 ipse
912 1475 1121 1514 Dominus
1159 1475 1331 1514 Cristus.
1399 1476 1541 1527 Atque
1579 1489 1655 1526 ego
1692 1475 1864 1526 quidem

263 1530 447 1569 arbitror
469 1529 549 1568 hoc
572 1530 721 1567 mortis
745 1542 875 1580 genus
899 1530 1041 1580 magni
1065 1531 1250 1568 muneris
1272 1530 1364 1569 loco
1387 1530 1468 1569 illis
1491 1530 1699 1569 donatum
1722 1529 1867 1568 fuisse.

263 1585 375 1623 Tota
404 1585 495 1623 vita
523 1583 851 1634 impendebatur
881 1583 1126 1634 Euangelio,
1159 1597 1270 1623 mors
1299 1586 1391 1635 ipsa
1419 1585 1649 1635 plurimum
1678 1584 1867 1623 habebat

186 1645 248 1674 160
265 1639 420 1690 gloriae
441 1639 749 1688 minimumque
770 1639 996 1676 cruciatus.
1052 1638 1164 1685 Quid
1189 1640 1302 1677 enim
1327 1640 1527 1690 martyris
1552 1643 1689 1678 morte
1714 1639 1867 1677 laetius

267 1694 461 1732 minusue
490 1693 771 1731 luctuosum?
831 1692 940 1731 Tum
971 1706 1101 1743 quam
1132 1693 1257 1732 multi
1287 1693 1423 1732 morbi
1454 1698 1555 1732 sunt
1584 1694 1657 1744 qui
1687 1694 1867 1731 vincunt

267 1749 419 1798 virgas,
445 1747 638 1798 vngulas,
667 1760 831 1785 secures
857 1751 902 1785 et
931 1748 1096 1786 cruces!
1158 1747 1272 1794 Quot
1301 1749 1423 1786 annis
1452 1748 1610 1787 multos
1640 1747 1868 1786 discruciat

266 1802 468 1853 podagra,
493 1806 601 1853 quot
623 1802 854 1840 excoria-tio
877 1814 1026 1840 renum
1051 1815 1099 1840 ac
1123 1803 1300 1849 vesicae,
1326 1807 1432 1853 quot
1456 1802 1654 1849 calculus,
1680 1801 1867 1841 carnifex

268 1870 386 1896 meus
403 1857 409 1895 !
453 1856 689 1903 Quaecrux
705 1855 960 1894 conferenda
981 1860 1046 1895 est
1067 1869 1163 1895 cum
1184 1857 1431 1907 pleuretidis
1453 1858 1643 1895 cruciatu
1661 1859 1676 1894 ⁴?
1722 1856 1865 1907 Leges.

189 1917 244 1956 165
267 1924 401 1962 quum
431 1912 616 1949 maxime
646 1911 856 1956 saeuiunt,
888 1911 1101 1950 dissecant
1124 1912 1273 1950 viuum
1302 1913 1346 1950 in
1370 1920 1428 1961 40¹
1452 1916 1596 1962 partes
1619 1912 1867 1962 priusquam

268 1967 487 2016 attingant
509 1965 671 2003 vitalia.
724 1965 783 2003 At
806 1978 882 2016 ego
906 1965 1154 2004 crediderim
1177 1967 1318 2004 minus
1340 1979 1560 2005 sensurum
1584 1967 1808 2011 cruciatus,
1834 1966 1868 2003 si

269 2021 335 2058 cui
365 2019 638 2058 membratim
669 2032 820 2070 corpus
850 2019 1093 2067 dissecetur,
1126 2033 1256 2071 quam
1287 2022 1361 2071 qui
1390 2021 1521 2059 sentit
1551 2020 1759 2059 calculum
1789 2019 1868 2058 sub

267 2075 363 2112 imis
397 2075 525 2112 costis
559 2086 607 2112 ac
642 2075 752 2111 circa
785 2086 991 2112 venarum
1026 2087 1132 2125 quas
1166 2076 1415 2113 meseraicas
1449 2075 1668 2126 appellant
1701 2073 1866 2120 medici,

267 2129 486 2179 angustias
517 2128 790 2166 saeuientem.
853 2127 1107 2179 Quanquam
1139 2129 1291 2168 medici
1322 2134 1486 2168 veteres
1516 2131 1627 2168 inter
1657 2134 1869 2168 extremos

190 2194 251 2227 170
268 2183 493 2229 cruciatus,
524 2183 597 2232 qui
625 2181 813 2220 subitam
842 2187 1023 2221 mortem
1052 2183 1264 2230 adferunt,
1296 2184 1455 2234 primas
1482 2184 1681 2222 tribuunt
1709 2182 1869 2222 calculo

270 2238 433 2275 vesicae
450 2251 457 2274 :
491 2237 563 2286 qui
582 2235 775 2274 fortassis
795 2236 875 2274 hoc
896 2241 960 2275 est
981 2237 1181 2283 acerbior,
1205 2238 1321 2288 quod
1340 2237 1426 2276 fere
1453 2239 1509 2276 sit
1532 2237 1867 2283 immedicabiIiS,

268 2292 348 2329 nisi
364 2291 468 2330 Velis
483 2290 716 2329 remedium
733 2294 869 2329 morte
886 2291 1107 2337 crudelius,
1126 2296 1256 2342 atque
1271 2293 1409 2343 ipsam
1424 2292 1658 2343 plerunque
1674 2296 1871 2330 mortem.

270 2345 391 2385 Certe
428 2346 526 2383 huic
563 2346 804 2395 proximum
842 2345 1002 2383 malum
1040 2350 1105 2384 est
1141 2359 1289 2384 renum
1327 2346 1525 2392 calculus,
1562 2359 1695 2397 quum
1732 2347 1869 2384 saeuit

270 2400 473 2439 acerbius.
513 2399 581 2438 Me
597 2412 697 2437 vero
717 2404 808 2437 tam
823 2399 1003 2438 subinde
1023 2401 1179 2450 repetit
1198 2405 1374 2451 tamque
1399 2401 1639 2451 capitaliter
1663 2400 1867 2445 adoritur,

189 2464 247 2498 175
269 2459 318 2493 vt
337 2455 371 2493 si
390 2455 484 2505 quis
504 2453 596 2492 odit
615 2453 853 2500 Erasmum,
875 2455 1026 2492 merito
1044 2455 1130 2492 iam
1148 2455 1344 2493 inimicus
1363 2467 1451 2493 esse
1469 2454 1649 2501 desinat,
1670 2455 1871 2492 nimirum

316 2548 388 2586 136.
415 2551 616 2584 quenquam
633 2542 770 2582 grauari
787 2545 820 2576 β.
908 2554 979 2586 137.
1006 2542 1135 2574 morior
1153 2543 1198 2574 N.
1282 2555 1352 2587 142.
1379 2547 1462 2574 ante
1480 2557 1499 2574 o.
1515 2556 1522 2575 :
1556 2543 1601 2574 ad
1617 2546 1649 2578 Β.
1738 2555 1808 2586 143.
1835 2548 1869 2574 et

271 2599 334 2619 om.
455 2589 524 2628 148.
553 2586 776 2620 moerentifi:
802 2588 949 2617 merenti
967 2599 996 2617 a.
1072 2591 1142 2629 156.
1170 2586 1292 2619 morbo
1304 2587 1431 2628 perisse
1445 2591 1478 2621 β.
1525 2590 1567 2622 β;
1594 2586 1820 2618 biothanatos
1839 2602 1869 2618 ιι.

274 2643 344 2675 157.
372 2630 506 2662 Cristus
523 2639 585 2661 om.
605 2632 638 2663 Β.
813 2631 883 2672 158.
912 2643 931 2660 α
948 2630 1002 2662 H:
1028 2632 1204 2673 nusmeris
1222 2634 1255 2666 Β.
1419 2635 1490 2664 162.
1518 2644 1536 2660 α
1554 2632 1612 2663 N:
1634 2631 1819 2663 discrutiat
1835 2634 1868 2665 β.

274 2679 344 2717 163.
372 2683 469 2705 meus
486 2672 641 2704 carnifex
658 2675 940 2714 13.169.
967 2677 988 2709 β
1005 2686 1012 2705 :
1043 2675 1225 2716 angustius
1241 2687 1272 2706 α.
1445 2684 1516 2718 170.
1543 2687 1562 2705 α
1583 2675 1634 2707 H:
1660 2674 1819 2707 tribuant
1835 2678 1868 2709 β.

275 2730 312 2762 17
308 2729 346 2751 2.
373 2721 502 2758 atque.
549 2719 727 2747 ,mortem
743 2717 818 2749 add.
838 2720 871 2751 β.
1012 2729 1084 2762 175.
1111 2718 1249 2749 desinat
1263 2732 1281 2749 α
1297 2730 1305 2750 :
1331 2717 1485 2750 desinere
1498 2718 1626 2750 debeat
1638 2718 1683 2749 H.

273 2816 423 2856 through
445 2825 489 2846 on
509 2815 562 2846 his
582 2818 702 2846 retum
723 2818 760 2846 to
781 2815 882 2846 Basle
901 2816 937 2847 in
957 2816 1040 2857 May
1104 2817 1139 2849 of
1153 2817 1224 2849 this
1236 2818 1273 2849 in
1286 2828 1357 2859 any
1371 2817 1471 2849 other
1483 2828 1613 2849 source.

278 2868 358 2899 1515
378 2859 458 2899 (Ep.
477 2868 541 2899 337
556 2858 726 2897 introd.);
761 2859 831 2890 and
852 2869 922 2890 was
943 2859 1040 2891 there
1154 2872 1224 2902 153.
1251 2862 1325 2892 sine
1342 2860 1418 2900 lux]
1437 2861 1486 2893 Cf.
1508 2861 1573 2902 Ep.
1593 2870 1667 2901 950.
1689 2870 1742 2898 29.

275 2902 329 2933 for
346 2911 440 2932 some
459 2902 546 2942 days
563 2903 599 2932 in
618 2901 735 2932 March
759 2911 843 2942 1519
862 2903 941 2944 (Ep.
962 2906 1041 2944 927)
1153 2908 1224 2945 156.
1250 2904 1472 2942 Bir10avdrov5]
1499 2904 1529 2935 A
1551 2907 1693 2945 corrupt
1717 2904 1807 2935 form
1838 2905 1871 2935 of

276 2944 347 2976 and
364 2945 467 2985 again
484 2945 520 2975 in
539 2944 657 2976 March
680 2954 758 2985 1521
783 2945 862 2986 (Ep.
887 2948 995 2986 1188).
1107 2947 1166 2979 the
1182 2949 1253 2979 late
1273 2948 1367 2979 word
1385 2946 1637 2981 βιαιοθανάτους.

323 2996 393 3026 139.
421 2987 609 3026 Saxonem]
624 2989 639 3019 Ι
653 2992 783 3019 cannot·
798 2989 871 3019 find
888 2991 1045 3021 mention
1158 2995 1228 3032 163.
1254 2990 1502 3033 ealquusLSee
1518 2990 1589 3031 Ep.
1612 2993 1704 3032 1267.
1729 2998 1801 3022 Ion.
