2012 3370
162 145 285 196 1434]
620 141 692 180 TO
721 140 875 179 ‹JOHN
905 139 1288 178 CARONDELET
1671 138 1748 176 425

158 252 303 291 Altera
332 253 526 304 quaesita
555 255 619 290 est
648 255 752 297 arte,
784 250 899 289 nullo
929 250 1018 289 fisci
1047 248 1280 299 dispendio.
1340 247 1420 285 Hic
1452 258 1605 297 magno
1635 244 1748 289 Viuo,

159 308 405 355 praesertim
433 306 487 345 ob
517 305 682 344 crebras
710 305 1034 355 aegrotationes,
1065 314 1311 354 quanquam
1341 305 1384 339 et
1412 300 1569 351 alioqui
1599 311 1749 350 parum

159 360 269 411 frugi
300 360 575 412 pecuniarum
612 358 893 409 dispensator.
962 358 1141 407 Iamque
1174 368 1260 395 non
1293 367 1445 407 parum
1479 354 1586 393 aeris
1625 352 1749 392 alieni

158 415 364 462 contraxi,
385 419 435 454 vt
453 415 488 454 si
510 426 584 466 per
602 412 891 452 valetudinem
912 412 1027 451 abire
1052 412 1209 457 liceret,
1231 422 1305 461 per
1325 409 1551 448 creditores
1571 407 1750 446 fortasse
1769 420 1788 443 2
1794 420 1809 452 5

157 481 243 508 non
270 469 409 508 liceat.
470 468 607 516 Quare
629 467 666 506 si
689 466 779 505 fieri
799 470 955 517 potest,
983 465 1111 505 velim
1137 469 1188 504 vt
1206 464 1304 503 huic
1323 463 1484 502 famulo
1503 465 1750 502 numeretur

157 522 309 562 saltem
328 523 452 562 vnius
471 522 571 561 anni
596 521 754 573 pensio,
782 521 838 559 ad
864 520 1171 559 subleuandam
1196 518 1384 570 inopiam
1411 529 1562 556 meam.
1624 516 1751 555 Mitto

158 576 345 616 Caesaris
371 577 528 623 literas,
558 588 668 627 quae
694 574 808 614 idem
834 574 913 613 hoc
940 575 1132 625 cupiunt.
1190 572 1445 623 Quanquam
1473 584 1563 623 ego,
1591 574 1635 609 et
1655 582 1751 609 cum

157 632 357 681 pensione
376 634 421 670 et
440 631 528 670 sine
548 630 760 682 pensione,
785 628 972 668 Caesaris
998 641 1081 675 ero,
1112 639 1249 678 neque
1278 626 1399 665 vobis
1428 625 1480 664 de
1508 638 1552 664 re
1582 623 1750 663 tantilla

157 685 327 724 futurus
349 697 444 724 sum
464 684 706 736 frequenter
728 683 943 722 molestus.
1772 691 1813 723 30

212 739 306 778 Hoc
324 752 436 778 anno
454 738 598 778 crebro
615 737 800 789 quidem,
821 737 894 776 sed
912 736 1136 787 praecipue
1155 734 1369 774 mensibus
1388 733 1497 772 Iulio
1515 737 1559 772 et
1577 733 1750 772 Decem·

160 792 244 840 bre,
265 794 324 832 sic
343 806 409 832 me
427 792 634 832 tractauit
652 804 770 830 meus
789 791 977 830 carnifex
996 789 1194 836 calculus,
1215 793 1265 828 vt
1284 800 1397 827 mors
1414 787 1543 826 fuerit
1561 788 1606 826 in
1624 787 1750 832 votis,

158 847 250 886 vita
266 848 311 886 in
328 847 633 898 desperatione.
679 845 808 885 Nulla
825 846 937 885 enim
956 858 1067 884 mors
1086 847 1229 895 potest
1246 856 1335 882 esse
1354 841 1513 881 calculo
1532 841 1752 880 crudelior.

159 900 217 939 Et
239 904 385 940 tamen
408 901 488 940 hae
511 900 753 952 tragoediae
777 899 1045 939 Lutheranae
1070 902 1171 937 sunt
1194 897 1298 936 mihi
1320 897 1414 948 ipso
1436 896 1567 935 etiam
1592 894 1752 933 calculo

159 954 431 994 molestiores.
491 954 669 994 Audebo
701 954 817 1005 apud
848 954 1063 993 hominem
1095 953 1279 991 amicum
1311 955 1355 990 et
1384 950 1491 989 illud
1522 948 1750 995 effundere,
1773 962 1811 995 35

158 1009 349 1048 nonnihil
377 1009 579 1048 dissuasit
608 1008 711 1048 mihi
739 1008 924 1047 reditum
954 1020 1151 1059 praesens
1181 1010 1423 1057 temporum
1452 1007 1605 1044 status.
1664 1002 1753 1043 Scis

158 1067 321 1114 quanta
347 1063 450 1102 mihi
474 1063 603 1102 fuerit
627 1062 876 1115 digladiatio
902 1075 999 1101 cum
1024 1061 1231 1112 theologis
1256 1058 1513 1111 quibusdam
1538 1058 1593 1097 ob
1621 1056 1753 1096 bonas

157 1117 300 1156 literas
330 1121 431 1156 ante
462 1117 637 1157 Lutheri
666 1120 875 1156 exortum.
936 1116 994 1155 Et
1022 1116 1108 1155 iam
1138 1114 1303 1167 gladius
1333 1113 1461 1152 datus
1490 1115 1556 1152 est
1585 1111 1753 1150 duobus

158 1171 369 1210 acerrimis
412 1171 620 1211 bonarum
662 1171 881 1210 literarum
923 1170 1127 1216 osoribus,
1173 1168 1330 1208 Hulsto
1373 1171 1417 1206 et
1460 1165 1751 1206 Ecmondano.

158 1225 459 1265 Ecmondanus
488 1225 626 1277 qualis
655 1226 712 1264 sit
740 1229 899 1264 norunt
929 1237 1087 1271 omnes,
1119 1228 1164 1263 et
1192 1235 1323 1274 quam
1353 1221 1498 1261 hostili
1526 1221 1583 1260 sit
1611 1221 1656 1259 in
1686 1233 1752 1259 me
1772 1236 1814 1265 40

157 1280 300 1318 animo
324 1279 470 1319 multis
494 1279 631 1318 modis
655 1279 901 1326 declarauit,
928 1278 1137 1330 hodieque
1161 1277 1362 1316 declarat.
1416 1275 1572 1326 Scripsi
1596 1274 1754 1313 multos

156 1333 284 1373 libros
307 1337 408 1373 ante
429 1334 647 1385 cognitum
670 1333 845 1372 Lutheri
866 1346 1035 1372 nomen.
1086 1332 1146 1371 Et
1166 1335 1310 1371 tamen
1334 1331 1379 1369 in
1400 1330 1465 1369 his
1487 1328 1592 1368 nihil
1614 1328 1753 1367 adhuc

156 1388 380 1426 inuentum
402 1391 468 1426 est
490 1387 606 1438 quod
630 1400 726 1426 cum
751 1387 1004 1426 Lutheranis
1028 1386 1280 1426 consentiat.
1332 1384 1521 1423 Tametsi
1543 1382 1665 1422 facile
1689 1386 1755 1421 est

155 1442 326 1480 inimico
357 1441 578 1493 decerpere
609 1441 725 1492 quod
757 1441 1066 1487 calumnietur3
1115 1443 1160 1479 et
1189 1452 1255 1478 res
1286 1439 1426 1490 agitur
1456 1438 1552 1477 istic
1584 1449 1754 1488 prorsus

156 1495 301 1534 ordine
335 1494 584 1547 theologico.
648 1495 789 1534 Homo
824 1495 891 1534 cui
925 1495 1034 1533 male
1068 1494 1221 1533 volunt
1253 1494 1419 1544 rapitur
1451 1492 1495 1531 in
1530 1503 1752 1530 carcerem.
1772 1506 1813 1538 45

157 1549 224 1589 Ibi
251 1550 363 1589 inter
386 1562 544 1600 paucos
569 1550 818 1601 transigitur
845 1550 1067 1600 negocium
1087 1562 1095 1595 ;
1137 1552 1182 1587 et
1205 1547 1403 1587 innoxius
1427 1546 1557 1585 debet
1580 1544 1755 1596 indigna

156 1604 261 1655 pati,
283 1616 336 1642 ne
356 1603 460 1654 quid
478 1603 561 1643 illis
580 1603 760 1643 decedat
780 1604 1038 1643 autoritatis.
1088 1603 1170 1642 Vbi
1191 1606 1286 1641 tota
1307 1602 1552 1641 aberratum
1578 1603 1644 1639 est
1668 1600 1752 1646 via,

157 1657 344 1697 clamant
366 1658 600 1697 fauendum
622 1659 795 1709 negocio
817 1657 929 1697 fidei.

213 1711 330 1751 Haec
365 1725 431 1751 res
467 1713 641 1751 tametsi
676 1725 763 1751 non
798 1716 971 1751 tantum
1008 1711 1145 1750 valuit
1181 1710 1296 1762 apud
1333 1723 1400 1748 me
1437 1712 1487 1748 vt
1522 1708 1755 1747 deterreret

159 1779 185 1804 a
208 1765 362 1812 reditu,
390 1770 548 1813 tamen,
579 1769 630 1805 vt
656 1766 835 1818 ingenue
863 1765 1017 1812 dicam,
1044 1765 1146 1804 fecit
1176 1766 1315 1803 minus
1344 1763 1525 1802 alacrem
1554 1762 1610 1801 ad
1637 1774 1752 1812 repe·
1775 1778 1814 1810 50

158 1820 333 1859 tendam
366 1820 659 1867 Brabantiam,
695 1821 879 1859 maxime
912 1832 1008 1859 cum
1041 1819 1218 1858 absente
1250 1819 1426 1858 Caesare
1454 1830 1541 1856 non
1570 1815 1754 1855 multum

158 1874 357 1925 praesidii
390 1875 448 1913 sit
480 1875 524 1913 in
560 1874 669 1913 aula.
733 1874 967 1914 Cardinalis
1001 1873 1252 1925 Campegius
1286 1872 1409 1911 adest
1443 1870 1752 1922 Norenbergae,

158 1928 396 1967 destinatus
424 1928 715 1979 componendo
743 1928 987 1968 Lutherano
1013 1927 1200 1967 dissidio.
1257 1927 1324 1966 Me
1350 1927 1436 1965 iam
1463 1925 1596 1964 ternis
1621 1924 1754 1963 literis

159 1983 450 2021 amantissime
489 1983 699 2029 euocauit,
741 1996 892 2022 vsurus
930 1995 1059 2033 opera
1098 1994 1220 2021 mea:
1275 1992 1523 2033 quanquam
1562 1978 1665 2030 quid
1705 1991 1754 2016 ea

159 2036 399 2087 profectura
422 2037 480 2075 sit
502 2037 655 2084 nescio,
680 2037 763 2076 nisi
786 2037 901 2088 quod
924 2036 1049 2076 video
1073 2039 1336 2075 senectutem
1360 2047 1512 2081 meam,
1538 2034 1606 2072 cui
1629 2032 1752 2071 debe·
1775 2049 1812 2081 55

160 2091 287 2130 batur
324 2091 476 2137 ocium,
516 2091 642 2130 obiici
678 2090 798 2130 furiis
835 2095 891 2138 et,
931 2091 1034 2130 dum
1071 2090 1267 2130 omnibus
1306 2088 1549 2128 benefacere
1586 2087 1752 2133 studeo,

160 2145 358 2197 vtrinque
399 2145 592 2196 discerpi.
663 2145 707 2185 Si
748 2149 897 2196 potero
939 2158 1007 2184 me
1048 2158 1248 2184 excusare
1291 2144 1428 2190 Card.‚
1473 2146 1753 2194 posteaquam

159 2198 399 2239 refrixerint
441 2199 708 2251 hypocausta
742 2199 1004 2247 Germanica,
1043 2199 1287 2248 ,aduolabm
1333 2203 1378 2237 et
1421 2198 1456 2236 si
1498 2196 1643 2236 licebit
1686 2196 1754 2234 hic

158 2253 386 2293 dissoluere
414 2266 484 2293 aes
512 2254 709 2301 alienum,
736 2267 822 2306 quo
850 2258 1017 2306 praeter
1045 2267 1205 2293 morem
1234 2266 1375 2292 meum
1402 2264 1495 2291 sum
1521 2250 1752 2290 inuolutus.

160 2307 497 2359 Amplitudinem
520 2312 642 2347 tuam
665 2308 856 2348 Christus
880 2308 980 2360 Opt.
1006 2308 1119 2347 Max.
1144 2308 1216 2347 diu
1242 2312 1382 2347 seruet
1404 2305 1671 2345 incolumem.
1773 2315 1816 2345 00

214 2361 404 2401 Basileae
426 2362 493 2401 die
517 2362 710 2401 Mercurii
734 2367 830 2413 post
854 2363 1028 2409 Pascha,
1054 2362 1178 2401 Anno
1201 2374 1247 2401 M.
1264 2372 1469 2400 D.XXI111.

663 2456 719 2491 48.
742 2457 796 2485 est
810 2457 886 2494 post
901 2452 1095 2485 fauondum
1111 2453 1187 2484 add.
1205 2453 1250 2483 N.

206 2556 256 2577 22.
283 2546 418 2586 Altera]
445 2545 637 2587 Evidently
665 2545 722 2586 (cf.
752 2545 816 2587 Ep.
844 2547 921 2578 628.
995 2549 1113 2582 18-21,
1134 2546 1226 2584 1426.
1247 2546 1363 2583 13-—IO.

159 2592 284 2630 49—50)
315 2589 376 2621 the
408 2598 475 2630 300
505 2590 621 2622 florins
649 2590 754 2631 given
784 2590 856 2621 him
887 2590 922 2621 in
1037 2590 1089 2630 38.
1113 2587 1266 2630 gladius]
1279 2586 1330 2619 Cf.
1347 2587 1410 2628 Ep.
1432 2589 1524 2627 1408.
1546 2590 1594 2620 18.

165 2641 246 2673 1517
264 2644 271 2664 ι
301 2642 357 2664 see
373 2632 463 2674 Epp.
483 2641 556 2673 597.
575 2634 654 2669 26n‚
670 2634 746 2673 695.
766 2634 862 2673 36-7.
1038 2641 1090 2671 39.
1116 2632 1260 2670 Hulsto]
1277 2630 1338 2663 See
1355 2632 1420 2672 Ep.
1443 2639 1534 2671 1345.
1554 2640 1631 2671 3911.

206 2685 257 2715 24.
283 2676 371 2707 aeris
394 2675 513 2716 alieni]
536 2676 738 2708 Mentioned
761 2677 865 2717 again
888 2676 924 2707 in
1035 2684 1088 2714 42.
1111 2674 1254 2707 Lutheri
1267 2674 1410 2714 nomen]
1425 2673 1476 2706 Cf.
1494 2673 1558 2715 Ep.
1578 2682 1669 2714 1410.
1693 2676 1755 2706 18-

158 2718 183 2750 l.
199 2728 259 2760 59:
284 2718 328 2750 cf.
342 2718 431 2760 Epp.
448 2728 543 2758 1470.
559 2729 678 2759 20-24,
694 2727 787 2760 1531.
805 2728 921 2751 11-12.
997 2729 1046 2758 19.

206 2764 259 2794 26.
283 2761 432 2802 famulo]
465 2761 641 2803 Probably
673 2762 822 2804 Algoet:
869 2772 924 2795 see
1039 2771 1088 2803 52.
1115 2760 1374 2803 Norcnbergae]
1415 2760 1477 2793 Sec
1521 2760 1610 2802 Epp.
1660 2769 1753 2802 1424.

163 2805 252 2847 Epp.
273 2814 367 2846 1430.
383 2815 462 2844 21n,
482 2814 575 2846 1437.
596 2815 626 2846 7,
648 2806 764 2843 181-2,
784 2815 858 2838 220.
996 2816 1071 2843 1111,
1092 2806 1186 2844 1428.
1208 2815 1282 2836 12n.

207 2850 259 2881 28.
286 2849 439 2882 Caesaris
470 2848 605 2889 literas]
636 2848 687 2881 Cf.
722 2848 787 2890 Ep.
826 2850 921 2889 1408.
1038 2858 1088 2889 53.
1115 2848 1222 2880 ternis
1249 2847 1374 2888 literis]
1402 2847 1469 2880 For
1497 2851 1566 2880 two
1595 2848 1631 2880 of
1658 2847 1755 2880 these

167 2903 241 2925 11n.
991 2902 1047 2924 soe
1061 2891 1126 2933 Ep.
1146 2900 1239 2931 1422.
1260 2900 1312 2929 1n‚
1327 2894 1384 2924 6n.

209 2946 258 2978 31.
285 2936 375 2968 Iulio
388 2940 425 2969 et
438 2936 704 2976 Dmembijr.
721 2936 809 2977 Epp.
830 2945 920 2976 1422.
1039 2936 1088 2976 58.
1116 2935 1348 2976 hypocausta]
1366 2935 1416 2967 Cf.
1438 2935 1501 2977 Ep.
1526 2945 1617 2976 1422.
1640 2945 1738 2976 33—4.
