2012 3370
273 134 352 173 432

745 133 999 173 LETTERS
1031 134 1102 172 oF
1132 134 1394 175 ERASMUS

1747 137 1867 188 [1524

216 260 251 292 15
271 245 486 283 contraxit
515 248 563 282 vt
592 244 781 282 nondum
811 257 860 282 eo
887 243 1021 282 redire
1049 243 1187 282 liccat.
1245 243 1549 296 Commigrauit
1579 244 1788 284 Basileam
1817 258 1866 284 ac

270 297 392 337 nobis
422 311 510 337 sese
539 299 725 349 ingessit,
757 310 930 337 versans
958 299 1127 336 interim
1157 299 1201 337 in
1231 298 1400 348 publico
1429 299 1672 337 diuersorio.

271 352 422 403 hospes
450 365 516 391 me
543 352 611 390 hic
637 352 863 399 inuisebat,
893 353 997 403 quin
1022 352 1091 391 ille
1119 365 1207 391 sese
1233 354 1454 404 ingereret.

1731 298 1866 338 Nemo

1511 352 1652 400 Quum
1679 356 1864 403 peterem

270 405 578 452 Constantiam,
608 406 720 445 Vltro
746 420 790 445 se
815 407 991 458 ingessit
1016 407 1215 446 comitem
1240 408 1415 446 itineris.
1471 406 1681 458 Fingebat
1707 419 1865 446 meram

268 459 617 507 familiaritatem,
642 474 775 511 quum
797 465 940 499 tamen
965 460 1126 512 ahquid
1148 461 1365 500 moliretur
1387 461 1643 513 tragoediae.
1695 460 1865 500 Etenim

210 532 252 553 20
267 515 354 553 iam
378 518 473 553 tum
497 515 614 566 apud
639 514 874 554 Iohannem
899 516 1180 562 Botzemium,
1207 516 1322 567 apud
1347 529 1475 567 quem
1499 519 1594 554 tum
1618 527 1714 554 mea
1738 528 1866 554 causa

268 568 570 608 humanissime
599 569 835 621 complures
863 570 953 609 dies
980 570 1262 617 tractabatur,
1295 570 1403 609 clam
1432 569 1584 609 effudit
1612 569 1773 621 aliquid
1802 570 1866 608 sui

268 623 433 662 veneni.
497 623 556 662 Et
591 622 658 662 hic
693 624 748 663 ab
784 625 929 664 amicis
965 624 1248 663 submonebar
1283 637 1413 675 quam
1449 623 1680 675 aliquando
1714 636 1865 674 parum

268 677 402 716 amice
424 677 477 716 de
500 690 568 716 me
590 678 846 730 loqueretur.

322 731 500 771 Interim
530 734 650 771 venit
679 733 912 772 Huttenus.

972 733 1097 772 Hunc
1129 733 1252 772 multi
1282 733 1454 784 quidem
1485 732 1717 772 Lutherani
1747 732 1864 771 insti-

209 803 225 825 2
234 802 247 835 5
267 790 477 837 gauerunt
516 790 567 825 vt
604 787 805 826 scriberet
844 792 992 826 contra
1032 800 1112 834 me,
1154 787 1227 826 scd
1267 787 1624 838 Epphendorpius
1662 787 1866 825 instruxit

267 840 431 891 aliquot
455 841 758 892 sycophantiis,
784 846 828 880 et
852 842 994 881 subito
1019 841 1215 880 Huttcno
1239 843 1322 880 mei
1344 842 1627 881 reuerentiam
1650 841 1836 880 excussit
1857 853 1864 879 :

268 905 368 933 nam
404 908 568 946 semper
605 895 825 935 Huttenus
862 909 929 934 me
960 895 1102 934 fuerat
1134 896 1351 934 reueritus.

1413 896 1677 947 Argumenta
1708 895 1866 946 partim

266 954 506 1000 sumpserat
522 963 574 988 ex
590 950 881 989 familiaritate
898 954 1057 996 nostra,
1076 950 1233 1000 partim
1249 950 1374 989 isthic
1391 950 1592 989 hauserat
1609 963 1631 988 e
1647 949 1866 1001 tragoedia

268 1003 467 1042 Alardica
486 1007 530 1043 et
549 1004 847 1051 Paschasiana,
869 1017 978 1055 quae
998 1003 1077 1042 tibi
1105 1004 1338 1043 notissima.
1397 1004 1508 1043 Hinc
1536 1008 1636 1043 sunt
1662 1003 1723 1042 illi
1749 1002 1866 1042 tituli

208 1075 248 1106 30
271 1057 280 1072 ‘
293 1057 547 1109 Presbytero
572 1058 831 1110 Theolo<go>
845 1058 868 1105 ⁹,

900 1058 1177 1109 ‘Presbytero
1203 1062 1247 1097 et
1273 1058 1442 1098 Scribae
1458 1058 1481 1105 ²,
1509 1062 1553 1097 et
1579 1059 1736 1097 crimen
1760 1057 1865 1096 illud

267 1111 383 1163 quod
404 1113 629 1151 minitatur
657 1113 771 1152 Otho
792 1112 1173 1164 Epphendorpium
1194 1113 1297 1151 mihi
1324 1126 1446 1164 posse
1473 1125 1704 1164 aspergere.
1759 1112 1865 1150 Tam

267 1178 367 1205 vero
387 1166 545 1205 stultus
565 1171 630 1206 est
651 1171 712 1214 vt,
735 1180 869 1218 quum
890 1167 957 1205 hic
977 1180 1101 1206 nemo
1121 1180 1207 1206 non
1222 1168 1380 1206 sentiat
1398 1167 1519 1206 illum
1538 1180 1627 1206 esse
1647 1170 1864 1205 auctorem

266 1220 390 1259 huius
426 1220 610 1268 fabulae,
650 1225 796 1260 tamen
833 1221 1125 1260 demirabatur
1162 1235 1204 1260 se
1243 1222 1442 1273 cuiquam
1480 1234 1568 1259 esse
1605 1224 1864 1272 suspectum,

265 1288 398 1326 quum
419 1288 544 1314 nemo
564 1277 729 1315 viueret
749 1277 961 1315 amantior
982 1276 1160 1314 Erasini.
1210 1276 1298 1315 Nec
1317 1277 1489 1315 interim
1509 1275 1730 1315 desinebat
1750 1275 1866 1326 apud

206 1347 244 1379 35
266 1329 422 1368 multos
450 1343 574 1369 voces
600 1330 809 1382 quasdam
835 1330 1063 1377 effundere,
1091 1330 1246 1382 quibus
1274 1330 1482 1381 prodebat
1509 1331 1699 1369 animum
1725 1342 1863 1368 suum.

266 1383 324 1423 Et
348 1383 522 1423 volebat
546 1385 619 1423 vni
644 1384 747 1423 mihi
770 1385 965 1436 ignotum
990 1398 1078 1423 esse
1103 1384 1219 1436 quod
1243 1398 1369 1424 nemo
1392 1384 1620 1423 nesciebat.
1674 1383 1864 1422 Tandem

265 1437 332 1476 hic
353 1450 500 1489 sparsa
521 1442 586 1477 est
607 1438 818 1490 quaedam
840 1438 1021 1490 epistola
1041 1438 1218 1477 ridicula
1238 1439 1282 1477 in
1305 1452 1371 1478 me
1393 1440 1564 1490 scripta,
1588 1451 1697 1490 quae
1718 1442 1864 1477 tamen

264 1491 320 1530 ad
342 1505 410 1531 me
431 1505 518 1532 non
541 1494 747 1544 peruenit.

318 1545 401 1585 Vbi
425 1546 645 1586 Huttenus
669 1547 828 1586 abisset
850 1547 948 1586 hinc
972 1547 1252 1594 Milthusium,
1278 1560 1363 1598 quo
1387 1560 1484 1586 eum
1509 1546 1864 1598 Epphendorpius

202 1619 246 1649 40
264 1599 513 1648 deduxerat,
556 1614 748 1640 reuersus
790 1602 1012 1640 nunciauit
1055 1601 1298 1641 Hutt-enum
1340 1602 1480 1640 nescio
1523 1601 1626 1652 quid
1669 1600 1861 1647 scribere,

263 1653 424 1706 fingens
452 1668 495 1694 se
523 1667 777 1707 magnopere
805 1655 957 1694 dolere.

1016 1655 1073 1694 Et
1100 1655 1179 1694 1106
1208 1655 1363 1706 agebat
1390 1660 1440 1694 vt
1467 1655 1522 1694 ab
1551 1655 1696 1694 amicis
1723 1658 1862 1693 extor-

263 1714 464 1760 queretur
493 1710 685 1760 pecunia,
716 1723 769 1750 ne
797 1709 963 1748 libellus
991 1710 1060 1748 ille
1090 1709 1291 1760 prodiret.

1350 1710 1505 1749 Mirum
1535 1714 1680 1748 autem
1709 1708 1864 1760 quibus

263 1763 427 1803 technis
462 1763 542 1802 hoc
577 1764 733 1816 agebat
767 1764 883 1815 apud
918 1776 998 1810 me,
1036 1764 1152 1815 apud
1188 1764 1458 1811 Frobenium,
1495 1763 1611 1815 apud
1646 1763 1861 1802 Bentium.

263 1818 516 1856 Botzemum
531 1819 662 1872 etiam
677 1818 757 1857 hac
771 1819 910 1870 gratia
924 1822 1125 1857 euocarat
1140 1818 1404 1858 Constantia.
1450 1817 1628 1857 Interim
1644 1817 1865 1856 Huttenus

310 1896 358 1927 16.
384 1905 457 1927 sese
473 1893 513 1925 Οι
530 1906 537 1926 :
567 1904 603 1925 sc
620 1892 669 1926 02.

262 1938 326 1971 0³:
357 1938 566 1971 Botzenium
583 1937 633 1969 0¹.

309 2047 357 2079 15.
385 2037 574 2077 Basileam]
591 2037 653 2070 See
671 2037 736 2079 Ep.
760 2039 853 2079 1283.
877 2039 993 2076 16-19.

310 2084 359 2114 18.
386 2081 648 2121 Constantiam]
674 2081 737 2113 See
768 2081 832 2122 Ep.
866 2090 946 2123 1315
976 2083 1026 2113 in-

261 2125 351 2158 trod.

305 2178 358 2201 21.
384 2167 525 2208 effudit]
538 2167 589 2200 Of.
606 2167 674 2199 LB.
692 2168 781 2209 App.
800 2169 875 2208 346,
895 2178 977 2209 1734
993 2177 1024 2200 Ε.

305 2222 358 2251 24.
385 2211 582 2252 Huttenus]
597 2211 660 2244 See
676 2211 742 2252 Ep.
763 2220 856 2252 1331.
877 2221 953 2253 5711.

348 2255 622 2298 instigauerunt]
639 2254 689 2287 Cf.
708 2255 729 2286 l.
750 2265 826 2296 74n.

305 2309 357 2340 27.
383 2299 570 2339 reueritus]
602 2298 653 2331 Cf.
688 2298 852 2339 Sponyzssa,
886 2298 955 2330 LB.
992 2309 1024 2329 x.

265 2342 712 2392 1635E=HE.333‚§4.1.
959 2385 965 2392 ι

305 2396 359 2427 29.
383 2386 561 2426 Alardica]
576 2386 620 2418 Of
634 2386 704 2418 this
718 2385 736 2416 1
750 2385 853 2417 know
867 2385 1024 2427 nothing.

262 2431 330 2463 For
344 2430 452 2462 Alard
468 2440 524 2461 see
541 2429 605 2471 Ep.
623 2440 645 2469 4
649 2439 665 2470 3
671 2439 699 2470 3

349 2473 599 2513 Paschasiana]
626 2472 668 2504 In
700 2472 765 2514 Ep.
798 2474 865 2523 674
896 2472 1026 2504 introd.

259 2517 320 2550 the
338 2527 463 2559 person
482 2516 684 2548 mentioned
703 2516 783 2548 here
801 2517 830 2548 is
847 2516 1027 2548 identified

259 2561 342 2593 with
383 2560 589 2593 Paschasius
627 2559 799 2592 Berselius
838 2559 875 2591 of
912 2558 994 2601 Lieg
997 2570 1026 2591 e.

258 2605 331 2637 But
356 2604 416 2637 the
440 2603 612 2636 reference
637 2604 667 2635 is
693 2603 842 2645 perhaps
869 2606 907 2635 to
933 2570 1029 2635 Joghn

260 2647 441 2680 Pascasius
486 2657 525 2679 or
568 2647 612 2679 de
657 2646 766 2679 Pasca
812 2647 846 2687 (†
861 2657 894 2688 p.
914 2650 1026 2687 1532),

259 2691 336 2724 who
353 2701 423 2723 was
440 2691 533 2732 prior
549 2690 585 2722 of
600 2690 661 2722 the
678 2689 813 2722 Carmel
828 2694 868 2722 at
882 2690 1027 2721 Ἰ11611666

259 2736 295 2767 111
320 2743 415 2776 1505,
439 2734 539 2766 when
562 2733 813 2776 Egmondanus
834 2733 977 2766 entered
999 2734 1028 2765 it

259 2780 328 2818 (see
346 2789 367 2810 a
386 2781 481 2810 note·
486 2777 577 2810 book
597 2777 634 2809 of
651 2776 747 2815 Bale,
767 2777 936 2809 Bodleian
955 2777 1026 2809 MS.

260 2831 312 2896 1ζέ
331 2821 446 2906 1111116131>
466 2823 527 2897 tho
534 2824 683 2906 sdgghrt
702 2802 1027 2906 ἙίἓῷξέἕεζῗΞ

261 2907 378 2940 makin
455 2911 532 2950 trag
535 2907 651 2939 edies’
680 2907 736 2939 for
762 2907 929 2939 Erasmus
958 2908 1027 2947 (see

260 2950 363 2983 Basle
380 2907 458 2984 {IS
487 2918 642 2983 G{clenii
666 2950 793 2992 Epist„
819 2951 844 2983 f.
873 2961 892 2992 3
909 2963 917 2989 ;
956 2950 1027 2983 and

261 2994 304 3026 cf.
336 2993 446 3025 Lond.
478 2994 550 3025 xxi.
584 2995 635 3035 56,
667 2994 736 3026 LB.
768 2995 860 3035 856).
915 2994 970 3026 He
998 2994 1027 3026 is

260 3038 388 3071 known
418 3037 492 3069 also
523 3047 561 3068 as
591 3037 719 3069 author
750 3038 786 3069 of
816 3048 837 3070 a
869 3037 960 3069 book
992 3037 1028 3068 of

790 1903 841 1925 20.
868 1893 931 1926 0²:
962 1894 1171 1926 Botzenium
1188 1894 1238 1927 0¹.

1351 1904 1406 1934 44.
1433 1894 1474 1926 0²
1484 1895 1613 1927 Lond.:
1644 1893 1863 1927 Botzemium

1095 2037 1256 2079 spiritual
1284 2037 1498 2080 pilgrimage,
1527 2037 1640 2069 which
1668 2037 1738 2069 had
1764 2042 1866 2080 great

1096 2081 1299 2123 popularity
1321 2082 1540 2124 throughout
1562 2082 1651 2113 xvic.
1698 2081 1762 2114 See
1787 2081 1860 2113 BN.

1096 2127 1165 2157 xvi.
1185 2126 1331 2166 458-60,
1350 2125 1420 2157 and
1439 2125 1483 2157 H.
1505 2125 1693 2163 Thur-ston,
1712 2124 1865 2157 Stations

1095 2169 1133 2210 of
1143 2168 1194 2200 the
1211 2168 1321 2207 Oross,
1341 2170 1438 2208 1906,
1455 2179 1513 2210 pp.
1531 2171 1653 2208 82-92.

1183 2212 1295 2252 tituli]
1326 2213 1574 2255 Designations
1610 2212 1647 2244 of
1684 2211 1861 2243 Erasmus.

1095 2256 1168 2287 The
1181 2256 1257 2288 first
1269 2266 1389 2288 occurs
1406 2257 1443 2288 in
1461 2255 1522 2288 the
1541 2255 1620 2288 title
1639 2255 1676 2288 of
1693 2255 1864 2287 Hutten's

1094 2298 1329 2339 Expost-ulatio
1360 2299 1418 2338 (cf.
1450 2299 1515 2341 Ep.
1551 2300 1644 2340 1356.
1676 2300 1697 2331 6
1702 2301 1771 2340 3n)‚
1802 2298 1864 2331 the

1093 2342 1221 2375 second
1236 2343 1271 2374 in
1286 2343 1347 2374 the
1361 2343 1511 2384 heading
1527 2342 1563 2374 of
1577 2342 1641 2384 Ep.
1663 2343 1758 2383 1406.

1140 2396 1190 2426 31.
1219 2386 1328 2425 Otho]
1344 2386 1407 2427 Ep.
1430 2387 1525 2425 1406.
1543 2387 1684 2426 226—33.

1217 2429 1366 2470 epistola
1394 2429 1555 2469 ridicula]
1584 2429 1750 2461 Erasmus
1780 2429 1862 2461 does

1093 2439 1180 2505 not7
1184 2483 1277 2505 seem
1305 2476 1344 2504 to
1372 2472 1414 2504 be
1442 2472 1617 2514 following
1646 2471 1775 2513 closely
1803 2472 1863 2504 the

1093 2526 1263 2602 {fflffiffe
1277 2516 1368 2592 11.ῗέ
1369 2520 1429 2592 ⁶3}
1432 2526 1510 2591 {153
1523 2515 1702 2591 ἓῗῗὲῑέἓιίῗ
1713 2515 1864 2591 Ἔῖἲὲἓέῗ

1096 2603 1211 2635 Alberi
1234 2604 1271 2635 de
1296 2603 1450 2644 Sponqia
1475 2603 1553 2644 (Ep.
1584 2612 1667 2643 1397
1692 2603 1862 2642 11111οᾱ.;)

1096 2647 1218 2681 which.
1233 2647 1368 2689 though
1382 2652 1445 2679 not
1458 2646 1598 2688 printed
1611 2645 1667 2678 till
1678 2645 1777 2683 later,
1793 2657 1863 2678 was

1095 2690 1268 2732 probably
1282 2691 1422 2722 written
1436 2701 1522 2722 soon
1536 2690 1628 2722 after
1642 2689 1703 2722 the
1718 2699 1862 2731 appear-

1095 2744 1180 2766 ance
1201 2734 1237 2766 of
1257 2733 1318 2766 the
1338 2733 1502 2775 Sponqia,
1524 2733 1595 2765 and
1617 2733 1805 2765 circulated
1827 2734 1862 2764 in

1095 2788 1147 2810 ms
1151 2789 1227 2809 —a
1279 2778 1531 2810 circumstance
1582 2776 1695 2808 which
1747 2776 1862 2808 would

1094 2825 1245 2853 account
1260 2820 1314 2853 for
1329 2822 1377 2853 its
1393 2824 1458 2853 not
1473 2820 1635 2862 reaching
1653 2819 1828 2851 Erasmus.

1140 2874 1191 2905 39.
1216 2864 1452 2904 Milthusium]
1468 2864 1531 2897 See
1549 2863 1613 2905 Ep.
1637 2871 1729 2903 1331.
1752 2871 1828 2903 57n.

1137 2918 1191 2947 42.
1217 2907 1369 2948 libellus]
1400 2906 1550 2940 Hutten’
1553 2917 1569 2939 s
1599 2904 1860 2946 Expostulant-

1095 2962 1150 2983 see
1165 2951 1229 2993 Ep.
1251 2953 1344 2992 1356.
1360 2952 1439 2992 63n.

1137 3004 1191 3035 43.
1218 2995 1402 3034 Bentium]
1418 2994 1481 3027 See
1499 2993 1563 3035 Ep.
1589 3001 1681 3034 1433.
1702 3002 1758 3024 2n.

1137 3048 1192 3077 44.
1219 3037 1443 3076 Botzemum]
1459 3036 1477 3068 Ι
1496 3036 1567 3068 find
1584 3046 1630 3068 no
1648 3035 1748 3068 other
1766 3040 1861 3069 trace
