2012 3370
215 142 295 188 216
685 142 940 183 LETTERS
971 141 1044 183 OF
1074 141 1338 183 ERASM‘US
1687 140 1809 192 [1523

217 259 399 298 diluerat
423 269 548 308 aqua.
600 254 793 293 Alterum
818 252 1089 303 obsignatum
1114 257 1205 291 erat
1229 265 1375 303 gypso,
1402 251 1555 290 licebat
1580 251 1814 297 exhaurire,

217 327 302 353 non
318 312 474 352 licebat
490 309 711 349 infundere
732 321 740 353 3
775 307 853 346 hoc
871 320 957 346 non
973 307 1089 345 item.
1137 307 1195 346 Et
1211 307 1365 346 idcirco
1384 305 1487 344 illud
1505 305 1733 344 aduectum
1752 309 1817 344 est

216 381 303 408 non
322 366 493 406 omnino
513 364 699 416 plenum,
720 362 799 401 1100
819 361 991 413 plenum
1011 374 1144 412 Vsque
1164 361 1218 399 ad
1238 374 1451 400 summum
1472 373 1481 407 ;
1517 364 1561 399 et
1579 360 1658 399 hoc
1677 360 1817 411 ipsum

131 441 200 473 490
218 421 406 475 prodidit
430 418 736 469 oenocleptam‚
763 429 847 467 quo
873 428 916 455 se
941 416 1119 467 probare
1145 416 1281 454 voluit
1306 416 1441 454 bonae
1466 414 1564 453 fidei
1589 418 1816 453 vectorem.

219 478 361 527 Atque
384 474 554 513 interim
579 472 653 523 qui
676 483 900 510 nummum
925 469 1200 517 suffurantur,
1227 470 1415 522 pendent
1435 482 1442 508 :
1484 469 1558 520 qui
1582 482 1669 508 rem
1694 467 1819 507 simul

219 531 377 570 tollunt
396 533 440 567 et
459 529 609 573 vitam,
630 527 803 577 impune
823 524 990 563 ludunt.

274 585 441 635 Itaque,
467 583 525 621 mi
549 581 743 627 Laurine,
768 579 882 618 facili
906 579 1077 630 negocio
1102 592 1272 630 possum
1298 578 1452 617 adduci
1476 582 1524 616 vt
1549 581 1667 616 totus
1691 576 1820 616 demi-

220 652 335 690 grem
367 639 411 676 in
443 635 748 687 Burgundiam.
811 634 876 674 Ob
908 634 1069 680 vinum,
1103 634 1302 684 inquies?
1365 633 1458 671 Imo
1491 632 1635 671 malim
1667 631 1736 670 vel
1767 630 1823 670 ad

136 713 199 745 495
222 694 427 732 quernos
451 704 583 742 vsque
607 690 799 741 migrare,
823 689 967 740 potius
990 701 1119 739 quam
1143 688 1210 726 vel
1234 687 1360 727 semel
1385 687 1576 739 experiar
1600 685 1823 726 calculum.

222 748 315 787 Hoc
344 751 456 786 certe
483 745 615 784 literis
644 745 746 783 meis
775 743 920 790 debeo,
951 747 1001 781 vt
1028 755 1281 793 quocunque
1310 746 1518 781 terrarum
1548 754 1614 780 me
1643 744 1825 787 vertam,

222 814 432 853 nusquam
461 800 564 839 mihi
591 798 779 838 defuturi
806 798 893 836 sint
919 797 1055 835 amici.
1113 797 1234 836 Certe
1261 797 1394 835 totius
1423 795 1688 842 Germaniae,
1716 807 1827 846 quae

222 857 426 896 latissime
446 858 581 906 patet,
604 853 764 892 nullam
788 852 969 890 arbitror
990 864 1079 889 esse
1109 852 1328 889 ciuitatem
1359 864 1468 902 quae
1490 863 1575 889 non
1597 849 1750 901 cupide
1770 849 1828 887 sit

224 914 455 962 exceptura
488 909 727 953 Erasmmn,
762 907 795 944 si
828 918 912 956 quo
945 905 1092 943 lubeat
1124 906 1411 956 commigrare.
1472 905 1561 944 Nec
1594 903 1826 943 admodum

144 985 208 1018 500
226 966 420 1010 mentiar,
444 964 478 1002 si
499 963 611 1001 idem
633 960 872 1013 praedicem
894 959 947 997 de
968 958 1096 997 Italia
1117 963 1161 997 et
1183 959 1332 998 Gallia.
1383 959 1505 998 Certe
1527 958 1582 997 ad
1602 957 1828 997 nonnullas

224 1019 467 1059 inuisendas
484 1015 798 1056 humanissimis
816 1014 947 1052 literis
965 1026 1058 1052 sum
1076 1014 1285 1052 inuitatus
1305 1027 1313 1060 ;
1347 1017 1392 1052 et
1408 1026 1515 1064 quas
1533 1013 1672 1052 adhuc
1689 1012 1830 1058 inuisi,

225 1074 293 1113 vel
323 1072 618 1112 Constantiam
648 1069 715 1108 vel
745 1067 1023 1108 Sletstadium
1052 1067 1332 1118 proficiscens,
1365 1071 1495 1118 atque
1523 1067 1622 1106 inde
1650 1066 1828 1112 rediens,

226 1129 326 1166 vino
356 1128 497 1173 misso,
528 1124 644 1177 quod
673 1136 724 1162 ex
755 1135 870 1161 more
898 1122 1020 1161 nouis
1049 1122 1288 1173 hospitibus
1318 1122 1488 1161 honoris
1517 1122 1655 1173 gratia
1683 1120 1832 1160 donari

227 1182 347 1228 solet,
374 1181 478 1220 mihi
501 1179 741 1231 gratulatae
765 1181 878 1216 sunt.
933 1176 1025 1224 Quo
1050 1176 1222 1227 quidem
1247 1176 1416 1215 honoris
1441 1189 1590 1228 genere
1613 1177 1831 1215 intantum

147 1257 207 1290 505
227 1250 314 1276 non
335 1235 533 1281 delector,
556 1237 606 1272 vt
625 1232 869 1283 frequenter
890 1231 1128 1269 mandarim
1150 1232 1308 1278 amicis,
1332 1235 1529 1270 curarent
1549 1244 1601 1269 ne
1622 1230 1727 1282 quid
1747 1229 1833 1268 tale

228 1291 376 1330 fieret:
419 1302 506 1328 non
532 1288 587 1327 ob
615 1286 660 1326 id
689 1286 825 1325 solum
855 1285 970 1336 quod
997 1286 1235 1324 existimem
1266 1285 1436 1324 honoris
1462 1285 1541 1324 1100
1571 1285 1663 1324 aliis
1691 1284 1834 1323 deberi

231 1344 516 1396 magnatibuS‚
535 1355 622 1381 non
638 1342 816 1380 Erasmo
833 1340 983 1379 humili
1000 1340 1137 1378 modis
1153 1340 1350 1378 omnibus
1367 1339 1623 1379 homunculo
1643 1352 1653 1386 ;
1686 1351 1834 1378 verum

231 1400 362 1439 etiam
392 1398 507 1450 quod
537 1398 641 1436 haec
671 1395 808 1434 officia
836 1394 956 1433 lassis
986 1398 1063 1432 aut
1092 1394 1250 1445 alioqui
1279 1395 1497 1446 occupatis
1526 1405 1834 1444 nonnunquam

232 1453 539 1505 impedimenta
558 1454 660 1490 sunt
680 1450 819 1488 verius
839 1461 969 1500 quam
991 1453 1254 1487 ornamenta.

152 1529 216 1562 510
288 1508 381 1546 Iam
408 1519 546 1559 porro,
575 1503 921 1556 quandoquidem
950 1502 1187 1542 Gloriosum
1215 1517 1237 1541 e
1264 1503 1483 1542 comoedia
1508 1503 1687 1542 Militem
1715 1514 1837 1554 agere

235 1563 366 1614 coepi,
396 1560 500 1612 quid
526 1560 606 1598 tibi
634 1570 959 1598 commemorem
987 1561 1055 1596 tot
1083 1557 1282 1608 epistolas
1310 1558 1480 1596 honoris
1508 1558 1658 1608 gratia,
1688 1556 1755 1595 vel
1784 1556 1838 1594 ab

234 1616 412 1656 eruditis
437 1615 537 1653 viris
563 1613 631 1652 vel
657 1626 682 1651 a
707 1612 992 1663 magnatibus,
1021 1625 1043 1650 e
1068 1611 1308 1662 longinquis
1334 1612 1465 1650 etiam
1490 1611 1730 1663 regionibus
1756 1610 1839 1649 11110

235 1672 396 1717 missas,
420 1682 505 1708 non.
527 1669 615 1707 sine
637 1680 809 1706 munere
831 1670 846 1704 ⁸?
899 1665 1011 1713 Quid
1031 1665 1210 1704 referam
1232 1665 1380 1705 doctos
1402 1666 1606 1712 homines,
1630 1664 1839 1716 quosdam

236 1726 367 1764 etiam
395 1724 604 1775 dignitate
632 1721 958 1773 praeminentes,
989 1720 1071 1759 11110
1099 1733 1185 1758 11011
1213 1720 1268 1759 01)
1297 1720 1413 1759 aliud
1441 1733 1462 1759 e
1490 1720 1721 1771 longinquo
1745 1732 1840 1771 pro·

156 1792 215 1825 515
235 1780 370 1819 sectos
393 1790 523 1830 quam
545 1780 596 1815 vt
617 1775 812 1814 viderent
835 1775 1060 1813 Erasmum
1081 1777 1097 1813 ⁴?
1151 1774 1313 1822 Quibus
1335 1788 1421 1813 non
1443 1775 1612 1826 ambigo
1635 1774 1739 1825 quin
1760 1786 1841 1812 vsu

237 1834 384 1873 veniat
398 1831 514 1884 quod
529 1830 785 1875 Graecorum
800 1829 1024 1880 prouerbio
1039 1829 1207 1876 dicitur,
1223 1829 1437 1868 Thesauro
1453 1833 1622 1880 sperato
1638 1828 1841 1868 carbones

237 1892 438 1940 repertos.
482 1885 565 1926 Sed
580 1884 717 1936 qualis
732 1884 869 1935 qualis
884 1896 959 1935 ego
976 1896 1082 1930 sum,
1098 1883 1200 1922 haec
1217 1888 1328 1922 certe
1345 1888 1581 1935 coarguunt
1595 1878 1840 1922 rabularum

236 1944 417 1982 istorum
446 1940 740 1992 impudentem
771 1938 1038 1984 vanitatem3
1085 1938 1172 1989 qui,
1204 1942 1254 1977 vt
1283 1938 1442 1985 scribis,
1473 1938 1598 1977 isthic
1627 1937 1842 1976 iactarant

238 1997 343 2036 mihi
357 2008 568 2046 nusquam
582 1995 627 2032 in
642 1993 869 2033 Germania
882 1996 1024 2031 tutam
1040 2005 1128 2031 esse
1142 1992 1298 2039 sedem,
1315 1996 1360 2031 et
1371 1992 1479 2039 ideo,
1497 1993 1659 2043 opinor,
1675 1991 1843 2043 quoties

159 2063 223 2096 520
239 2051 382 2102 aliquo
398 2063 465 2089 me
481 2048 663 2094 confero,
681 2047 830 2086 solitus
845 2059 939 2085 sum
955 2047 1183 2097 impetrare
1198 2046 1324 2086 fidem
1345 2046 1573 2098 publicam.
1618 2046 1842 2086 Caeterum

240 2118 326 2157 quo
355 2105 496 2143 minus
522 2103 681 2141 multas
709 2101 834 2140 Vrbes
862 2102 1057 2147 inuisam,
1088 2101 1203 2152 quod
1232 2101 1300 2140 vel
1328 2102 1459 2140 animi
1487 2101 1624 2153 gratia
1651 2100 1843 2140 fecissem

240 2170 564 2209 nonnunquam,
593 2157 722 2195 etiam
750 2156 784 2193 si
812 2154 867 2193 ad
893 2155 937 2193 id
964 2168 1038 2206 per
1064 2155 1271 2194 literarios
1298 2155 1462 2195 labores
1489 2155 1663 2195 daretur
1689 2155 1842 2200 ocium,

241 2218 388 2253 tamen
422 2213 690 2264 hypocausta
724 2209 1009 2260 prohiberent,
1046 2222 1155 2260 quae
1190 2210 1363 2261 quidem
1397 2210 1465 2249 hic
1499 2209 1667 2249 seruent
1701 2213 1843 2248 totum

243 2280 417 2314 annum,
437 2267 511 2305 vix
529 2265 665 2304 tribus
684 2264 871 2314 exceptis
890 2263 1104 2302 mensibus
1125 2276 1132 2302 :
1168 2268 1211 2302 et
1228 2264 1368 2303 10011111
1387 2277 1513 2315 quem
1533 2264 1636 2303 mihi
1654 2263 1845 2302 Basileae

163 2333 222 2366 525
243 2322 406 2375 paraui,
428 2333 594 2360 mecum
616 2317 882 2358 circumferre
901 2330 987 2356 non
1007 2317 1119 2356 licet.

298 2377 387 2416 Nec
409 2376 489 2414 hoc
511 2375 652 2413 minus
672 2371 897 2423 impudens
919 2371 1187 2410 mendacium
1210 2376 1314 2419 erat,
1338 2385 1423 2423 quo
1446 2385 1513 2411 me
1535 2371 1758 2411 iactabant
1778 2371 1846 2410 hic

244 2431 437 2470 Basileae
458 2429 633 2469 domum
656 2440 745 2466 esse
768 2430 1002 2465 mercatum
1024 2430 1069 2465 et
1089 2426 1155 2465 ius
1177 2427 1366 2465 ciuitatis
1386 2427 1625 2473 redemisse,
1649 2425 1848 2465 videlicet

243 2485 385 2524 isthuc
402 2496 623 2535 nunquam
639 2481 889 2520 rediturum.
936 2480 995 2519 Vt
1011 2481 1154 2519 omnia
1171 2481 1274 2519 mihi
1291 2481 1488 2532 placeant
1504 2481 1548 2519 in
1566 2480 1847 2520 Germania—

244 2540 370 2579 sicuti
400 2539 571 2590 placent
603 2536 870 2588 pleraque—‚
908 2538 1021 2574 certe
1053 2548 1118 2574 res
1151 2548 1238 2574 vna
1270 2535 1468 2586 propellit
1500 2535 1611 2582 hinc,
1645 2535 1846 2574 nimirum

165 2607 228 2639 530
246 2593 482 2633 communis
503 2592 693 2631 omnium
713 2590 1074 2641 hypocaustorum
1096 2601 1196 2628 Vsus
1217 2602 1225 2636 ;
1262 2602 1347 2641 quo
1368 2589 1419 2628 fit
1437 2593 1488 2628 vt
1508 2589 1621 2628 solus
1641 2589 1847 2636 habitem,

246 2661 296 2686 ac
319 2661 396 2686 nec
420 2647 524 2685 alios
546 2646 673 2684 liceat
695 2645 875 2683 inuisere
898 2644 987 2682 sine
1010 2643 1267 2682 valetudinis
1290 2657 1409 2683 meae
1431 2643 1630 2695 periculo,
1655 2656 1732 2683 nec
1756 2643 1849 2682 aliis

248 2715 313 2741 me
341 2702 468 2741 liceat
493 2700 674 2739 inuisere
701 2699 808 2738 citra
833 2697 1164 2745 incommodum,
1193 2699 1267 2749 qui
1293 2712 1379 2737 non
1406 2699 1546 2737 minus
1573 2697 1849 2738 offenduntur

246 2756 399 2807 frigore
418 2768 512 2795 meo
530 2767 661 2806 quam
679 2766 755 2805 ego
773 2752 941 2791 illorum
959 2752 1108 2791 calore.
1157 2752 1269 2791 Illud
1287 2766 1434 2792 verum
1452 2756 1531 2799 est,
1551 2765 1640 2792 esse
1657 2751 1850 2791 Basileae

249 2811 322 2861 qui
342 2810 445 2848 mihi
463 2809 588 2848 aedes
606 2808 718 2847 dono
737 2806 896 2846 obtulit
920 2807 1241 2859 quadringentis
1260 2806 1427 2846 florenis
1447 2807 1582 2846 aureis
1602 2810 1782 2857 emptas,
1804 2806 1849 2844 in

294 2917 369 2947 495.
396 2904 580 2943 quernos]
597 2905 647 2937 Cf.
666 2905 731 2946 Ep.
748 2915 824 2947 453.
843 2915 874 2944 9.
1129 2916 1204 2948 517.
1223 2905 1444 2946 fabularum]
1461 2905 1515 2936 Cf.
1533 2905 1568 2936 ll.
1588 2915 1684 2946 1-15.

295 2959 368 2990 514.
395 2948 584 2989 profectos]
612 2949 662 2981 Cf.
687 2959 747 2990 my
769 2950 838 2989 Aqe
859 2946 896 2989 of
914 2948 1014 2980 Era-s·
1129 2960 1204 2990 523.
1232 2948 1845 2990 hypocausta]Cf.ll.189-92,570-1.

251 3001 338 3029 mm,
360 3000 455 3031 1914,
474 3002 532 3032 pp.
552 2994 694 3033 277-81.
1130 3003 1203 3033 534-
1231 2992 1347 3030 aedes]
1364 2992 1425 3024 See
1443 2992 1507 3032 Ep.
1530 2993 1622 3031 1316.
1649 2993 1726 3033 38n.
1776 2990 1849 3022 The

295 3037 371 3077 516.
395 3034 596 3076 prouerbio]
615 3035 678 3066 See
696 3034 807 3074 Adaq.
826 3037 902 3076 830.
1087 3045 1201 3066 owner
1216 3036 1250 3066 of
1262 3036 1291 3066 it
1302 3046 1371 3066 was
1387 3035 1541 3067 Froben:
1558 3045 1612 3066 see
1627 3043 1680 3066 111.
1704 3043 1810 3072 120,1.
