2012 3370
130 145 252 196 1372]
449 143 607 183 FROM
636 141 1086 181 BARTHOLOMEW
1116 140 1400 181 VILLANUS
1644 141 1718 180 301

131 256 169 284 to
184 262 205 284 a
226 251 359 293 reprint
378 252 415 284 in
436 251 543 284 Scelta
562 250 599 284 di
619 250 779 283 curiositd
801 250 970 288 lateraria
988 261 1045 283 no.
1067 253 1139 295 187,
1159 251 1324 293 Bologna,
1350 253 1443 290 1882,
1468 251 1502 283 of
1518 261 1539 283 a
1555 261 1657 293 poem
1675 251 1721 292 by

132 295 252 327 Franc.
278 295 416 333 villani,
433 296 483 327 La
500 295 625 326 Guerra
640 294 677 326 di
695 294 923 333 Pontricmoli,
940 294 1115 333 Florence,
1137 295 1247 336 1556]

183 363 284 403 NISI
321 363 448 402 michi
484 374 730 414 persuasum
766 361 889 408 foret,
928 363 1240 413 germanissimo
1278 363 1504 402 Christiani
1540 362 1722 401 nominis

130 422 312 457 assertor
349 417 545 468 idemque
583 417 716 455 totius
755 416 1000 455 literaturae
1039 420 1183 456 nostro
1223 430 1328 456 aeuo
1367 417 1490 456 facile
1528 417 1722 468 princeps

131 472 351 523 (patiatur,
372 471 556 517 obsecre,
578 474 654 509 tua
681 470 901 516 modestia,
931 470 1034 521 quid
1062 471 1227 509 animus
1255 484 1372 510 meus
1400 471 1452 510 de
1479 475 1523 510 te
1550 471 1720 517 sentiat,

129 526 342 577 paulisper
379 524 754 573 exhalare),—-m‘si,
793 525 982 575 inquam,
1023 538 1269 576 persuasum
1308 525 1410 563 mihi
1450 525 1574 576 plane
1611 525 1722 563 foret

130 581 265 619 vitam
303 584 424 619 tuam
462 592 510 618 ac
548 592 684 618 mores
722 578 818 617 stilo
857 579 1158 629 doctrinaeque
1195 583 1295 618 tuae
1334 579 1597 630 respondere,
1636 591 1758 623 110115

129 634 328 673 auderem
350 633 728 685 inpraesentiarum
757 633 821 671 his
845 633 948 671 meis
971 633 1141 683 ineptiis
1169 633 1395 671 altissimas
1423 633 1721 684 occupationes

128 692 226 727 tuas
270 688 548 739 interpellare.
604 687 718 726 Noui
761 686 969 738 siquidem
1014 687 1177 725 dudum
1222 700 1318 726 cum
1363 700 1415 726 ex
1460 687 1721 726 sermonibus

130 742 374 789 multorum,
409 747 502 781 tum
534 741 724 781 exactius
757 754 809 780 ex
841 741 957 780 libris
990 741 1064 792 qui
1096 741 1175 780 sub
1208 741 1273 780 tui
1305 741 1507 792 praeclari
1540 741 1721 779 nominis

130 797 316 847 auspicio
360 809 434 847 per
476 796 729 842 vniuersam,
775 799 826 834 vt
868 795 1091 834 Verisimile
1135 799 1212 842 est,
1259 795 1475 845 Europam
1519 795 1723 833 foeliciter

129 850 422 897 obambulant,
462 854 625 901 quanta
663 850 719 888 sit
757 850 997 888 Erasmicae
1035 849 1283 888 eruditionis
1321 849 1552 900 opulentia,
1592 861 1722 899 quam
1746 862 1784 884 10

130 905 384 955 multiplices
417 904 527 943 illius
565 905 883 955 omnigenarum
922 904 1193 942 scientiarum
1232 904 1420 942 diuitiae.
1478 903 1600 942 Vnde
1637 916 1723 941 non

128 959 339 998 immerito
360 958 602 997 admonitus
621 962 831 1009 quantum
851 958 1060 1008 supercilii
1079 957 1212 997 soleat
1232 958 1419 996 humana
1437 958 1520 996 ista
1540 957 1724 1009 cognitio

127 1026 414 1065 possessorum
442 1026 613 1052 suorum
637 1012 848 1051 frontibus
873 1012 1051 1063 affigere,
1077 1012 1234 1051 nedum
1263 1012 1441 1051 scribere
1470 1011 1544 1051 sed
1571 1025 1647 1050 nec
1672 1011 1725 1050 de

129 1067 349 1107 scribendo
395 1067 567 1118 quidem
614 1067 798 1118 cogitare
844 1067 1230 1118 praesumpsissem,
1278 1067 1322 1105 ni
1369 1070 1579 1117 quantum
1626 1066 1724 1104 hinc

128 1122 368 1161 terrebatur
390 1135 485 1160 mea
507 1121 729 1172 pusillitas,
754 1125 925 1160 tantum
948 1121 1046 1159 inde
1070 1121 1312 1160 confortata
1334 1120 1484 1160 fuisset
1507 1119 1723 1166 audentia,
1748 1134 1782 1166 15

129 1176 376 1215 existimans
399 1180 586 1226 quantus
610 1175 812 1214 Erasmus
833 1176 922 1226 ipse
944 1175 988 1213 in
1011 1175 1250 1214 Christiana
1272 1174 1554 1226 phylosophia
1576 1173 1723 1225 phylo-

128 1231 286 1281 sophus
302 1230 502 1269 existeret
521 1243 529 1268 :
562 1230 681 1269 cuius
696 1243 795 1268 sane
811 1228 1080 1280 professionis
1096 1229 1139 1267 id
1154 1230 1199 1267 in
1214 1229 1360 1280 primis
1376 1233 1486 1268 esset
1502 1229 1724 1280 peculiare,

129 1289 179 1323 vt
209 1298 261 1323 ex
292 1284 401 1335 lupis
433 1297 575 1335 agnos,
608 1297 660 1322 ex
692 1284 899 1334 anguibus
930 1296 1099 1334 quoque
1131 1283 1348 1322 columbos
1379 1283 1573 1322 efficeret.
1631 1282 1725 1320 Hac

128 1339 257 1389 igitur
293 1337 449 1377 fiducia
485 1337 632 1384 fretus,
673 1338 956 1388 amplissimae
994 1338 1257 1388 praesentiae
1294 1341 1394 1376 tuae
1432 1350 1506 1388 per
1543 1336 1726 1375 incultas

129 1393 204 1431 has
234 1391 422 1431 literulas
454 1404 569 1430 meas
599 1404 813 1430 accessum
843 1404 929 1430 non
959 1392 1127 1442 expaui.
1186 1391 1348 1439 Quibus
1377 1391 1422 1429 id
1453 1395 1553 1429 ante
1583 1391 1726 1429 omnia
1744 1404 1788 1428 20

129 1450 396 1498 perspectum
426 1446 486 1484 illi
515 1445 656 1492 velim,
688 1458 755 1484 me
784 1446 937 1497 iugiter
966 1446 1250 1496 omnipotenti
1280 1445 1371 1484 Deo
1402 1446 1560 1496 gratias
1590 1457 1725 1496 agere,

128 1500 245 1552 quod
281 1504 537 1551 tempestate
574 1500 658 1539 ista
696 1500 834 1539 virum
871 1500 1002 1539 talem
1040 1499 1270 1551 producere
1307 1499 1507 1550 dignatus
1545 1499 1613 1546 sit,
1652 1511 1727 1549 per

129 1555 248 1594 euius
272 1554 646 1605 incomparabilem
672 1567 854 1605 vereque
880 1554 1103 1594 coelestem
1129 1567 1301 1605 operam
1328 1553 1586 1605 Euangelica
1612 1565 1727 1604 seges

128 1613 196 1649 tot
215 1608 382 1648 tamdiu
402 1608 622 1660 superfluis
642 1608 781 1647 herbis
801 1608 968 1655 obruta,
989 1612 1058 1647 tot
1077 1609 1254 1659 spinosis
1275 1608 1474 1659 vepribus
1493 1607 1726 1658 implicata,

128 1667 197 1703 tot
227 1663 440 1702 damnosis
472 1663 641 1701 zizaniis
670 1663 932 1702 labefactata
962 1667 1144 1709 occatur,
1177 1662 1423 1714 explicetur,
1455 1666 1726 1713 expurgetur,
1746 1678 1763 1700 2
1770 1677 1784 1709 3

129 1717 236 1757 adeo
261 1721 311 1756 vt
336 1731 388 1756 ex
412 1717 523 1756 illius
548 1716 686 1756 farina
711 1717 1008 1768 quotidianum
1034 1730 1189 1768 panem
1215 1717 1294 1755 sibi
1320 1717 1498 1767 quisque
1524 1715 1727 1754 conficere

130 1771 466 1811 commodissime
491 1775 634 1822 queat.
692 1771 782 1822 Ego
807 1772 918 1810 enim
946 1773 1011 1820 (vt
1035 1771 1088 1810 de
1111 1784 1179 1810 me
1202 1774 1375 1810 tantum
1398 1770 1561 1821 loquar,
1587 1771 1727 1820 sitque

130 1826 234 1865 mihi
253 1826 375 1865 testis
394 1826 439 1864 in
458 1825 537 1864 hoc
557 1826 646 1876 ipse
666 1825 794 1871 Deus,
816 1825 932 1876 quod
951 1839 1038 1864 non
1058 1825 1270 1874 mentior),
1292 1825 1372 1864 etsi
1391 1838 1477 1863 non
1498 1823 1726 1863 asimbolus

129 1880 302 1920 omnino
333 1879 601 1931 quarundam
632 1879 915 1918 humanarum
946 1879 1216 1926 facultatum,
1248 1883 1299 1918 vt
1328 1882 1429 1930 pote
1460 1879 1534 1929 qui
1564 1878 1609 1916 in
1639 1877 1725 1916 dia-

130 1934 288 1974 lecticis
335 1934 688 1985 perplexitatibus
736 1934 1041 1984 aliquantisper
1088 1938 1281 1972 versatus
1329 1934 1421 1979 sim,
1470 1932 1727 1971 Aristotelici
1749 1947 1793 1980 30

130 1988 424 2039 Platonicique
445 1988 621 2039 gurgitis
642 1987 758 2026 vnda
779 1988 970 2027 nonnihil
992 2001 1198 2039 aspersus
1223 1987 1528 2039 Hippocratica
1550 1987 1728 2037 vestigia

131 2043 279 2081 dietim
310 2043 484 2081 imitans
518 2042 632 2091 (lieet
663 2055 808 2081 eorum
841 2043 1024 2093 cognitio
1057 2043 1177 2093 genio
1210 2055 1304 2080 meo
1336 2042 1495 2093 gratior
1527 2041 1727 2080 continuo

131 2110 262 2148 quam
303 2097 551 2136 exercitium
593 2097 815 2146 extiterit),
858 2097 1073 2148 religiosae
1116 2096 1335 2135 cuiusdam
1377 2096 1493 2134 Vitae
1536 2095 1727 2145 cupidus,

130 2151 392 2202 theologicae
411 2151 604 2190 veritatis
625 2150 829 2202 pabulum
850 2151 1160 2190 inhiantissimo
1181 2151 1334 2202 spiritu
1354 2163 1518 2201 semper
1539 2149 1699 2200 appetii
1721 2162 1728 2194 ;

132 2218 280 2245 verum
307 2205 549 2244 deterrebar
575 2205 629 2244 ab
656 2205 844 2256 ingressu
871 2205 926 2244 ob
952 2205 1215 2256 vepricosam
1242 2217 1398 2256 sepem,
1427 2217 1557 2255 quam
1584 2203 1728 2254 vulga·
1751 2220 1787 2252 33

132 2260 260 2299 tiores
301 2259 373 2298 isti
414 2259 600 2310 theologi
641 2263 732 2298 tam
775 2259 912 2299 laetae
954 2260 1106 2311 segetis
1150 2272 1300 2310 campo
1344 2258 1727 2298 circumduxerant.

132 2313 260 2353 Nulla
286 2314 411 2360 enim,
439 2317 490 2352 vt
515 2313 754 2361 videbatur,
782 2327 857 2366 per
881 2313 1049 2353 illorum
1076 2314 1413 2365 superstitiosam
1441 2313 1728 2352 curiositatem

133 2369 284 2407 semita
325 2372 598 2415 remanserat,
642 2381 753 2420 quae
795 2381 881 2407 non
923 2372 1018 2407 tota
1060 2369 1176 2419 prius
1219 2367 1431 2406 soluendis
1474 2365 1728 2417 quibusdam

133 2422 434 2461 anxiosissimis
462 2435 698 2474 parumque
727 2422 783 2462 ad
811 2435 899 2462 rem
928 2422 1183 2462 facientibus
1211 2421 1543 2473 quaestiunculis
1573 2419 1727 2458 exhan-

133 2476 285 2516 clanda
322 2476 446 2523 foret,
487 2480 718 2528 antequam
759 2477 814 2516 ad
854 2476 1086 2528 carpendos
1125 2476 1397 2516 suauissimos
1436 2474 1582 2514 messis
1621 2473 1730 2511 illius
1747 2490 1793 2521 40

133 2530 297 2570 fructus
319 2543 394 2582 per
416 2530 662 2570 diuturnam
686 2531 816 2570 etiam
840 2535 1027 2570 aetatem
1050 2531 1260 2582 perueniri
1282 2532 1438 2582 posset.

187 2584 246 2623 At
267 2584 393 2623 modo
414 2588 478 2631 tu,
501 2585 566 2624 vir
586 2585 947 2631 excellentissime,
970 2585 1277 2636 Compendium
1299 2583 1421 2622 nobis
1443 2581 1576 2620 veluti
1598 2580 1731 2631 digito

134 2639 497 2689 praemonstrasti,
535 2652 620 2689 quo
666 2639 721 2678 ad
764 2639 853 2688 [ad]
891 2640 1133 2678 verissimae
1177 2638 1413 2689 theologiae
1458 2636 1636 2681 culmen,
1676 2634 1729 2673 ad

135 2693 391 2731 certissimae
419 2692 725 2743 phylosophiae
754 2693 1012 2732 soliditatem
1037 2692 1234 2731 facillime
1258 2703 1565 2743 percurramus.
1613 2689 1730 2727 Haec

133 2751 199 2786 est
221 2746 412 2786 coelestis
434 2746 506 2785 illa
529 2751 573 2785 et
596 2759 693 2785 vere
716 2746 973 2798 Euangelica
996 2747 1150 2786 Christi
1174 2746 1380 2792 doctrina,
1406 2749 1496 2783 tam
1520 2744 1616 2790 leni,
1641 2747 1731 2782 tam
1749 2763 1789 2793 45

179 2866 230 2898 42.
257 2853 525 2895 Compendium]
544 2854 592 2886 As
612 2854 687 2886 first
706 2853 846 2895 printed
864 2854 899 2885 in
967 2853 1144 2894 reprinted
1173 2853 1208 2884 in
1239 2853 1298 2884 the
1329 2852 1370 2884 N.
1403 2853 1512 2890 Test„
1545 2860 1640 2892 1519,
1672 2851 1731 2882 tho

136 2898 196 2930 the
218 2898 254 2930 N
291 2899 568 2935 Instrumentum,
597 2899 692 2937 1516,
717 2896 777 2929 the
801 2897 901 2929 Ratio
966 2897 1148 2937 title—page
1169 2896 1231 2927 has
1252 2895 1351 2927 Ratio
1370 2906 1429 2927 seu,
1450 2895 1627 2927 Methodus
1646 2904 1728 2927 com-

136 2952 228 2973 verae
256 2941 450 2981 Theoloqiae
478 2942 547 2981 (see
575 2941 665 2982 Epp.
694 2948 770 2982 745,
802 2941 899 2981 1365)
966 2938 1730 2981 ΡοηάίορενῑιεηίεηάίαᾶυρταφηΤῘιεοίορίαηις

135 2985 165 3017 is
187 2984 336 3017 entitled
357 2984 486 3025 simply
511 2984 698 3016 Mellzodus.
746 2984 788 3015 In
812 2984 900 3015 Mar·
968 2983 1037 3015 and
1056 2982 1116 3014 the
1134 2982 1226 3014 book
1244 2983 1271 3014 is
1290 2982 1424 3014 headed
1443 2982 1542 3014 Ratio
1559 2991 1616 3013 seu
1635 2982 1730 3013 Gom-

137 3028 223 3060 tens’
255 3028 401 3067 edition,
433 3028 521 3060 Nov.
562 3030 655 3069 1518,
688 3027 800 3060 which
834 3037 902 3059 was
968 3026 1129 3064 pendium
1147 3036 1238 3058 verae
1258 3026 1463 3067 Theoloqiae.
