<?xml version="1.0" encoding="UTF-8"?>
<!DOCTYPE html PUBLIC "-//W3C//DTD XHTML 1.0 Transitional//EN"
    "http://www.w3.org/TR/xhtml1/DTD/xhtml1-transitional.dtd">
<html xmlns="http://www.w3.org/1999/xhtml" xml:lang="en" lang="en">
 <head>
  <title>
</title>
<meta http-equiv="Content-Type" content="text/html;charset=utf-8" />
  <meta name='ocr-system' content='tesseract 3.04.00' />
  <meta name='ocr-capabilities' content='ocr_page ocr_carea ocr_par ocr_line ocrx_word'/>
</head>
<body>
  <div class='ocr_page' id='page_1' title='image "./opusepistolarum05eras_0330.png"; bbox 0 0 2012 3370; ppageno 0'>
   <div class='ocr_carea' id='block_1_1' title="bbox 199 307 239 339">
    <p class='ocr_par' dir='ltr' id='par_1_1' title="bbox 199 307 239 339">
     <span class='ocr_line' id='line_1_1' title="bbox 199 307 239 339; baseline 0.05 -2"><span class='ocrx_word' id='word_1_1' title='bbox 199 307 239 339; x_wconf 80' lang='lat'>45</span> 
     </span>
    </p>
   </div>
   <div class='ocr_carea' id='block_1_2' title="bbox 199 850 236 882">
    <p class='ocr_par' dir='ltr' id='par_1_2' title="bbox 199 850 236 882">
     <span class='ocr_line' id='line_1_2' title="bbox 199 850 236 882; baseline 0 0"><span class='ocrx_word' id='word_1_2' title='bbox 199 850 236 882; x_wconf 76' lang='lat'>5&gt;</span> 
     </span>
    </p>
   </div>
   <div class='ocr_carea' id='block_1_3' title="bbox 195 1115 240 1145">
    <p class='ocr_par' dir='ltr' id='par_1_3' title="bbox 195 1115 240 1145">
     <span class='ocr_line' id='line_1_3' title="bbox 195 1115 240 1145; baseline -0.022 0"><span class='ocrx_word' id='word_1_3' title='bbox 195 1115 240 1145; x_wconf 81' lang='lat'>60</span> 
     </span>
    </p>
   </div>
   <div class='ocr_carea' id='block_1_4' title="bbox 195 2204 239 2234">
    <p class='ocr_par' dir='ltr' id='par_1_4' title="bbox 195 2204 239 2234">
     <span class='ocr_line' id='line_1_4' title="bbox 195 2204 239 2234; baseline -0.023 0"><span class='ocrx_word' id='word_1_4' title='bbox 195 2204 239 2234; x_wconf 88' lang='lat'>80</span> 
     </span>
    </p>
   </div>
   <div class='ocr_carea' id='block_1_5' title="bbox 261 125 1860 185">
    <p class='ocr_par' dir='ltr' id='par_1_5' title="bbox 261 125 1860 185">
     <span class='ocr_line' id='line_1_5' title="bbox 261 125 1860 185; baseline 0.007 -21"><span class='ocrx_word' id='word_1_5' title='bbox 261 125 340 165; x_wconf 82' lang='lat'>298</span> <span class='ocrx_word' id='word_1_6' title='bbox 734 129 989 169; x_wconf 77' lang='lat' dir='ltr'>LETTERS</span> <span class='ocrx_word' id='word_1_7' title='bbox 1021 130 1093 169; x_wconf 82' lang='lat' dir='ltr'>OF</span> <span class='ocrx_word' id='word_1_8' title='bbox 1123 131 1387 173; x_wconf 79' lang='lat' dir='ltr'>ERASMUS</span> <span class='ocrx_word' id='word_1_9' title='bbox 1737 136 1860 185; x_wconf 85' lang='lat'>[1523</span> 
     </span>
    </p>
   </div>
   <div class='ocr_carea' id='block_1_6' title="bbox 259 237 1860 560">
    <p class='ocr_par' dir='ltr' id='par_1_6' title="bbox 259 237 1860 560">
     <span class='ocr_line' id='line_1_6' title="bbox 261 237 1860 294; baseline 0.006 -21"><span class='ocrx_word' id='word_1_10' title='bbox 261 248 465 287; x_wconf 89' lang='lat' dir='ltr'>suspenso</span> <span class='ocrx_word' id='word_1_11' title='bbox 504 237 653 277; x_wconf 83' lang='lat' dir='ltr'>fuisset</span> <span class='ocrx_word' id='word_1_12' title='bbox 696 241 938 290; x_wconf 82' lang='lat' dir='ltr'>(propterca</span> <span class='ocrx_word' id='word_1_13' title='bbox 978 241 1093 292; x_wconf 91' lang='lat' dir='ltr'>quod</span> <span class='ocrx_word' id='word_1_14' title='bbox 1135 242 1228 280; x_wconf 84' lang='lat' dir='ltr'>Rex</span> <span class='ocrx_word' id='word_1_15' title='bbox 1269 242 1323 280; x_wconf 90' lang='lat' dir='ltr'>ad</span> <span class='ocrx_word' id='word_1_16' title='bbox 1365 241 1611 292; x_wconf 77' lang='lat' dir='ltr'>Allobroges</span> <span class='ocrx_word' id='word_1_17' title='bbox 1651 242 1860 294; x_wconf 87' lang='lat' dir='ltr'>digressus</span> 
     </span>
     <span class='ocr_line' id='line_1_7' title="bbox 262 291 1860 347; baseline 0.005 -19"><span class='ocrx_word' id='word_1_18' title='bbox 262 291 446 330; x_wconf 83' lang='lat' dir='ltr'>venandi</span> <span class='ocrx_word' id='word_1_19' title='bbox 469 305 596 331; x_wconf 87' lang='lat' dir='ltr'>causa</span> <span class='ocrx_word' id='word_1_20' title='bbox 617 294 832 345; x_wconf 85' lang='lat' dir='ltr'>animique</span> <span class='ocrx_word' id='word_1_21' title='bbox 853 295 1007 342; x_wconf 81' lang='lat' dir='ltr'>fuerat,</span> <span class='ocrx_word' id='word_1_22' title='bbox 1032 297 1239 335; x_wconf 86' lang='lat' dir='ltr'>comitatu</span> <span class='ocrx_word' id='word_1_23' title='bbox 1261 297 1430 334; x_wconf 79' lang='lat' dir='ltr'>interim</span> <span class='ocrx_word' id='word_1_24' title='bbox 1455 309 1550 333; x_wconf 84' lang='lat' dir='ltr'>cum</span> <span class='ocrx_word' id='word_1_25' title='bbox 1576 296 1702 347; x_wconf 80' lang='lat' dir='ltr'>Regis</span> <span class='ocrx_word' id='word_1_26' title='bbox 1723 302 1860 336; x_wconf 88' lang='lat' dir='ltr'>matre</span> 
     </span>
     <span class='ocr_line' id='line_1_8' title="bbox 262 344 1857 401; baseline 0.005 -19"><span class='ocrx_word' id='word_1_27' title='bbox 262 344 457 394; x_wconf 82' lang='lat' dir='ltr'>Lugduni</span> <span class='ocrx_word' id='word_1_28' title='bbox 485 348 724 396; x_wconf 70' lang='lat' dir='ltr'>existente),</span> <span class='ocrx_word' id='word_1_29' title='bbox 754 350 980 400; x_wconf 88' lang='lat' dir='ltr'>quisquam</span> <span class='ocrx_word' id='word_1_30' title='bbox 1009 351 1110 389; x_wconf 88' lang='lat' dir='ltr'>mihi</span> <span class='ocrx_word' id='word_1_31' title='bbox 1139 350 1389 401; x_wconf 79' lang='lat' dir='ltr'>persuadere</span> <span class='ocrx_word' id='word_1_32' title='bbox 1416 351 1560 400; x_wconf 89' lang='lat' dir='ltr'>potuit</span> <span class='ocrx_word' id='word_1_33' title='bbox 1586 355 1636 389; x_wconf 85' lang='lat' dir='ltr'>vt</span> <span class='ocrx_word' id='word_1_34' title='bbox 1653 352 1697 389; x_wconf 94' lang='lat' dir='ltr'>in</span> <span class='ocrx_word' id='word_1_35' title='bbox 1717 352 1857 390; x_wconf 88' lang='lat' dir='ltr'>aulam</span> 
     </span>
     <span class='ocr_line' id='line_1_9' title="bbox 261 400 1857 455; baseline 0.005 -19"><span class='ocrx_word' id='word_1_36' title='bbox 261 400 497 446; x_wconf 84' lang='lat' dir='ltr'>scriberem,</span> <span class='ocrx_word' id='word_1_37' title='bbox 539 414 592 439; x_wconf 92' lang='lat' dir='ltr'>ne</span> <span class='ocrx_word' id='word_1_38' title='bbox 632 402 804 452; x_wconf 90' lang='lat' dir='ltr'>quidem</span> <span class='ocrx_word' id='word_1_39' title='bbox 845 403 1005 443; x_wconf 91' lang='lat' dir='ltr'>homini</span> <span class='ocrx_word' id='word_1_40' title='bbox 1047 405 1149 443; x_wconf 88' lang='lat' dir='ltr'>mihi</span> <span class='ocrx_word' id='word_1_41' title='bbox 1190 406 1326 443; x_wconf 86' lang='lat' dir='ltr'>amico</span> <span class='ocrx_word' id='word_1_42' title='bbox 1366 404 1534 455; x_wconf 89' lang='lat' dir='ltr'>illicque</span> <span class='ocrx_word' id='word_1_43' title='bbox 1574 407 1857 455; x_wconf 88' lang='lat' dir='ltr'>praepotenti.</span> 
     </span>
     <span class='ocr_line' id='line_1_10' title="bbox 261 452 1858 507; baseline 0.005 -17"><span class='ocrx_word' id='word_1_44' title='bbox 261 452 411 499; x_wconf 82' lang='lat' dir='ltr'>Quoad</span> <span class='ocrx_word' id='word_1_45' title='bbox 440 467 537 492; x_wconf 89' lang='lat' dir='ltr'>cum</span> <span class='ocrx_word' id='word_1_46' title='bbox 565 456 651 494; x_wconf 87' lang='lat' dir='ltr'>iam</span> <span class='ocrx_word' id='word_1_47' title='bbox 681 457 850 507; x_wconf 80' lang='lat' dir='ltr'>plurimi</span> <span class='ocrx_word' id='word_1_48' title='bbox 879 460 1174 498; x_wconf 67' lang='lat' dir='ltr'>existimarent</span> <span class='ocrx_word' id='word_1_49' title='bbox 1201 460 1361 498; x_wconf 84' lang='lat' dir='ltr'>incuria</span> <span class='ocrx_word' id='word_1_50' title='bbox 1392 472 1486 497; x_wconf 82' lang='lat' dir='ltr'>mea</span> <span class='ocrx_word' id='word_1_51' title='bbox 1514 471 1603 497; x_wconf 90' lang='lat' dir='ltr'>rcm</span> <span class='ocrx_word' id='word_1_52' title='bbox 1632 460 1858 498; x_wconf 88' lang='lat' dir='ltr'>euanidam</span> 
     </span>
     <span class='ocr_line' id='line_1_11' title="bbox 259 507 1859 560; baseline 0.006 -16"><span class='ocrx_word' id='word_1_53' title='bbox 259 507 424 553; x_wconf 85' lang='lat' dir='ltr'>abiisse,</span> <span class='ocrx_word' id='word_1_54' title='bbox 448 510 639 549; x_wconf 78' lang='lat' dir='ltr'>nonnulli</span> <span class='ocrx_word' id='word_1_55' title='bbox 661 512 791 550; x_wconf 82' lang='lat' dir='ltr'>ctiam</span> <span class='ocrx_word' id='word_1_56' title='bbox 813 513 857 551; x_wconf 87' lang='lat' dir='ltr'>id</span> <span class='ocrx_word' id='word_1_57' title='bbox 880 513 1152 560; x_wconf 87' lang='lat' dir='ltr'>affirmarent,</span> <span class='ocrx_word' id='word_1_58' title='bbox 1176 527 1270 553; x_wconf 77' lang='lat' dir='ltr'>ecce</span> <span class='ocrx_word' id='word_1_59' title='bbox 1293 513 1540 551; x_wconf 83' lang='lat' dir='ltr'>fasciculum</span> <span class='ocrx_word' id='word_1_60' title='bbox 1563 513 1781 552; x_wconf 89' lang='lat' dir='ltr'>literarum</span> <span class='ocrx_word' id='word_1_61' title='bbox 1805 514 1859 553; x_wconf 89' lang='lat' dir='ltr'>ab</span> 
     </span>
    </p>
   </div>
   <div class='ocr_carea' id='block_1_7' title="bbox 203 562 1861 619">
    <p class='ocr_par' dir='ltr' id='par_1_7' title="bbox 203 562 1861 619">
     <span class='ocr_line' id='line_1_12' title="bbox 203 562 1861 619; baseline 0.005 -21"><span class='ocrx_word' id='word_1_62' title='bbox 203 578 213 586; x_wconf 56' lang='grc' dir='ltr'><em>ν</em></span> <span class='ocrx_word' id='word_1_63' title='bbox 259 562 470 601; x_wconf 88' lang='lat' dir='ltr'>armillato</span> <span class='ocrx_word' id='word_1_64' title='bbox 488 564 711 605; x_wconf 89' lang='lat' dir='ltr'>tabellario</span> <span class='ocrx_word' id='word_1_65' title='bbox 729 566 921 614; x_wconf 89' lang='lat' dir='ltr'>allatum,</span> <span class='ocrx_word' id='word_1_66' title='bbox 940 569 985 606; x_wconf 93' lang='lat' dir='ltr'>in</span> <span class='ocrx_word' id='word_1_67' title='bbox 1003 582 1088 618; x_wconf 92' lang='lat' dir='ltr'>quo</span> <span class='ocrx_word' id='word_1_68' title='bbox 1108 568 1285 607; x_wconf 82' lang='lat' dir='ltr'>codicilli</span> <span class='ocrx_word' id='word_1_69' title='bbox 1305 572 1427 606; x_wconf 78' lang='lat' dir='ltr'>erant</span> <span class='ocrx_word' id='word_1_70' title='bbox 1444 568 1545 617; x_wconf 88' lang='lat' dir='ltr'>rcgii</span> <span class='ocrx_word' id='word_1_71' title='bbox 1565 581 1660 605; x_wconf 89' lang='lat' dir='ltr'>cum</span> <span class='ocrx_word' id='word_1_72' title='bbox 1681 568 1861 619; x_wconf 88' lang='lat' dir='ltr'>epistola</span> 
     </span>
    </p>
   </div>
   <div class='ocr_carea' id='block_1_8' title="bbox 258 616 1859 832">
    <p class='ocr_par' dir='ltr' id='par_1_8' title="bbox 258 616 1859 832">
     <span class='ocr_line' id='line_1_13' title="bbox 258 616 1859 674; baseline 0.006 -21"><span class='ocrx_word' id='word_1_73' title='bbox 258 616 445 654; x_wconf 89' lang='lat' dir='ltr'>ciusdem</span> <span class='ocrx_word' id='word_1_74' title='bbox 468 618 523 656; x_wconf 88' lang='lat' dir='ltr'>ad</span> <span class='ocrx_word' id='word_1_75' title='bbox 545 631 624 658; x_wconf 91' lang='lat' dir='ltr'>me.</span> <span class='ocrx_word' id='word_1_76' title='bbox 683 620 829 660; x_wconf 89' lang='lat' dir='ltr'>Voluit</span> <span class='ocrx_word' id='word_1_77' title='bbox 850 623 961 660; x_wconf 88' lang='lat' dir='ltr'>enim</span> <span class='ocrx_word' id='word_1_78' title='bbox 984 622 1184 673; x_wconf 75' lang='lat' dir='ltr'>Princeps</span> <span class='ocrx_word' id='word_1_79' title='bbox 1206 623 1535 661; x_wconf 87' lang='lat' dir='ltr'>humanissimus</span> <span class='ocrx_word' id='word_1_80' title='bbox 1556 622 1859 674; x_wconf 85' lang='lat' dir='ltr'>litera-rumque</span> 
     </span>
     <span class='ocr_line' id='line_1_14' title="bbox 259 670 1859 727; baseline 0.005 -20"><span class='ocrx_word' id='word_1_81' title='bbox 259 670 493 710; x_wconf 72' lang='lat' dir='ltr'>admirator</span> <span class='ocrx_word' id='word_1_82' title='bbox 519 673 731 713; x_wconf 81' lang='lat' dir='ltr'>codicillos</span> <span class='ocrx_word' id='word_1_83' title='bbox 758 677 888 714; x_wconf 90' lang='lat' dir='ltr'>etiam</span> <span class='ocrx_word' id='word_1_84' title='bbox 916 677 1089 715; x_wconf 90' lang='lat' dir='ltr'>domum</span> <span class='ocrx_word' id='word_1_85' title='bbox 1119 677 1173 715; x_wconf 89' lang='lat' dir='ltr'>ad</span> <span class='ocrx_word' id='word_1_86' title='bbox 1201 690 1267 715; x_wconf 89' lang='lat' dir='ltr'>me</span> <span class='ocrx_word' id='word_1_87' title='bbox 1295 677 1406 714; x_wconf 84' lang='lat' dir='ltr'>vltro</span> <span class='ocrx_word' id='word_1_88' title='bbox 1435 677 1577 715; x_wconf 84' lang='lat' dir='ltr'>mitti:</span> <span class='ocrx_word' id='word_1_89' title='bbox 1622 677 1737 727; x_wconf 89' lang='lat' dir='ltr'>quod</span> <span class='ocrx_word' id='word_1_90' title='bbox 1764 690 1859 715; x_wconf 90' lang='lat' dir='ltr'>raro</span> 
     </span>
     <span class='ocr_line' id='line_1_15' title="bbox 258 723 1857 782; baseline 0.004 -20"><span class='ocrx_word' id='word_1_91' title='bbox 258 723 347 763; x_wconf 87' lang='lat' dir='ltr'>fieri</span> <span class='ocrx_word' id='word_1_92' title='bbox 376 725 495 765; x_wconf 88' lang='lat' dir='ltr'>solet.</span> <span class='ocrx_word' id='word_1_93' title='bbox 555 728 607 766; x_wconf 90' lang='lat' dir='ltr'>Id</span> <span class='ocrx_word' id='word_1_94' title='bbox 635 742 736 768; x_wconf 87' lang='lat' dir='ltr'>vero</span> <span class='ocrx_word' id='word_1_95' title='bbox 764 730 893 770; x_wconf 90' lang='lat' dir='ltr'>decus</span> <span class='ocrx_word' id='word_1_96' title='bbox 921 745 1006 770; x_wconf 93' lang='lat' dir='ltr'>non</span> <span class='ocrx_word' id='word_1_97' title='bbox 1035 732 1258 777; x_wconf 82' lang='lat' dir='ltr'>mediocre,</span> <span class='ocrx_word' id='word_1_98' title='bbox 1288 744 1373 769; x_wconf 91' lang='lat' dir='ltr'>non</span> <span class='ocrx_word' id='word_1_99' title='bbox 1403 735 1493 769; x_wconf 88' lang='lat' dir='ltr'>tam</span> <span class='ocrx_word' id='word_1_100' title='bbox 1524 730 1700 770; x_wconf 87' lang='lat' dir='ltr'>Budaeo</span> <span class='ocrx_word' id='word_1_101' title='bbox 1728 744 1857 782; x_wconf 88' lang='lat' dir='ltr'>quam</span> 
     </span>
     <span class='ocr_line' id='line_1_16' title="bbox 258 780 1859 832; baseline 0.004 -15"><span class='ocrx_word' id='word_1_102' title='bbox 258 780 419 818; x_wconf 91' lang='lat' dir='ltr'>nomini</span> <span class='ocrx_word' id='word_1_103' title='bbox 460 785 590 832; x_wconf 91' lang='lat' dir='ltr'>atque</span> <span class='ocrx_word' id='word_1_104' title='bbox 631 785 795 823; x_wconf 83' lang='lat' dir='ltr'>nationi</span> <span class='ocrx_word' id='word_1_105' title='bbox 835 786 880 825; x_wconf 92' lang='lat' dir='ltr'>in</span> <span class='ocrx_word' id='word_1_106' title='bbox 920 787 1166 825; x_wconf 85' lang='lat' dir='ltr'>vniuersum</span> <span class='ocrx_word' id='word_1_107' title='bbox 1206 786 1423 824; x_wconf 88' lang='lat' dir='ltr'>literarum</span> <span class='ocrx_word' id='word_1_108' title='bbox 1467 785 1673 824; x_wconf 87' lang='lat' dir='ltr'>bonarum</span> <span class='ocrx_word' id='word_1_109' title='bbox 1716 786 1859 824; x_wconf 89' lang='lat' dir='ltr'>studia</span> 
     </span>
    </p>
   </div>
   <div class='ocr_carea' id='block_1_9' title="bbox 224 833 1858 891">
    <p class='ocr_par' dir='ltr' id='par_1_9' title="bbox 224 833 1858 891">
     <span class='ocr_line' id='line_1_17' title="bbox 224 833 1858 891; baseline 0.004 -20"><span class='ocrx_word' id='word_1_110' title='bbox 224 850 235 856; x_wconf 89' lang='grc'>-</span> <span class='ocrx_word' id='word_1_111' title='bbox 258 833 501 881; x_wconf 90' lang='lat' dir='ltr'>colentium,</span> <span class='ocrx_word' id='word_1_112' title='bbox 528 836 718 876; x_wconf 89' lang='lat' dir='ltr'>delatum</span> <span class='ocrx_word' id='word_1_113' title='bbox 744 852 833 878; x_wconf 87' lang='lat' dir='ltr'>esse</span> <span class='ocrx_word' id='word_1_114' title='bbox 859 853 1004 879; x_wconf 88' lang='lat' dir='ltr'>omnes</span> <span class='ocrx_word' id='word_1_115' title='bbox 1028 840 1423 891; x_wconf 81' lang='lat' dir='ltr'>interpretabantur</span> <span class='ocrx_word' id='word_1_116' title='bbox 1443 853 1450 878; x_wconf 91' lang='lat'>:</span> <span class='ocrx_word' id='word_1_117' title='bbox 1492 839 1688 878; x_wconf 79' lang='lat' dir='ltr'>fortunas</span> <span class='ocrx_word' id='word_1_118' title='bbox 1713 844 1858 879; x_wconf 89' lang='lat' dir='ltr'>tamen</span> 
     </span>
    </p>
   </div>
   <div class='ocr_carea' id='block_1_10' title="bbox 254 889 1859 1925">
    <p class='ocr_par' dir='ltr' id='par_1_10' title="bbox 258 889 1530 945">
     <span class='ocr_line' id='line_1_18' title="bbox 258 889 1530 945; baseline 0.006 -19"><span class='ocrx_word' id='word_1_119' title='bbox 258 892 425 927; x_wconf 86' lang='lat' dir='ltr'>nostras</span> <span class='ocrx_word' id='word_1_120' title='bbox 448 889 794 944; x_wconf 84' lang='lat' dir='ltr'>fastigiolumque</span> <span class='ocrx_word' id='word_1_121' title='bbox 817 907 903 932; x_wconf 93' lang='lat' dir='ltr'>non</span> <span class='ocrx_word' id='word_1_122' title='bbox 926 895 1119 945; x_wconf 92' lang='lat' dir='ltr'>quolibet</span> <span class='ocrx_word' id='word_1_123' title='bbox 1142 894 1270 933; x_wconf 91' lang='lat' dir='ltr'>modo</span> <span class='ocrx_word' id='word_1_124' title='bbox 1290 899 1530 933; x_wconf 83' lang='lat' dir='ltr'>aucturum.</span> 
     </span>
    </p>

    <p class='ocr_par' dir='ltr' id='par_1_11' title="bbox 254 943 1859 1925">
     <span class='ocr_line' id='line_1_19' title="bbox 312 943 1857 999; baseline 0.004 -18"><span class='ocrx_word' id='word_1_125' title='bbox 312 943 541 994; x_wconf 82' lang='lat' dir='ltr'>Collegium</span> <span class='ocrx_word' id='word_1_126' title='bbox 563 950 628 985; x_wconf 88' lang='lat' dir='ltr'>est</span> <span class='ocrx_word' id='word_1_127' title='bbox 648 948 949 995; x_wconf 90' lang='lat' dir='ltr'>octouirorum,</span> <span class='ocrx_word' id='word_1_128' title='bbox 971 962 1153 999; x_wconf 91' lang='lat' dir='ltr'>quorum</span> <span class='ocrx_word' id='word_1_129' title='bbox 1172 948 1337 988; x_wconf 79' lang='lat' dir='ltr'>functio</span> <span class='ocrx_word' id='word_1_130' title='bbox 1357 953 1487 999; x_wconf 87' lang='lat' dir='ltr'>atque</span> <span class='ocrx_word' id='word_1_131' title='bbox 1508 961 1635 999; x_wconf 86' lang='lat' dir='ltr'>opera</span> <span class='ocrx_word' id='word_1_132' title='bbox 1654 948 1857 988; x_wconf 89' lang='lat' dir='ltr'>latissime</span> 
     </span>
     <span class='ocr_line' id='line_1_20' title="bbox 256 997 1859 1054; baseline 0.004 -19"><span class='ocrx_word' id='word_1_133' title='bbox 256 997 300 1035; x_wconf 93' lang='lat' dir='ltr'>in</span> <span class='ocrx_word' id='word_1_134' title='bbox 330 999 477 1048; x_wconf 87' lang='lat' dir='ltr'>repub.</span> <span class='ocrx_word' id='word_1_135' title='bbox 511 1004 660 1050; x_wconf 86' lang='lat' dir='ltr'>patet:</span> <span class='ocrx_word' id='word_1_136' title='bbox 708 1002 917 1053; x_wconf 89' lang='lat' dir='ltr'>siquidem</span> <span class='ocrx_word' id='word_1_137' title='bbox 948 1004 991 1042; x_wconf 92' lang='lat' dir='ltr'>in</span> <span class='ocrx_word' id='word_1_138' title='bbox 1022 1004 1389 1054; x_wconf 88' lang='lat' dir='ltr'>praestantissima</span> <span class='ocrx_word' id='word_1_139' title='bbox 1419 1003 1505 1041; x_wconf 77' lang='lat' dir='ltr'>fere</span> <span class='ocrx_word' id='word_1_140' title='bbox 1535 1016 1706 1054; x_wconf 90' lang='lat' dir='ltr'>quaque</span> <span class='ocrx_word' id='word_1_141' title='bbox 1737 1008 1859 1054; x_wconf 87' lang='lat' dir='ltr'>parte</span> 
     </span>
     <span class='ocr_line' id='line_1_21' title="bbox 258 1053 1856 1109; baseline 0.005 -20"><span class='ocrx_word' id='word_1_142' title='bbox 258 1053 586 1102; x_wconf 84' lang='lat' dir='ltr'>magistratuum</span> <span class='ocrx_word' id='word_1_143' title='bbox 618 1055 757 1094; x_wconf 89' lang='lat' dir='ltr'>locum</span> <span class='ocrx_word' id='word_1_144' title='bbox 796 1058 1045 1107; x_wconf 88' lang='lat' dir='ltr'>primarium</span> <span class='ocrx_word' id='word_1_145' title='bbox 1077 1070 1126 1096; x_wconf 92' lang='lat' dir='ltr'>ac</span> <span class='ocrx_word' id='word_1_146' title='bbox 1164 1070 1388 1096; x_wconf 90' lang='lat' dir='ltr'>numerum</span> <span class='ocrx_word' id='word_1_147' title='bbox 1423 1057 1590 1096; x_wconf 89' lang='lat' dir='ltr'>obtinet</span> <span class='ocrx_word' id='word_1_148' title='bbox 1628 1058 1695 1096; x_wconf 88' lang='lat' dir='ltr'>hic</span> <span class='ocrx_word' id='word_1_149' title='bbox 1727 1059 1856 1109; x_wconf 88' lang='lat' dir='ltr'>magi·</span> 
     </span>
     <span class='ocr_line' id='line_1_22' title="bbox 257 1108 1858 1163; baseline 0.004 -20"><span class='ocrx_word' id='word_1_150' title='bbox 257 1109 431 1153; x_wconf 89' lang='lat' dir='ltr'>stratus,</span> <span class='ocrx_word' id='word_1_151' title='bbox 462 1108 507 1146; x_wconf 90' lang='lat' dir='ltr'>in</span> <span class='ocrx_word' id='word_1_152' title='bbox 543 1122 669 1159; x_wconf 91' lang='lat' dir='ltr'>quem</span> <span class='ocrx_word' id='word_1_153' title='bbox 708 1110 911 1150; x_wconf 89' lang='lat' dir='ltr'>beneficio</span> <span class='ocrx_word' id='word_1_154' title='bbox 940 1111 1147 1163; x_wconf 90' lang='lat' dir='ltr'>Principis</span> <span class='ocrx_word' id='word_1_155' title='bbox 1183 1112 1417 1163; x_wconf 88' lang='lat' dir='ltr'>adoptatus</span> <span class='ocrx_word' id='word_1_156' title='bbox 1454 1124 1561 1158; x_wconf 91' lang='lat' dir='ltr'>sum,</span> <span class='ocrx_word' id='word_1_157' title='bbox 1593 1113 1777 1162; x_wconf 91' lang='lat' dir='ltr'>primum</span> <span class='ocrx_word' id='word_1_158' title='bbox 1813 1113 1858 1151; x_wconf 92' lang='lat' dir='ltr'>in</span> 
     </span>
     <span class='ocr_line' id='line_1_23' title="bbox 257 1161 1858 1217; baseline 0.005 -20"><span class='ocrx_word' id='word_1_159' title='bbox 257 1172 411 1211; x_wconf 88' lang='lat' dir='ltr'>magno</span> <span class='ocrx_word' id='word_1_160' title='bbox 444 1161 650 1214; x_wconf 88' lang='lat' dir='ltr'>Principis</span> <span class='ocrx_word' id='word_1_161' title='bbox 684 1165 870 1212; x_wconf 88' lang='lat' dir='ltr'>consilio,</span> <span class='ocrx_word' id='word_1_162' title='bbox 903 1167 948 1204; x_wconf 91' lang='lat' dir='ltr'>in</span> <span class='ocrx_word' id='word_1_163' title='bbox 982 1167 1097 1205; x_wconf 88' lang='lat' dir='ltr'>curia</span> <span class='ocrx_word' id='word_1_164' title='bbox 1130 1167 1385 1213; x_wconf 86' lang='lat' dir='ltr'>centenaria,</span> <span class='ocrx_word' id='word_1_165' title='bbox 1421 1170 1551 1217; x_wconf 90' lang='lat' dir='ltr'>atque</span> <span class='ocrx_word' id='word_1_166' title='bbox 1583 1167 1628 1205; x_wconf 92' lang='lat' dir='ltr'>in</span> <span class='ocrx_word' id='word_1_167' title='bbox 1661 1166 1858 1206; x_wconf 91' lang='lat' dir='ltr'>omnibus</span> 
     </span>
     <span class='ocr_line' id='line_1_24' title="bbox 257 1213 1856 1272; baseline 0.005 -20"><span class='ocrx_word' id='word_1_168' title='bbox 257 1213 439 1266; x_wconf 88' lang='lat' dir='ltr'>denique</span> <span class='ocrx_word' id='word_1_169' title='bbox 475 1218 601 1256; x_wconf 91' lang='lat' dir='ltr'>curiis</span> <span class='ocrx_word' id='word_1_170' title='bbox 636 1221 825 1267; x_wconf 78' lang='lat' dir='ltr'>summis,</span> <span class='ocrx_word' id='word_1_171' title='bbox 863 1233 974 1271; x_wconf 88' lang='lat' dir='ltr'>quae</span> <span class='ocrx_word' id='word_1_172' title='bbox 1010 1234 1233 1260; x_wconf 88' lang='lat' dir='ltr'>causarum</span> <span class='ocrx_word' id='word_1_173' title='bbox 1270 1221 1466 1260; x_wconf 85' lang='lat' dir='ltr'>vltimam</span> <span class='ocrx_word' id='word_1_174' title='bbox 1503 1220 1856 1272; x_wconf 87' lang='lat' dir='ltr'>disceptationem</span> 
     </span>
     <span class='ocr_line' id='line_1_25' title="bbox 256 1268 1856 1322; baseline 0.005 -16"><span class='ocrx_word' id='word_1_175' title='bbox 256 1268 431 1316; x_wconf 89' lang='lat' dir='ltr'>habent,</span> <span class='ocrx_word' id='word_1_176' title='bbox 451 1271 624 1311; x_wconf 86' lang='lat' dir='ltr'>sedendi</span> <span class='ocrx_word' id='word_1_177' title='bbox 644 1273 941 1314; x_wconf 87' lang='lat' dir='ltr'>honestissimo</span> <span class='ocrx_word' id='word_1_178' title='bbox 959 1275 1051 1314; x_wconf 92' lang='lat' dir='ltr'>loco</span> <span class='ocrx_word' id='word_1_179' title='bbox 1076 1280 1121 1314; x_wconf 90' lang='lat' dir='ltr'>et</span> <span class='ocrx_word' id='word_1_180' title='bbox 1139 1275 1372 1315; x_wconf 90' lang='lat' dir='ltr'>secundum</span> <span class='ocrx_word' id='word_1_181' title='bbox 1391 1275 1609 1314; x_wconf 87' lang='lat' dir='ltr'>Praesides</span> <span class='ocrx_word' id='word_1_182' title='bbox 1626 1277 1693 1314; x_wconf 92' lang='lat' dir='ltr'>ius</span> <span class='ocrx_word' id='word_1_183' title='bbox 1712 1275 1856 1322; x_wconf 87' lang='lat' dir='ltr'>habet,</span> 
     </span>
     <span class='ocr_line' id='line_1_26' title="bbox 257 1324 1857 1379; baseline 0.004 -18"><span class='ocrx_word' id='word_1_184' title='bbox 257 1324 336 1362; x_wconf 90' lang='lat' dir='ltr'>nisi</span> <span class='ocrx_word' id='word_1_185' title='bbox 363 1325 397 1363; x_wconf 89' lang='lat' dir='ltr'>si</span> <span class='ocrx_word' id='word_1_186' title='bbox 423 1326 633 1378; x_wconf 88' lang='lat' dir='ltr'>principes</span> <span class='ocrx_word' id='word_1_187' title='bbox 659 1332 736 1367; x_wconf 90' lang='lat' dir='ltr'>aut</span> <span class='ocrx_word' id='word_1_188' title='bbox 762 1329 984 1379; x_wconf 90' lang='lat' dir='ltr'>pontifices</span> <span class='ocrx_word' id='word_1_189' title='bbox 1010 1330 1165 1369; x_wconf 89' lang='lat' dir='ltr'>adsint.</span> <span class='ocrx_word' id='word_1_190' title='bbox 1224 1330 1469 1370; x_wconf 84' lang='lat' dir='ltr'>Sententiae</span> <span class='ocrx_word' id='word_1_191' title='bbox 1496 1331 1626 1369; x_wconf 88' lang='lat' dir='ltr'>etiam</span> <span class='ocrx_word' id='word_1_192' title='bbox 1653 1330 1857 1369; x_wconf 88' lang='lat' dir='ltr'>dicendae</span> 
     </span>
     <span class='ocr_line' id='line_1_27' title="bbox 256 1377 1856 1435; baseline 0.004 -19"><span class='ocrx_word' id='word_1_193' title='bbox 256 1377 397 1417; x_wconf 90' lang='lat' dir='ltr'>locum</span> <span class='ocrx_word' id='word_1_194' title='bbox 426 1382 710 1432; x_wconf 87' lang='lat' dir='ltr'>antiquiorem</span> <span class='ocrx_word' id='word_1_195' title='bbox 740 1384 908 1423; x_wconf 86' lang='lat' dir='ltr'>obtinet</span> <span class='ocrx_word' id='word_1_196' title='bbox 936 1385 1133 1423; x_wconf 86' lang='lat' dir='ltr'>omnibus</span> <span class='ocrx_word' id='word_1_197' title='bbox 1162 1384 1421 1424; x_wconf 89' lang='lat' dir='ltr'>consiliariis.</span> <span class='ocrx_word' id='word_1_198' title='bbox 1478 1384 1681 1435; x_wconf 83' lang='lat' dir='ltr'>Magnum</span> <span class='ocrx_word' id='word_1_199' title='bbox 1711 1388 1856 1423; x_wconf 90' lang='lat' dir='ltr'>autem</span> 
     </span>
     <span class='ocr_line' id='line_1_28' title="bbox 258 1433 1856 1486; baseline 0.004 -16"><span class='ocrx_word' id='word_1_200' title='bbox 258 1433 478 1473; x_wconf 89' lang='lat' dir='ltr'>consilium</span> <span class='ocrx_word' id='word_1_201' title='bbox 524 1440 704 1475; x_wconf 87' lang='lat' dir='ltr'>vocatur</span> <span class='ocrx_word' id='word_1_202' title='bbox 749 1439 866 1477; x_wconf 87' lang='lat' dir='ltr'>curia</span> <span class='ocrx_word' id='word_1_203' title='bbox 910 1439 1032 1477; x_wconf 87' lang='lat' dir='ltr'>aulae</span> <span class='ocrx_word' id='word_1_204' title='bbox 1078 1451 1230 1477; x_wconf 83' lang='lat' dir='ltr'>comes.</span> <span class='ocrx_word' id='word_1_205' title='bbox 1290 1439 1427 1486; x_wconf 82' lang='lat' dir='ltr'>Quam</span> <span class='ocrx_word' id='word_1_206' title='bbox 1474 1438 1593 1477; x_wconf 88' lang='lat' dir='ltr'>velut</span> <span class='ocrx_word' id='word_1_207' title='bbox 1638 1438 1856 1478; x_wconf 88' lang='lat' dir='ltr'>cohortem</span> 
     </span>
     <span class='ocr_line' id='line_1_29' title="bbox 257 1487 1857 1544; baseline 0.004 -19"><span class='ocrx_word' id='word_1_208' title='bbox 257 1487 474 1537; x_wconf 89' lang='lat' dir='ltr'>quandam</span> <span class='ocrx_word' id='word_1_209' title='bbox 516 1490 922 1539; x_wconf 88' lang='lat' dir='ltr'>iurisconsultorum,</span> <span class='ocrx_word' id='word_1_210' title='bbox 967 1493 1170 1532; x_wconf 87' lang='lat' dir='ltr'>asseclam</span> <span class='ocrx_word' id='word_1_211' title='bbox 1211 1494 1349 1544; x_wconf 87' lang='lat' dir='ltr'>regiae</span> <span class='ocrx_word' id='word_1_212' title='bbox 1391 1497 1436 1531; x_wconf 88' lang='lat' dir='ltr'>et</span> <span class='ocrx_word' id='word_1_213' title='bbox 1477 1494 1678 1544; x_wconf 87' lang='lat' dir='ltr'>praetorii</span> <span class='ocrx_word' id='word_1_214' title='bbox 1720 1493 1857 1532; x_wconf 88' lang='lat' dir='ltr'>dicere</span> 
     </span>
     <span class='ocr_line' id='line_1_30' title="bbox 257 1543 1856 1598; baseline 0.004 -19"><span class='ocrx_word' id='word_1_215' title='bbox 257 1543 404 1591; x_wconf 88' lang='lat' dir='ltr'>possis,</span> <span class='ocrx_word' id='word_1_216' title='bbox 453 1544 571 1583; x_wconf 91' lang='lat' dir='ltr'>cuius</span> <span class='ocrx_word' id='word_1_217' title='bbox 618 1547 882 1597; x_wconf 88' lang='lat' dir='ltr'>coryphaeus</span> <span class='ocrx_word' id='word_1_218' title='bbox 927 1552 993 1586; x_wconf 88' lang='lat' dir='ltr'>est</span> <span class='ocrx_word' id='word_1_219' title='bbox 1031 1548 1313 1587; x_wconf 84' lang='lat' dir='ltr'>Cancellarius</span> <span class='ocrx_word' id='word_1_220' title='bbox 1352 1551 1371 1586; x_wconf 81' lang='grc' dir='ltr'>ὁ</span> <span class='ocrx_word' id='word_1_221' title='bbox 1409 1549 1641 1598; x_wconf 76' lang='grc' dir='ltr'>νομοφύλαξ.</span> <span class='ocrx_word' id='word_1_222' title='bbox 1716 1547 1856 1586; x_wconf 93' lang='lat' dir='ltr'>Huius</span> 
     </span>
     <span class='ocr_line' id='line_1_31' title="bbox 256 1599 1857 1653; baseline 0.004 -19"><span class='ocrx_word' id='word_1_223' title='bbox 256 1599 403 1635; x_wconf 88' lang='lat' dir='ltr'>tamen</span> <span class='ocrx_word' id='word_1_224' title='bbox 430 1600 695 1639; x_wconf 91' lang='lat' dir='ltr'>octouiratus</span> <span class='ocrx_word' id='word_1_225' title='bbox 722 1603 974 1652; x_wconf 84' lang='lat' dir='ltr'>praecipuae</span> <span class='ocrx_word' id='word_1_226' title='bbox 1003 1606 1133 1653; x_wconf 88' lang='lat' dir='ltr'>atque</span> <span class='ocrx_word' id='word_1_227' title='bbox 1154 1603 1475 1653; x_wconf 89' lang='lat' dir='ltr'>antiquissimae</span> <span class='ocrx_word' id='word_1_228' title='bbox 1503 1605 1649 1653; x_wconf 89' lang='lat' dir='ltr'>partes</span> <span class='ocrx_word' id='word_1_229' title='bbox 1677 1606 1780 1641; x_wconf 93' lang='lat' dir='ltr'>sunt</span> <span class='ocrx_word' id='word_1_230' title='bbox 1807 1606 1857 1640; x_wconf 84' lang='lat' dir='ltr'>vt</span> 
     </span>
     <span class='ocr_line' id='line_1_32' title="bbox 258 1649 1853 1708; baseline 0.004 -20"><span class='ocrx_word' id='word_1_231' title='bbox 258 1649 443 1702; x_wconf 90' lang='lat' dir='ltr'>Principi</span> <span class='ocrx_word' id='word_1_232' title='bbox 482 1658 653 1703; x_wconf 85' lang='lat' dir='ltr'>praesto</span> <span class='ocrx_word' id='word_1_233' title='bbox 687 1655 774 1694; x_wconf 86' lang='lat' dir='ltr'>sint</span> <span class='ocrx_word' id='word_1_234' title='bbox 808 1656 991 1707; x_wconf 87' lang='lat' dir='ltr'>collegae</span> <span class='ocrx_word' id='word_1_235' title='bbox 1020 1670 1042 1694; x_wconf 93' lang='lat' dir='ltr'>e</span> <span class='ocrx_word' id='word_1_236' title='bbox 1072 1657 1267 1695; x_wconf 90' lang='lat' dir='ltr'>cubiculo</span> <span class='ocrx_word' id='word_1_237' title='bbox 1295 1656 1525 1708; x_wconf 88' lang='lat' dir='ltr'>prodeunti</span> <span class='ocrx_word' id='word_1_238' title='bbox 1555 1656 1853 1707; x_wconf 89' lang='lat' dir='ltr'>postulationi-</span> 
     </span>
     <span class='ocr_line' id='line_1_33' title="bbox 257 1704 1857 1758; baseline 0.004 -16"><span class='ocrx_word' id='word_1_239' title='bbox 257 1704 420 1756; x_wconf 87' lang='lat' dir='ltr'>busque</span> <span class='ocrx_word' id='word_1_240' title='bbox 443 1708 683 1758; x_wconf 89' lang='lat' dir='ltr'>supplicum</span> <span class='ocrx_word' id='word_1_241' title='bbox 713 1715 932 1749; x_wconf 82' lang='lat' dir='ltr'>vacaturo.</span> <span class='ocrx_word' id='word_1_242' title='bbox 991 1711 1118 1750; x_wconf 88' lang='lat' dir='ltr'>Cuius</span> <span class='ocrx_word' id='word_1_243' title='bbox 1144 1711 1269 1749; x_wconf 90' lang='lat' dir='ltr'>officii</span> <span class='ocrx_word' id='word_1_244' title='bbox 1298 1712 1410 1750; x_wconf 77' lang='lat' dir='ltr'>vices</span> <span class='ocrx_word' id='word_1_245' title='bbox 1434 1712 1478 1750; x_wconf 92' lang='lat' dir='ltr'>in</span> <span class='ocrx_word' id='word_1_246' title='bbox 1508 1711 1653 1750; x_wconf 91' lang='lat' dir='ltr'>orbem</span> <span class='ocrx_word' id='word_1_247' title='bbox 1679 1711 1789 1749; x_wconf 88' lang='lat' dir='ltr'>bim&#39;s</span> <span class='ocrx_word' id='word_1_248' title='bbox 1813 1715 1857 1749; x_wconf 88' lang='lat' dir='ltr'>et</span> 
     </span>
     <span class='ocr_line' id='line_1_34' title="bbox 255 1761 1858 1816; baseline 0.004 -19"><span class='ocrx_word' id='word_1_249' title='bbox 255 1772 380 1810; x_wconf 87' lang='lat' dir='ltr'>saepe</span> <span class='ocrx_word' id='word_1_250' title='bbox 397 1761 572 1812; x_wconf 89' lang='lat' dir='ltr'>singulis</span> <span class='ocrx_word' id='word_1_251' title='bbox 590 1763 748 1802; x_wconf 89' lang='lat' dir='ltr'>cedunt</span> <span class='ocrx_word' id='word_1_252' title='bbox 767 1778 775 1803; x_wconf 89' lang='lat'><strong>:</strong></span> <span class='ocrx_word' id='word_1_253' title='bbox 811 1778 907 1803; x_wconf 91' lang='lat' dir='ltr'>cum</span> <span class='ocrx_word' id='word_1_254' title='bbox 927 1765 1084 1816; x_wconf 88' lang='lat' dir='ltr'>alioqui</span> <span class='ocrx_word' id='word_1_255' title='bbox 1103 1765 1360 1804; x_wconf 85' lang='lat' dir='ltr'>ordinariam</span> <span class='ocrx_word' id='word_1_256' title='bbox 1378 1766 1606 1804; x_wconf 90' lang='lat' dir='ltr'>sessionem</span> <span class='ocrx_word' id='word_1_257' title='bbox 1624 1765 1858 1804; x_wconf 89' lang='lat' dir='ltr'>habeamus</span> 
     </span>
     <span class='ocr_line' id='line_1_35' title="bbox 254 1814 1858 1870; baseline 0.004 -18"><span class='ocrx_word' id='word_1_258' title='bbox 254 1814 299 1852; x_wconf 91' lang='lat' dir='ltr'>in</span> <span class='ocrx_word' id='word_1_259' title='bbox 315 1814 388 1853; x_wconf 88' lang='lat' dir='ltr'>illa</span> <span class='ocrx_word' id='word_1_260' title='bbox 405 1817 530 1866; x_wconf 89' lang='lat' dir='ltr'>aequi</span> <span class='ocrx_word' id='word_1_261' title='bbox 547 1821 591 1856; x_wconf 87' lang='lat' dir='ltr'>et</span> <span class='ocrx_word' id='word_1_262' title='bbox 610 1818 722 1865; x_wconf 84' lang='lat' dir='ltr'>boni,</span> <span class='ocrx_word' id='word_1_263' title='bbox 743 1823 793 1858; x_wconf 83' lang='lat' dir='ltr'>vt</span> <span class='ocrx_word' id='word_1_264' title='bbox 809 1820 872 1858; x_wconf 87' lang='lat' dir='ltr'>ita</span> <span class='ocrx_word' id='word_1_265' title='bbox 889 1820 1042 1866; x_wconf 85' lang='lat' dir='ltr'>dicam,</span> <span class='ocrx_word' id='word_1_266' title='bbox 1063 1820 1242 1866; x_wconf 89' lang='lat' dir='ltr'>officina,</span> <span class='ocrx_word' id='word_1_267' title='bbox 1262 1833 1392 1870; x_wconf 89' lang='lat' dir='ltr'>quam</span> <span class='ocrx_word' id='word_1_268' title='bbox 1411 1820 1704 1859; x_wconf 79' lang='lat' dir='ltr'>cancellariam</span> <span class='ocrx_word' id='word_1_269' title='bbox 1722 1819 1858 1858; x_wconf 87' lang='lat' dir='ltr'>nostri</span> 
     </span>
     <span class='ocr_line' id='line_1_36' title="bbox 256 1869 1855 1925; baseline 0.004 -19"><span class='ocrx_word' id='word_1_270' title='bbox 256 1874 442 1916; x_wconf 82' lang='lat' dir='ltr'>vocant;</span> <span class='ocrx_word' id='word_1_271' title='bbox 493 1872 537 1909; x_wconf 92' lang='lat' dir='ltr'>in</span> <span class='ocrx_word' id='word_1_272' title='bbox 569 1869 658 1922; x_wconf 85' lang='lat' dir='ltr'>qua</span> <span class='ocrx_word' id='word_1_273' title='bbox 690 1873 807 1912; x_wconf 90' lang='lat' dir='ltr'>locus</span> <span class='ocrx_word' id='word_1_274' title='bbox 837 1878 902 1913; x_wconf 91' lang='lat' dir='ltr'>est</span> <span class='ocrx_word' id='word_1_275' title='bbox 936 1874 1104 1913; x_wconf 88' lang='lat' dir='ltr'>dicatus</span> <span class='ocrx_word' id='word_1_276' title='bbox 1138 1874 1427 1925; x_wconf 89' lang='lat' dir='ltr'>disceptandis</span> <span class='ocrx_word' id='word_1_277' title='bbox 1460 1875 1674 1925; x_wconf 84' lang='lat' dir='ltr'>rescriptis</span> <span class='ocrx_word' id='word_1_278' title='bbox 1703 1875 1855 1925; x_wconf 89' lang='lat' dir='ltr'>princi-</span> 
     </span>
    </p>
   </div>
   <div class='ocr_carea' id='block_1_11' title="bbox 218 1923 1856 1980">
    <p class='ocr_par' dir='ltr' id='par_1_12' title="bbox 218 1923 1856 1980">
     <span class='ocr_line' id='line_1_37' title="bbox 218 1923 1856 1980; baseline 0.004 -19"><span class='ocrx_word' id='word_1_279' title='bbox 218 1940 232 1971; x_wconf 66' lang='grc' dir='ltr'><strong><em>ς</em></strong></span> <span class='ocrx_word' id='word_1_280' title='bbox 257 1923 436 1973; x_wconf 88' lang='lat' dir='ltr'>palibus,</span> <span class='ocrx_word' id='word_1_281' title='bbox 459 1938 568 1975; x_wconf 87' lang='lat' dir='ltr'>quae</span> <span class='ocrx_word' id='word_1_282' title='bbox 589 1940 641 1965; x_wconf 84' lang='lat' dir='ltr'>ex</span> <span class='ocrx_word' id='word_1_283' title='bbox 662 1927 774 1966; x_wconf 93' lang='lat' dir='ltr'>bono</span> <span class='ocrx_word' id='word_1_284' title='bbox 793 1929 886 1979; x_wconf 87' lang='lat' dir='ltr'>ipsa</span> <span class='ocrx_word' id='word_1_285' title='bbox 906 1942 1127 1980; x_wconf 88' lang='lat' dir='ltr'>aequoque</span> <span class='ocrx_word' id='word_1_286' title='bbox 1148 1929 1354 1980; x_wconf 89' lang='lat' dir='ltr'>postulari</span> <span class='ocrx_word' id='word_1_287' title='bbox 1374 1929 1511 1967; x_wconf 88' lang='lat' dir='ltr'>solent</span> <span class='ocrx_word' id='word_1_288' title='bbox 1532 1929 1735 1967; x_wconf 87' lang='lat' dir='ltr'>aduersus</span> <span class='ocrx_word' id='word_1_289' title='bbox 1754 1929 1856 1967; x_wconf 88' lang='lat' dir='ltr'>iuris</span> 
     </span>
    </p>
   </div>
   <div class='ocr_carea' id='block_1_12' title="bbox 255 1980 1857 2470">
    <p class='ocr_par' dir='ltr' id='par_1_13' title="bbox 255 1980 1857 2406">
     <span class='ocr_line' id='line_1_38' title="bbox 256 1980 1857 2034; baseline 0.004 -19"><span class='ocrx_word' id='word_1_290' title='bbox 256 1980 411 2017; x_wconf 90' lang='lat' dir='ltr'>summi</span> <span class='ocrx_word' id='word_1_291' title='bbox 441 1982 664 2032; x_wconf 76' lang='lat' dir='ltr'>exactique</span> <span class='ocrx_word' id='word_1_292' title='bbox 694 1984 979 2022; x_wconf 86' lang='lat' dir='ltr'>seueritatem.</span> <span class='ocrx_word' id='word_1_293' title='bbox 1039 1983 1201 2031; x_wconf 77' lang='lat' dir='ltr'>Quibus</span> <span class='ocrx_word' id='word_1_294' title='bbox 1231 1984 1444 2034; x_wconf 88' lang='lat' dir='ltr'>rescriptis</span> <span class='ocrx_word' id='word_1_295' title='bbox 1474 1983 1683 2022; x_wconf 90' lang='lat' dir='ltr'>accedunt</span> <span class='ocrx_word' id='word_1_296' title='bbox 1711 1995 1857 2034; x_wconf 89' lang='lat' dir='ltr'>preces</span> 
     </span>
     <span class='ocr_line' id='line_1_39' title="bbox 257 2035 1854 2089; baseline 0.004 -19"><span class='ocrx_word' id='word_1_297' title='bbox 257 2045 402 2071; x_wconf 87' lang='lat' dir='ltr'>eorum</span> <span class='ocrx_word' id='word_1_298' title='bbox 442 2035 653 2086; x_wconf 87' lang='lat' dir='ltr'>supplices</span> <span class='ocrx_word' id='word_1_299' title='bbox 692 2038 767 2087; x_wconf 83' lang='lat' dir='ltr'>qui</span> <span class='ocrx_word' id='word_1_300' title='bbox 806 2038 850 2076; x_wconf 89' lang='lat' dir='ltr'>in</span> <span class='ocrx_word' id='word_1_301' title='bbox 889 2038 1024 2089; x_wconf 88' lang='lat' dir='ltr'>legem</span> <span class='ocrx_word' id='word_1_302' title='bbox 1065 2038 1300 2077; x_wconf 82' lang='lat' dir='ltr'>Corneliam</span> <span class='ocrx_word' id='word_1_303' title='bbox 1341 2038 1393 2076; x_wconf 89' lang='lat' dir='ltr'>de</span> <span class='ocrx_word' id='word_1_304' title='bbox 1434 2039 1593 2077; x_wconf 90' lang='lat' dir='ltr'>sicariis</span> <span class='ocrx_word' id='word_1_305' title='bbox 1633 2038 1854 2089; x_wconf 89' lang='lat' dir='ltr'>quippiam</span> 
     </span>
     <span class='ocr_line' id='line_1_40' title="bbox 257 2087 1853 2143; baseline 0.004 -19"><span class='ocrx_word' id='word_1_306' title='bbox 257 2087 521 2128; x_wconf 88' lang='lat' dir='ltr'>admiserunt</span> <span class='ocrx_word' id='word_1_307' title='bbox 558 2094 636 2129; x_wconf 89' lang='lat' dir='ltr'>aut</span> <span class='ocrx_word' id='word_1_308' title='bbox 673 2091 776 2130; x_wconf 88' lang='lat' dir='ltr'>alias</span> <span class='ocrx_word' id='word_1_309' title='bbox 814 2092 1041 2143; x_wconf 87' lang='lat' dir='ltr'>capitalem</span> <span class='ocrx_word' id='word_1_310' title='bbox 1078 2105 1167 2131; x_wconf 87' lang='lat' dir='ltr'>rem</span> <span class='ocrx_word' id='word_1_311' title='bbox 1205 2092 1409 2131; x_wconf 89' lang='lat' dir='ltr'>aduersus</span> <span class='ocrx_word' id='word_1_312' title='bbox 1445 2092 1557 2143; x_wconf 87' lang='lat' dir='ltr'>leges</span> <span class='ocrx_word' id='word_1_313' title='bbox 1594 2093 1686 2131; x_wconf 88' lang='lat' dir='ltr'>ausi</span> <span class='ocrx_word' id='word_1_314' title='bbox 1722 2096 1853 2138; x_wconf 90' lang='lat' dir='ltr'>sunt;</span> 
     </span>
     <span class='ocr_line' id='line_1_41' title="bbox 257 2141 1856 2198; baseline 0.003 -19"><span class='ocrx_word' id='word_1_315' title='bbox 257 2141 412 2191; x_wconf 88' lang='lat' dir='ltr'>quibus</span> <span class='ocrx_word' id='word_1_316' title='bbox 452 2144 621 2182; x_wconf 83' lang='lat' dir='ltr'>veniam</span> <span class='ocrx_word' id='word_1_317' title='bbox 662 2147 785 2196; x_wconf 87' lang='lat' dir='ltr'>regiis</span> <span class='ocrx_word' id='word_1_318' title='bbox 826 2147 965 2186; x_wconf 88' lang='lat' dir='ltr'>verbis</span> <span class='ocrx_word' id='word_1_319' title='bbox 1006 2147 1107 2186; x_wconf 89' lang='lat' dir='ltr'>dare</span> <span class='ocrx_word' id='word_1_320' title='bbox 1149 2146 1343 2193; x_wconf 89' lang='lat' dir='ltr'>solemus,</span> <span class='ocrx_word' id='word_1_321' title='bbox 1387 2159 1568 2198; x_wconf 89' lang='lat' dir='ltr'>poenam</span> <span class='ocrx_word' id='word_1_322' title='bbox 1609 2146 1856 2198; x_wconf 89' lang='lat' dir='ltr'>suppliciter</span> 
     </span>
     <span class='ocr_line' id='line_1_42' title="bbox 257 2195 1855 2252; baseline 0.004 -19"><span class='ocrx_word' id='word_1_323' title='bbox 257 2195 595 2246; x_wconf 85' lang='lat' dir='ltr'>deprecantibus,</span> <span class='ocrx_word' id='word_1_324' title='bbox 615 2200 650 2237; x_wconf 91' lang='lat' dir='ltr'>si</span> <span class='ocrx_word' id='word_1_325' title='bbox 669 2200 840 2250; x_wconf 88' lang='lat' dir='ltr'>quidem</span> <span class='ocrx_word' id='word_1_326' title='bbox 859 2202 984 2240; x_wconf 81' lang='lat' dir='ltr'>venia</span> <span class='ocrx_word' id='word_1_327' title='bbox 1002 2214 1051 2240; x_wconf 88' lang='lat' dir='ltr'>ac</span> <span class='ocrx_word' id='word_1_328' title='bbox 1070 2201 1355 2241; x_wconf 87' lang='lat' dir='ltr'>misericordia</span> <span class='ocrx_word' id='word_1_329' title='bbox 1373 2201 1489 2252; x_wconf 81' lang='lat' dir='ltr'>digni</span> <span class='ocrx_word' id='word_1_330' title='bbox 1507 2214 1595 2240; x_wconf 90' lang='lat' dir='ltr'>esse</span> <span class='ocrx_word' id='word_1_331' title='bbox 1614 2201 1855 2240; x_wconf 86' lang='lat' dir='ltr'>videantur.</span> 
     </span>
     <span class='ocr_line' id='line_1_43' title="bbox 257 2249 1856 2307; baseline 0.005 -20"><span class='ocrx_word' id='word_1_332' title='bbox 257 2249 411 2301; x_wconf 84' lang='lat' dir='ltr'>Regias</span> <span class='ocrx_word' id='word_1_333' title='bbox 438 2256 583 2291; x_wconf 92' lang='lat' dir='ltr'>autem</span> <span class='ocrx_word' id='word_1_334' title='bbox 609 2255 756 2293; x_wconf 87' lang='lat' dir='ltr'>venias</span> <span class='ocrx_word' id='word_1_335' title='bbox 782 2255 883 2294; x_wconf 89' lang='lat' dir='ltr'>dare</span> <span class='ocrx_word' id='word_1_336' title='bbox 909 2268 1134 2306; x_wconf 88' lang='lat' dir='ltr'>possumus</span> <span class='ocrx_word' id='word_1_337' title='bbox 1160 2260 1204 2294; x_wconf 89' lang='lat' dir='ltr'>et</span> <span class='ocrx_word' id='word_1_338' title='bbox 1230 2256 1319 2294; x_wconf 87' lang='lat' dir='ltr'>bini</span> <span class='ocrx_word' id='word_1_339' title='bbox 1345 2259 1390 2294; x_wconf 87' lang='lat' dir='ltr'>et</span> <span class='ocrx_word' id='word_1_340' title='bbox 1415 2256 1580 2306; x_wconf 88' lang='lat' dir='ltr'>singuli,</span> <span class='ocrx_word' id='word_1_341' title='bbox 1610 2257 1644 2294; x_wconf 91' lang='lat' dir='ltr'>si</span> <span class='ocrx_word' id='word_1_342' title='bbox 1670 2255 1856 2307; x_wconf 86' lang='lat' dir='ltr'>singulos</span> 
     </span>
     <span class='ocr_line' id='line_1_44' title="bbox 255 2306 1855 2361; baseline 0.004 -19"><span class='ocrx_word' id='word_1_343' title='bbox 255 2309 449 2344; x_wconf 88' lang='lat' dir='ltr'>nostrum</span> <span class='ocrx_word' id='word_1_344' title='bbox 473 2306 615 2346; x_wconf 90' lang='lat' dir='ltr'>sedere</span> <span class='ocrx_word' id='word_1_345' title='bbox 639 2310 863 2360; x_wconf 87' lang='lat' dir='ltr'>contigerit</span> <span class='ocrx_word' id='word_1_346' title='bbox 882 2323 891 2356; x_wconf 89' lang='lat'>;</span> <span class='ocrx_word' id='word_1_347' title='bbox 931 2310 1047 2361; x_wconf 90' lang='lat' dir='ltr'>quod</span> <span class='ocrx_word' id='word_1_348' title='bbox 1070 2310 1345 2361; x_wconf 86' lang='lat' dir='ltr'>quotidianae</span> <span class='ocrx_word' id='word_1_349' title='bbox 1368 2314 1434 2349; x_wconf 89' lang='lat' dir='ltr'>est</span> <span class='ocrx_word' id='word_1_350' title='bbox 1455 2310 1686 2349; x_wconf 84' lang='lat' dir='ltr'>functionis</span> <span class='ocrx_word' id='word_1_351' title='bbox 1708 2311 1753 2348; x_wconf 88' lang='lat' dir='ltr'>in</span> <span class='ocrx_word' id='word_1_352' title='bbox 1775 2309 1855 2348; x_wconf 84' lang='lat' dir='ltr'>hac</span> 
     </span>
     <span class='ocr_line' id='line_1_45' title="bbox 256 2359 1225 2406; baseline 0.005 -9"><span class='ocrx_word' id='word_1_353' title='bbox 256 2359 372 2406; x_wconf 85' lang='lat' dir='ltr'>vrbe,</span> <span class='ocrx_word' id='word_1_354' title='bbox 397 2364 441 2399; x_wconf 90' lang='lat' dir='ltr'>et</span> <span class='ocrx_word' id='word_1_355' title='bbox 462 2361 517 2400; x_wconf 86' lang='lat' dir='ltr'>ad</span> <span class='ocrx_word' id='word_1_356' title='bbox 539 2361 681 2401; x_wconf 88' lang='lat' dir='ltr'>aulam</span> <span class='ocrx_word' id='word_1_357' title='bbox 703 2364 747 2402; x_wconf 93' lang='lat' dir='ltr'>in</span> <span class='ocrx_word' id='word_1_358' title='bbox 769 2364 944 2403; x_wconf 88' lang='lat' dir='ltr'>aedibus</span> <span class='ocrx_word' id='word_1_359' title='bbox 967 2364 1225 2404; x_wconf 86' lang='lat' dir='ltr'>Cancellarii.</span> 
     </span>
    </p>

    <p class='ocr_par' dir='ltr' id='par_1_14' title="bbox 311 2413 1855 2470">
     <span class='ocr_line' id='line_1_46' title="bbox 311 2413 1855 2470; baseline 0.003 -18"><span class='ocrx_word' id='word_1_360' title='bbox 311 2413 405 2453; x_wconf 90' lang='lat' dir='ltr'>Hae</span> <span class='ocrx_word' id='word_1_361' title='bbox 436 2427 561 2466; x_wconf 90' lang='lat' dir='ltr'>porro</span> <span class='ocrx_word' id='word_1_362' title='bbox 592 2416 832 2457; x_wconf 86' lang='lat' dir='ltr'>functiones</span> <span class='ocrx_word' id='word_1_363' title='bbox 864 2419 1100 2470; x_wconf 89' lang='lat' dir='ltr'>quamlibet</span> <span class='ocrx_word' id='word_1_364' title='bbox 1131 2418 1399 2469; x_wconf 89' lang='lat' dir='ltr'>multiplices,</span> <span class='ocrx_word' id='word_1_365' title='bbox 1431 2418 1677 2457; x_wconf 89' lang='lat' dir='ltr'>honorarias</span> <span class='ocrx_word' id='word_1_366' title='bbox 1708 2422 1855 2457; x_wconf 88' lang='lat' dir='ltr'>tamen</span> 
     </span>
    </p>
   </div>
   <div class='ocr_carea' id='block_1_13' title="bbox 222 2469 1855 2524">
    <p class='ocr_par' dir='ltr' id='par_1_15' title="bbox 222 2469 1855 2524">
     <span class='ocr_line' id='line_1_47' title="bbox 222 2469 1855 2524; baseline 0.004 -18"><span class='ocrx_word' id='word_1_367' title='bbox 222 2485 232 2492; x_wconf 89' lang='lat'>-</span> <span class='ocrx_word' id='word_1_368' title='bbox 257 2469 390 2520; x_wconf 85' lang='lat' dir='ltr'>magis</span> <span class='ocrx_word' id='word_1_369' title='bbox 430 2473 561 2521; x_wconf 88' lang='lat' dir='ltr'>atque</span> <span class='ocrx_word' id='word_1_370' title='bbox 601 2471 865 2511; x_wconf 81' lang='lat' dir='ltr'>voluntarias</span> <span class='ocrx_word' id='word_1_371' title='bbox 905 2474 1017 2512; x_wconf 85' lang='lat' dir='ltr'>vices</span> <span class='ocrx_word' id='word_1_372' title='bbox 1057 2473 1218 2511; x_wconf 86' lang='lat' dir='ltr'>habent</span> <span class='ocrx_word' id='word_1_373' title='bbox 1258 2485 1388 2522; x_wconf 86' lang='lat' dir='ltr'>quam</span> <span class='ocrx_word' id='word_1_374' title='bbox 1428 2474 1684 2511; x_wconf 89' lang='lat' dir='ltr'>necessarias</span> <span class='ocrx_word' id='word_1_375' title='bbox 1723 2476 1855 2524; x_wconf 87' lang='lat' dir='ltr'>atque</span> 
     </span>
    </p>
   </div>
   <div class='ocr_carea' id='block_1_14' title="bbox 779 2571 1241 2614">
    <p class='ocr_par' dir='ltr' id='par_1_16' title="bbox 779 2571 1241 2614">
     <span class='ocr_line' id='line_1_48' title="bbox 779 2571 1241 2614; baseline 0.002 -12"><span class='ocrx_word' id='word_1_376' title='bbox 779 2574 829 2605; x_wconf 91' lang='lat'>81.</span> <span class='ocrx_word' id='word_1_377' title='bbox 856 2571 983 2613; x_wconf 86' lang='lat' dir='ltr'>Regias</span> <span class='ocrx_word' id='word_1_378' title='bbox 1000 2585 1019 2603; x_wconf 89' lang='grc' dir='ltr'>α</span> <span class='ocrx_word' id='word_1_379' title='bbox 1035 2584 1041 2604; x_wconf 90' lang='lat'>:</span> <span class='ocrx_word' id='word_1_380' title='bbox 1073 2572 1190 2614; x_wconf 85' lang='lat' dir='ltr'>Regiis</span> <span class='ocrx_word' id='word_1_381' title='bbox 1206 2574 1241 2608; x_wconf 83' lang='grc' dir='ltr'>β.</span> 
     </span>
    </p>
   </div>
   <div class='ocr_carea' id='block_1_15' title="bbox 260 2680 1853 2768">
    <p class='ocr_par' dir='ltr' id='par_1_17' title="bbox 260 2680 1853 2768">
     <span class='ocr_line' id='line_1_49' title="bbox 304 2680 1853 2725; baseline 0.003 -15"><span class='ocrx_word' id='word_1_382' title='bbox 304 2691 354 2721; x_wconf 84' lang='lat'>44.</span> <span class='ocrx_word' id='word_1_383' title='bbox 381 2680 427 2710; x_wconf 86' lang='lat' dir='ltr'>ad</span> <span class='ocrx_word' id='word_1_384' title='bbox 452 2680 669 2722; x_wconf 82' lang='lat' dir='ltr'>Allobroges]</span> <span class='ocrx_word' id='word_1_385' title='bbox 696 2682 831 2723; x_wconf 83' lang='lat' dir='ltr'>During</span> <span class='ocrx_word' id='word_1_386' title='bbox 857 2683 917 2714; x_wconf 77' lang='lat' dir='ltr'>the</span> <span class='ocrx_word' id='word_1_387' title='bbox 943 2684 1022 2715; x_wconf 85' lang='lat' dir='ltr'>resi·</span> <span class='ocrx_word' id='word_1_388' title='bbox 1091 2684 1177 2715; x_wconf 87' lang='lat' dir='ltr'>been</span> <span class='ocrx_word' id='word_1_389' title='bbox 1224 2693 1245 2715; x_wconf 86' lang='lat' dir='ltr'>a</span> <span class='ocrx_word' id='word_1_390' title='bbox 1292 2683 1416 2715; x_wconf 82' lang='lat' dir='ltr'>month</span> <span class='ocrx_word' id='word_1_391' title='bbox 1462 2694 1563 2725; x_wconf 78' lang='lat' dir='ltr'>away</span> <span class='ocrx_word' id='word_1_392' title='bbox 1608 2683 1698 2715; x_wconf 89' lang='lat' dir='ltr'>from</span> <span class='ocrx_word' id='word_1_393' title='bbox 1745 2683 1853 2716; x_wconf 89' lang='lat' dir='ltr'>Court</span> 
     </span>
     <span class='ocr_line' id='line_1_50' title="bbox 260 2722 1276 2768; baseline 0.006 -16"><span class='ocrx_word' id='word_1_394' title='bbox 260 2722 365 2754; x_wconf 85' lang='lat' dir='ltr'>dence</span> <span class='ocrx_word' id='word_1_395' title='bbox 396 2723 431 2754; x_wconf 85' lang='lat' dir='ltr'>of</span> <span class='ocrx_word' id='word_1_396' title='bbox 460 2723 519 2756; x_wconf 83' lang='lat' dir='ltr'>the</span> <span class='ocrx_word' id='word_1_397' title='bbox 549 2724 656 2757; x_wconf 83' lang='lat' dir='ltr'>Court</span> <span class='ocrx_word' id='word_1_398' title='bbox 684 2728 723 2757; x_wconf 84' lang='lat' dir='ltr'>at</span> <span class='ocrx_word' id='word_1_399' title='bbox 752 2726 868 2767; x_wconf 84' lang='lat' dir='ltr'>Lyons</span> <span class='ocrx_word' id='word_1_400' title='bbox 896 2727 932 2758; x_wconf 90' lang='lat' dir='ltr'>in</span> <span class='ocrx_word' id='word_1_401' title='bbox 962 2727 1022 2758; x_wconf 87' lang='lat' dir='ltr'>the</span> <span class='ocrx_word' id='word_1_402' title='bbox 1093 2727 1144 2767; x_wconf 89' lang='lat' dir='ltr'>(ll.</span> <span class='ocrx_word' id='word_1_403' title='bbox 1163 2728 1276 2768; x_wconf 84' lang='lat'>33—4).</span> 
     </span>
    </p>
   </div>
   <div class='ocr_carea' id='block_1_16' title="bbox 254 2766 1854 2898">
    <p class='ocr_par' dir='ltr' id='par_1_18' title="bbox 254 2766 1854 2898">
     <span class='ocr_line' id='line_1_51' title="bbox 256 2766 1853 2813; baseline 0.004 -18"><span class='ocrx_word' id='word_1_404' title='bbox 256 2775 409 2798; x_wconf 87' lang='lat' dir='ltr'>summer</span> <span class='ocrx_word' id='word_1_405' title='bbox 438 2766 473 2798; x_wconf 88' lang='lat' dir='ltr'>of</span> <span class='ocrx_word' id='word_1_406' title='bbox 506 2776 587 2808; x_wconf 78' lang='lat'>1522</span> <span class='ocrx_word' id='word_1_407' title='bbox 620 2768 678 2808; x_wconf 84' lang='lat' dir='ltr'>(cf.</span> <span class='ocrx_word' id='word_1_408' title='bbox 711 2769 776 2810; x_wconf 84' lang='lat' dir='ltr'>Ep.</span> <span class='ocrx_word' id='word_1_409' title='bbox 812 2771 906 2810; x_wconf 86' lang='lat'>1328.</span> <span class='ocrx_word' id='word_1_410' title='bbox 940 2772 1020 2813; x_wconf 85' lang='lat' dir='ltr'>75n)</span> <span class='ocrx_word' id='word_1_411' title='bbox 1134 2781 1185 2812; x_wconf 84' lang='lat'>45.</span> <span class='ocrx_word' id='word_1_412' title='bbox 1212 2770 1317 2811; x_wconf 69' lang='lat' dir='ltr'>Regis</span> <span class='ocrx_word' id='word_1_413' title='bbox 1348 2768 1474 2809; x_wconf 82' lang='lat' dir='ltr'>matre]</span> <span class='ocrx_word' id='word_1_414' title='bbox 1504 2771 1629 2802; x_wconf 85' lang='lat' dir='ltr'>Louise</span> <span class='ocrx_word' id='word_1_415' title='bbox 1660 2769 1694 2802; x_wconf 78' lang='lat' dir='ltr'>of</span> <span class='ocrx_word' id='word_1_416' title='bbox 1724 2770 1853 2812; x_wconf 85' lang='lat' dir='ltr'>Savoy,</span> 
     </span>
     <span class='ocr_line' id='line_1_52' title="bbox 256 2808 1494 2855; baseline 0.005 -16"><span class='ocrx_word' id='word_1_417' title='bbox 256 2808 398 2841; x_wconf 86' lang='lat' dir='ltr'>Francis</span> <span class='ocrx_word' id='word_1_418' title='bbox 430 2820 500 2841; x_wconf 84' lang='lat' dir='ltr'>was</span> <span class='ocrx_word' id='word_1_419' title='bbox 535 2812 635 2843; x_wconf 86' lang='lat' dir='ltr'>twice</span> <span class='ocrx_word' id='word_1_420' title='bbox 667 2811 816 2851; x_wconf 82' lang='lat' dir='ltr'>absent3</span> <span class='ocrx_word' id='word_1_421' title='bbox 865 2813 1021 2845; x_wconf 86' lang='lat' dir='ltr'>between</span> <span class='ocrx_word' id='word_1_422' title='bbox 1094 2816 1265 2855; x_wconf 76' lang='lat'>1476—14</span> <span class='ocrx_word' id='word_1_423' title='bbox 1284 2814 1378 2854; x_wconf 84' lang='lat' dir='ltr'>Sept.</span> <span class='ocrx_word' id='word_1_424' title='bbox 1401 2823 1494 2854; x_wconf 83' lang='lat'>1531.</span> 
     </span>
     <span class='ocr_line' id='line_1_53' title="bbox 254 2851 1854 2898; baseline 0.004 -16"><span class='ocrx_word' id='word_1_425' title='bbox 254 2853 273 2882; x_wconf 85' lang='grc'>8</span> <span class='ocrx_word' id='word_1_426' title='bbox 292 2851 363 2883; x_wconf 86' lang='lat' dir='ltr'>and</span> <span class='ocrx_word' id='word_1_427' title='bbox 382 2862 420 2893; x_wconf 87' lang='lat'>13</span> <span class='ocrx_word' id='word_1_428' title='bbox 438 2854 529 2886; x_wconf 81' lang='lat' dir='ltr'>June</span> <span class='ocrx_word' id='word_1_429' title='bbox 546 2858 585 2886; x_wconf 88' lang='lat' dir='ltr'>at</span> <span class='ocrx_word' id='word_1_430' title='bbox 602 2855 769 2894; x_wconf 78' lang='lat' dir='ltr'>Cremieu,</span> <span class='ocrx_word' id='word_1_431' title='bbox 788 2865 820 2887; x_wconf 81' lang='grc' dir='ltr'>Ε.</span> <span class='ocrx_word' id='word_1_432' title='bbox 840 2856 875 2887; x_wconf 85' lang='lat' dir='ltr'>of</span> <span class='ocrx_word' id='word_1_433' title='bbox 892 2857 1020 2898; x_wconf 86' lang='lat' dir='ltr'>Lyons,</span> <span class='ocrx_word' id='word_1_434' title='bbox 1132 2861 1183 2890; x_wconf 84' lang='lat'>61.</span> <span class='ocrx_word' id='word_1_435' title='bbox 1211 2858 1307 2888; x_wconf 82' lang='lat' dir='ltr'>curia</span> <span class='ocrx_word' id='word_1_436' title='bbox 1322 2856 1535 2894; x_wconf 82' lang='lat' dir='ltr'>centenaria]</span> <span class='ocrx_word' id='word_1_437' title='bbox 1552 2857 1623 2888; x_wconf 85' lang='lat' dir='ltr'>The</span> <span class='ocrx_word' id='word_1_438' title='bbox 1640 2856 1854 2888; x_wconf 83' lang='lat' dir='ltr'>Parliament</span> 
     </span>
    </p>
   </div>
   <div class='ocr_carea' id='block_1_17' title="bbox 255 2895 1853 3070">
    <p class='ocr_par' dir='ltr' id='par_1_19' title="bbox 255 2895 1853 3070">
     <span class='ocr_line' id='line_1_54' title="bbox 255 2895 1852 2941; baseline 0.004 -16"><span class='ocrx_word' id='word_1_439' title='bbox 255 2895 326 2925; x_wconf 88' lang='lat' dir='ltr'>and</span> <span class='ocrx_word' id='word_1_440' title='bbox 355 2895 511 2928; x_wconf 87' lang='lat' dir='ltr'>between</span> <span class='ocrx_word' id='word_1_441' title='bbox 543 2907 583 2938; x_wconf 89' lang='lat'>14</span> <span class='ocrx_word' id='word_1_442' title='bbox 611 2899 681 2930; x_wconf 80' lang='lat' dir='ltr'>and</span> <span class='ocrx_word' id='word_1_443' title='bbox 709 2909 748 2930; x_wconf 88' lang='lat'>21</span> <span class='ocrx_word' id='word_1_444' title='bbox 781 2899 867 2941; x_wconf 81' lang='lat' dir='ltr'>JuJy</span> <span class='ocrx_word' id='word_1_445' title='bbox 894 2900 931 2931; x_wconf 91' lang='lat' dir='ltr'>in</span> <span class='ocrx_word' id='word_1_446' title='bbox 961 2900 1019 2932; x_wconf 85' lang='lat' dir='ltr'>the</span> <span class='ocrx_word' id='word_1_447' title='bbox 1089 2900 1123 2932; x_wconf 84' lang='lat' dir='ltr'>of</span> <span class='ocrx_word' id='word_1_448' title='bbox 1155 2901 1264 2938; x_wconf 83' lang='lat' dir='ltr'>Paris,</span> <span class='ocrx_word' id='word_1_449' title='bbox 1296 2900 1419 2938; x_wconf 80' lang='lat' dir='ltr'>which,</span> <span class='ocrx_word' id='word_1_450' title='bbox 1451 2901 1487 2931; x_wconf 88' lang='lat' dir='ltr'>in</span> <span class='ocrx_word' id='word_1_451' title='bbox 1517 2900 1694 2931; x_wconf 83' lang='lat' dir='ltr'>imitation</span> <span class='ocrx_word' id='word_1_452' title='bbox 1727 2900 1762 2930; x_wconf 85' lang='lat' dir='ltr'>of</span> <span class='ocrx_word' id='word_1_453' title='bbox 1794 2900 1852 2932; x_wconf 83' lang='lat' dir='ltr'>the</span> 
     </span>
     <span class='ocr_line' id='line_1_55' title="bbox 255 2940 1852 2983; baseline 0.004 -15"><span class='ocrx_word' id='word_1_454' title='bbox 255 2942 405 2979; x_wconf 84' lang='lat' dir='ltr'>country</span> <span class='ocrx_word' id='word_1_455' title='bbox 426 2948 457 2970; x_wconf 82' lang='grc' dir='ltr'>Ε.</span> <span class='ocrx_word' id='word_1_456' title='bbox 481 2940 551 2972; x_wconf 70' lang='lat' dir='ltr'>and</span> <span class='ocrx_word' id='word_1_457' title='bbox 571 2950 624 2973; x_wconf 68' lang='grc' dir='ltr'>ΒΕ.</span> <span class='ocrx_word' id='word_1_458' title='bbox 647 2942 682 2973; x_wconf 82' lang='lat' dir='ltr'>of</span> <span class='ocrx_word' id='word_1_459' title='bbox 703 2942 858 2975; x_wconf 79' lang='lat' dir='ltr'>vienne:</span> <span class='ocrx_word' id='word_1_460' title='bbox 891 2953 946 2976; x_wconf 84' lang='lat' dir='ltr'>see</span> <span class='ocrx_word' id='word_1_461' title='bbox 966 2943 1020 2975; x_wconf 86' lang='lat' dir='ltr'>his</span> <span class='ocrx_word' id='word_1_462' title='bbox 1088 2944 1224 2975; x_wconf 83' lang='lat' dir='ltr'>Roman</span> <span class='ocrx_word' id='word_1_463' title='bbox 1268 2947 1399 2981; x_wconf 77' lang='lat' dir='ltr'>senate,</span> <span class='ocrx_word' id='word_1_464' title='bbox 1442 2943 1512 2974; x_wconf 88' lang='lat' dir='ltr'>had</span> <span class='ocrx_word' id='word_1_465' title='bbox 1553 2942 1745 2983; x_wconf 88' lang='lat' dir='ltr'>nominally</span> <span class='ocrx_word' id='word_1_466' title='bbox 1790 2953 1852 2975; x_wconf 91' lang='lat'>100</span> 
     </span>
     <span class='ocr_line' id='line_1_56' title="bbox 256 2981 1853 3025; baseline 0.004 -13"><span class='ocrx_word' id='word_1_467' title='bbox 256 2981 353 3013; x_wconf 82' lang='lat' dir='ltr'>Actes</span> <span class='ocrx_word' id='word_1_468' title='bbox 365 2982 438 3020; x_wconf 85' lang='lat' dir='ltr'>viii,</span> <span class='ocrx_word' id='word_1_469' title='bbox 455 2993 488 3023; x_wconf 91' lang='lat' dir='ltr'>p.</span> <span class='ocrx_word' id='word_1_470' title='bbox 505 2993 582 3025; x_wconf 86' lang='lat'>437.</span> <span class='ocrx_word' id='word_1_471' title='bbox 638 2985 711 3017; x_wconf 86' lang='lat' dir='ltr'>The</span> <span class='ocrx_word' id='word_1_472' title='bbox 732 2985 838 3017; x_wconf 83' lang='lat' dir='ltr'>latter</span> <span class='ocrx_word' id='word_1_473' title='bbox 860 2986 1020 3018; x_wconf 82' lang='lat' dir='ltr'>occasion</span> <span class='ocrx_word' id='word_1_474' title='bbox 1088 2987 1282 3018; x_wconf 74' lang='lat' dir='ltr'>membors:</span> <span class='ocrx_word' id='word_1_475' title='bbox 1331 2996 1386 3017; x_wconf 82' lang='lat' dir='ltr'>see</span> <span class='ocrx_word' id='word_1_476' title='bbox 1422 2986 1458 3018; x_wconf 90' lang='lat' dir='ltr'>F.</span> <span class='ocrx_word' id='word_1_477' title='bbox 1497 2985 1643 3023; x_wconf 89' lang='lat' dir='ltr'>Aubert,</span> <span class='ocrx_word' id='word_1_478' title='bbox 1678 2986 1769 3018; x_wconf 69' lang='lat' dir='ltr'>Hier.</span> <span class='ocrx_word' id='word_1_479' title='bbox 1805 2987 1853 3018; x_wconf 83' lang='lat' dir='ltr'>du</span> 
     </span>
     <span class='ocr_line' id='line_1_57' title="bbox 256 3024 1743 3070; baseline 0.003 -14"><span class='ocrx_word' id='word_1_480' title='bbox 256 3027 351 3056; x_wconf 87' lang='lat' dir='ltr'>must</span> <span class='ocrx_word' id='word_1_481' title='bbox 375 3024 416 3057; x_wconf 86' lang='lat' dir='ltr'>be</span> <span class='ocrx_word' id='word_1_482' title='bbox 441 3030 561 3058; x_wconf 85' lang='lat' dir='ltr'>meant</span> <span class='ocrx_word' id='word_1_483' title='bbox 584 3027 675 3067; x_wconf 86' lang='lat' dir='ltr'>here,</span> <span class='ocrx_word' id='word_1_484' title='bbox 700 3039 737 3060; x_wconf 80' lang='lat' dir='ltr'>as</span> <span class='ocrx_word' id='word_1_485' title='bbox 764 3029 925 3061; x_wconf 76' lang='lat' dir='ltr'>Budaeus</span> <span class='ocrx_word' id='word_1_486' title='bbox 949 3029 1019 3060; x_wconf 84' lang='lat' dir='ltr'>had</span> <span class='ocrx_word' id='word_1_487' title='bbox 1089 3030 1276 3061; x_wconf 77' lang='lat' dir='ltr'>Parlcment</span> <span class='ocrx_word' id='word_1_488' title='bbox 1293 3030 1331 3061; x_wconf 79' lang='lat' dir='ltr'>de</span> <span class='ocrx_word' id='word_1_489' title='bbox 1350 3028 1463 3067; x_wconf 72' lang='lat' dir='ltr'>Paris,</span> <span class='ocrx_word' id='word_1_490' title='bbox 1485 3031 1580 3069; x_wconf 82' lang='lat'>1894,</span> <span class='ocrx_word' id='word_1_491' title='bbox 1598 3030 1620 3067; x_wconf 84' lang='lat' dir='ltr'>i,</span> <span class='ocrx_word' id='word_1_492' title='bbox 1639 3039 1673 3070; x_wconf 88' lang='lat' dir='ltr'>p.</span> <span class='ocrx_word' id='word_1_493' title='bbox 1696 3038 1743 3061; x_wconf 90' lang='lat'>10.</span> 
     </span>
    </p>
   </div>
  </div>
 </body>
</html>
