2012 3370
255 92 332 128 180
722 86 977 126 LETTnns
1009 86 1081 126 oF
1111 86 1375 126 ERAsMUs
1725 88 1847 137 [1523

309 200 564 250 Quanquam
584 198 687 236 mihi
704 196 876 247 quidem
895 195 1067 235 Videtur
1084 195 1184 234 diuo
1203 195 1466 248 Hieronymo
1498 209 1572 247 per
1603 200 1851 250 ἀκυρολογίαν

170 270 234 302 320
252 254 393 294 dictus
426 254 434 269 ‘
453 254 647 292 imitatus
667 250 691 298 ⁹,
724 251 799 301 qui
828 249 1015 289 reddidit
1046 254 1122 289 aut
1153 252 1370 302 expressit.
1441 250 1602 290 Reddit
1631 252 1744 290 enim
1776 256 1853 291 aut

251 310 453 360 exprimit
476 311 695 359 parentem
719 309 824 344 nata
846 305 983 356 proles
1007 306 1150 356 potius
1174 318 1303 356 quam
1326 306 1534 344 imitatur.
1592 305 1675 345 Sed
1697 310 1853 346 natura

252 365 392 403 verius
413 364 456 401 in
478 362 597 400 foetu
619 373 731 399 nunc
754 363 934 410 patrem,
957 373 1069 398 nunc
1093 364 1286 407 matrem,
1311 373 1421 399 nune
1445 373 1574 399 auum
1597 364 1675 399 aut
1696 362 1851 407 auiam,

251 431 364 457 nunc
398 419 672 456 materteram
706 419 783 453 aut
815 418 1017 465 patruum
1051 414 1257 454 imitatur.
1316 415 1383 453 Ad
1417 415 1533 461 haec,
1567 415 1611 453 in
1644 415 1853 454 imitando

252 476 430 512 conatus
467 475 545 517 est,
583 471 627 508 in
663 468 878 508 reddendo
915 468 1103 507 effectus
1162 469 1249 508 Nec
1287 482 1450 520 semper
1487 468 1701 508 reddimus
1738 469 1853 520 quod

171 542 231 575 325
251 527 483 572 imitamur,
507 529 550 564 et
572 536 879 574 nonnunquam
903 523 1193 574 imprudentes
1216 524 1430 562 reddimus
1453 524 1626 574 aliquid.
1685 523 1855 574 Alioqui

251 586 300 620 vt
332 580 442 619 forte
475 592 561 618 non
592 579 785 629 ineptum
819 578 875 616 sit
907 578 1109 616 aemulari
1142 578 1286 617 stilum
1322 578 1584 626 Quintiliani,
1618 578 1681 616 ita
1713 591 1853 629 super-

251 636 443 674 stitiosae
492 633 712 673 cuiusdam
762 631 1004 683 diligentiae
1054 633 1204 671 merito
1255 632 1464 679 videatur,
1516 633 1763 683 praesertim
1812 633 1854 671 in

251 692 502 741 argumento
537 686 742 733 dissimili,
778 686 980 725 librorum
1016 688 1145 726 etiam
1180 700 1402 726 numerum
1439 700 1582 738 parem
1620 686 1853 726 affectasse.

251 744 474 783 Caeterum
502 747 551 781 vt
576 743 620 780 in
646 742 768 792 copia
793 741 1005 779 dissimilis
1030 746 1096 780 est
1122 741 1307 780 Hilarius
1335 742 1596 789 Quintiliano
1626 744 1740 790 (nam
1768 754 1855 780 rem

171 814 237 846 330
251 798 429 838 eandem
458 797 636 836 subinde
664 796 755 835 aliis
783 800 913 846 atque
941 796 1032 834 aliis
1059 796 1199 835 verbis
1226 797 1381 847 repetit
1408 800 1452 835 et
1479 796 1695 845 inculcat),
1724 797 1787 835 ita
1812 797 1856 835 in

251 852 410 892 ordinis
439 850 650 890 imitanda
680 863 780 889 cura
809 863 916 901 pene
947 851 1097 889 anxius
1127 855 1205 897 est,
1238 864 1313 889 nec
1344 864 1494 901 parum
1525 851 1728 901 temporis
1759 864 1854 889 con-

251 921 421 946 sumens
444 907 488 945 in
511 905 747 957 pollicendo
770 904 875 955 quid
897 904 1088 943 dicturus
1111 906 1167 943 sit
1190 909 1233 943 et
1255 906 1300 943 in
1322 904 1552 955 repetendo
1576 905 1679 955 quid
1703 905 1858 943 dixerit

254 964 356 1013 (qua
371 961 544 1012 quidem
560 961 604 999 in
619 973 663 999 re
679 959 853 998 similior
869 964 933 997 est
949 959 1167 997 Aristoteli
1183 972 1313 1009 quam
1332 959 1610 1007 Quintiliano)
1632 973 1639 1005 ;
1673 959 1855 997 multum

252 1017 296 1056 in
340 1015 596 1067 reperiendis
640 1013 978 1059 transitionibus,
1024 1013 1179 1063 quibus
1224 1013 1334 1052 inter
1379 1026 1422 1051 se
1467 1017 1610 1064 partes
1655 1014 1858 1052 concinne

172 1086 233 1119 335
253 1074 457 1110 contexat
477 1083 485 1116 ;
520 1068 702 1108 multum
721 1069 764 1105 in
781 1067 1038 1114 excusando,
1057 1068 1091 1105 si
1108 1067 1280 1118 quando
1298 1080 1372 1118 per
1390 1069 1651 1106 occasionem
1670 1067 1858 1107 incidens

253 1128 468 1164 attactum
503 1127 568 1162 est
601 1122 717 1173 quod
751 1122 874 1160 iuxta
907 1122 1160 1173 promissum
1203 1122 1394 1160 ordinem
1436 1122 1517 1160 alio
1552 1121 1643 1161 1000
1682 1123 1859 1161 tractari

253 1179 472 1218 debuerat.
532 1177 710 1216 Duobus
727 1176 969 1215 nominibus
986 1176 1116 1215 refert
1132 1176 1329 1223 Plinium,
1349 1177 1422 1227 qui
1439 1177 1607 1228 scripsit
1624 1176 1858 1215 Historiam

254 1233 431 1280 mundi;
474 1232 658 1283 primum
683 1230 949 1282 praefatione
975 1235 1065 1270 tam
1091 1231 1323 1278 elaborata,
1351 1231 1503 1270 deinde
1533 1231 1650 1282 quod
1674 1232 1858 1282 primum

253 1288 409 1327 librum
445 1288 579 1326 totius
615 1286 753 1337 operis
789 1285 1009 1324 elenchum
1047 1298 1134 1325 esse
1171 1285 1322 1332 voluit,
1359 1286 1433 1337 qui
1469 1286 1541 1332 illi,
1580 1290 1630 1324 vt
1665 1291 1858 1337 apparet,

172 1359 238 1392 340
254 1347 469 1394 postremo
491 1341 583 1380 loco
606 1341 789 1391 scriptus
811 1346 888 1378 est.

309 1396 451 1447 Atque
479 1396 685 1435 hactenus
713 1394 885 1445 quidem
913 1393 965 1433 de
993 1407 1118 1445 opere
1155 1395 1222 1433 cui
1256 1394 1408 1433 titulus
1435 1399 1500 1434 est
1528 1394 1592 1433 De
1619 1394 1858 1441 Trinitate;

254 1452 322 1490 cui
353 1449 542 1490 succedit
570 1449 675 1488 liber
706 1449 769 1487 De
801 1448 996 1500 Synodis‚
1028 1448 1140 1487 idem
1172 1453 1470 1500 argumentum
1502 1449 1624 1488 aliter
1654 1453 1859 1490 tractans.

255 1505 404 1544 Refert
418 1505 530 1544 enim
547 1505 591 1543 in
606 1503 761 1555 quibus
778 1504 1069 1554 episcoporum
1087 1503 1368 1542 conuentibus
1385 1503 1591 1542 damnata
1606 1504 1662 1542 sit
1678 1503 1860 1542 haeresis

254 1559 522 1599 Arianorum.
581 1558 707 1596 Hune
735 1558 904 1608 scripsit
930 1557 985 1596 ad
1014 1557 1245 1596 Galliarum
1274 1559 1505 1609 episcopos,
1535 1558 1753 1609 gratulans
1779 1558 1861 1596 illis

174 1631 235 1665 345
254 1613 371 1665 quod
392 1615 437 1653 in
459 1613 593 1653 tantis
617 1611 766 1651 mundi
788 1611 1046 1650 tumultibus
1070 1612 1124 1651 ab
1147 1612 1306 1651 Ariana
1328 1612 1514 1651 factione
1537 1617 1859 1663 temperassent.

254 1668 395 1715 Hunc,
418 1672 468 1707 vt
488 1668 578 1719 ipse
600 1671 798 1713 testatur,
822 1667 953 1705 vertit
974 1680 997 1705 e
1020 1665 1192 1713 Graeco,
1217 1667 1290 1705 sed
1312 1667 1390 1705 hac
1412 1667 1610 1706 libertate
1633 1671 1682 1706 vt
1703 1667 1861 1718 vbique

254 1722 455 1774 neglectis
494 1722 633 1760 verbis
672 1721 929 1760 sententiam
968 1721 1095 1759 modo
1134 1721 1300 1768 reddat,
1340 1725 1384 1760 et
1422 1721 1495 1760 vbi
1532 1721 1649 1760 locus
1687 1721 1859 1767 inuitat,

255 1776 417 1828 aliquid
448 1776 501 1815 de
532 1789 608 1814 suo
641 1775 902 1822 admisceat3
951 1788 1081 1826 quam
1113 1775 1355 1815 libertatem
1388 1776 1467 1814 sibi
1499 1776 1712 1826 permittit
1743 1780 1787 1814 et
1817 1776 1861 1814 in

256 1831 447 1870 Psalmos
479 1831 678 1877 scribens,
712 1829 1074 1881 quemadmodum
1107 1843 1208 1869 mox
1239 1843 1315 1869 suo
1348 1830 1535 1869 dicemus
1567 1830 1672 1869 loco.
1730 1829 1860 1869 Porro

175 1904 240 1937 350
255 1899 389 1937 quum
411 1886 477 1924 hic
499 1886 649 1924 recitet
670 1885 903 1923 sententias
925 1884 1162 1936 synodicas'‚
1186 1890 1331 1924 tamen
1353 1885 1606 1923 defensionis
1628 1884 1860 1936 periculum

255 1941 508 1991 deprecatur
528 1952 536 1978 :
577 1952 663 1978 non
686 1938 872 1990 perinde,
898 1940 1059 1990 opinor,
1085 1939 1201 1990 quod
1224 1939 1304 1978 illis
1328 1940 1484 1990 quibus
1507 1939 1610 1978 haec
1634 1939 1860 1985 scribebat,

255 1995 476 2041 diffideret,
510 1998 587 2033 aut
615 1993 731 2044 quod
759 1993 971 2045 quaedam
1000 2007 1087 2032 non
1118 1994 1223 2032 satis
1255 1994 1524 2045 approbaret,
1559 1993 1632 2032 sed
1664 1993 1862 2045 religione

255 2049 444 2100 quadam
473 2048 755 2094 asseuerandi,
785 2061 915 2099 quam
944 2061 1021 2087 nos
1049 2048 1258 2099 paulatim
1287 2049 1345 2087 sic
1374 2048 1653 2087 dedidicimus
1681 2052 1731 2086 vt
1758 2048 1862 2086 nihil

256 2103 430 2155 pudeat.
489 2102 556 2142 Sic
588 2102 700 2141 enim
731 2101 817 2141 fere
848 2116 913 2141 res
945 2103 1189 2141 mortalium
1222 2116 1247 2141 a
1278 2104 1420 2154 paruis
1451 2103 1583 2141 initiis
1615 2102 1670 2140 ad
1701 2103 1862 2141 maiora

176 2176 237 2209 355
256 2157 496 2209 proficiunt,
533 2156 667 2195 donec
700 2157 745 2194 in
778 2157 936 2195 vicium
971 2170 1104 2207 vsque
1137 2157 1366 2196 luxurient.
1425 2157 1561 2195 Diuus
1597 2156 1784 2195 Hilarius
1818 2157 1861 2195 in

257 2212 370 2252 calce
399 2211 496 2250 libri
526 2210 765 2250 duodecimi
795 2211 900 2249 nihil
941 2211 1071 2250 audet
1113 2211 1165 2250 de
1196 2211 1356 2262 Spiritu
1388 2216 1536 2250 sancto
1567 2212 1859 2262 pronunciare,

257 2267 338 2305 nisi
373 2265 490 2317 quod
523 2265 696 2316 spiritus
732 2264 811 2304 Dei
846 2269 1043 2304 est—nec
1078 2265 1156 2304 hoc
1193 2279 1384 2312 ausurus,
1421 2266 1501 2304 nisi
1535 2265 1704 2316 legisset
1746 2265 1861 2316 apud

257 2320 467 2359 Paulum:
518 2333 605 2358 non
638 2319 769 2358 audet
802 2324 1039 2359 creaturam
1075 2319 1224 2367 dicere,
1260 2320 1361 2371 quia
1393 2333 1605 2370 nusquam
1639 2319 1787 2371 legerit
1818 2320 1861 2358 in

258 2375 386 2414 sacris
407 2374 552 2413 literis.
1122 2413 1132 2431 .

177 2441 243 2480 360
312 2429 430 2467 Haec
455 2428 659 2479 professio
684 2441 770 2466 non
795 2428 898 2467 satis
924 2432 1034 2467 esset
1059 2428 1138 2467 hoe
1163 2428 1316 2475 seculo,
1343 2428 1444 2479 quia
1468 2428 1590 2479 plura
1614 2441 1692 2466 nos
1717 2427 1863 2466 docuit

258 2488 451 2522 veterum
480 2483 714 2521 necessaria
742 2483 988 2534 diligentia3
1034 2483 1107 2522 sed
1136 2484 1242 2522 citra
1269 2483 1565 2522 necessitatem
1593 2495 1670 2521 nos
1697 2482 1862 2533 longius

258 2538 489 2577 euehimur.
550 2536 660 2576 Olim
696 2536 800 2575 fides
837 2541 929 2576 erat
963 2538 1007 2575 in
1043 2538 1136 2576 vita
1171 2538 1305 2589 magis
1341 2550 1471 2588 quam
1506 2537 1551 2575 in
1587 2536 1861 2575 articulorum

257 2591 530 2643 professione.
587 2591 688 2629 Mox
709 2592 937 2630 necessitas
959 2591 1184 2630 admonuit
1204 2596 1254 2631 vt
1275 2591 1441 2630 articuli
1463 2591 1861 2642 praescriberentur,

258 2645 333 2685 sed
365 2646 504 2696 pauci,
539 2650 584 2684 et
622 2645 892 2696 Apostolicae
926 2646 1182 2685 sobrietatis,
1241 2645 1404 2685 Deinde
1437 2645 1745 2684 haereticorum
1785 2646 1861 2683 im-

179 2712 239 2751 365
258 2700 449 2752 probitas
474 2699 618 2751 adegit
641 2700 696 2738 ad
720 2701 977 2739 exactiorem
1001 2700 1243 2739 diuinorum
1267 2700 1533 2739 voluminum
1557 2700 1861 2746 excussionem,

259 2754 498 2805 peruicacia
527 2754 733 2805 compulit
762 2759 812 2793 vt
840 2754 1052 2805 quaedam
1082 2768 1134 2794 ex
1164 2755 1397 2794 autoritate
1427 2754 1686 2806 synodorum
1717 2752 1861 2792 defini-

260 2813 419 2848 rentur.
477 2808 667 2848 Tandem
708 2808 812 2848 fides
852 2810 897 2848 in
936 2810 1104 2861 scriptis
1143 2810 1287 2861 potius
1327 2822 1458 2860 quam
1497 2810 1542 2847 in
1582 2808 1733 2847 animis
1773 2820 1862 2847 esse

484 2900 557 2932 349.
583 2892 606 2924 β
621 2902 629 2922 :
660 2890 803 2932 psalmis
818 2902 847 2923 a.
1006 2894 1080 2934 367.
1106 2891 1191 2924 fides
1208 2903 1226 2921 a
1241 2904 1248 2924 :
1285 2891 1365 2924 fidei
1381 2891 1579 2933 symbolum
1595 2893 1629 2925 Β.

307 2985 380 3017 319.
408 2974 1062 3016 ‹inuponoss'axqAloose‚0rinae0urate,
1078 2978 1300 3019 expression;
1332 2977 1375 3010 cf.
1395 2977 1496 3009 Dion.
1516 2977 1595 3010 Hal.
1613 2977 1652 3010 de
1669 2977 1746 3019 Dya.
1764 2988 1798 3018 4.
