2012 3370
186 138 309 188 1423]
688 136 760 176 To
791 135 972 175 ENNio
1003 134 1323 175 FILONARDI
1697 133 1774 171 407

184 260 232 286 ac
254 247 418 286 deiecit.
470 246 557 285 Nec
579 245 700 284 aliter
720 257 832 283 nunc
856 245 955 283 viuo
977 256 1108 294 quam
1128 244 1173 282 in
1194 243 1283 282 dies
1305 246 1480 294 paratus
1502 241 1557 280 ad
1580 245 1774 279 mortem.

184 300 236 340 In
251 302 344 352 ipso
361 301 508 340 morbo
523 299 714 339 redditae
731 302 831 337 sunt
848 298 950 337 mihi
965 298 1134 336 litterae
1151 311 1176 336 a
1191 296 1539 336 reuerendissimo
1556 294 1777 334 Cardinale
1799 303 1813 335 5

185 355 410 407 Campegio
429 359 473 394 et
491 353 673 393 Ricardo
692 352 841 399 Paceo,
862 353 936 403 qui
954 365 1006 390 ex
1025 353 1238 390 sententia
1256 350 1474 390 Pontificis
1492 348 1777 389 hortabantur

185 422 251 448 me
281 414 332 448 vt
360 409 675 460 quamprimum
705 406 948 445 aduolarem
980 406 1176 444 Romam.
1234 405 1303 444 Ad
1332 417 1403 444 eas
1431 404 1597 443 litteras
1627 403 1777 442 statim

183 463 394 514 respondi,
436 462 718 514 pronuncians
759 460 919 511 aliquid
959 459 1120 499 famulo
1160 459 1276 511 quod
1316 459 1541 510 exciperet.
1609 456 1778 496 Titulus

183 517 386 569 epistolae
420 521 512 556 erat
546 516 555 531 ‘
575 515 941 554 Reuerendissimo
976 514 1188 553 Cardinali
1222 513 1448 564 Campegio
1482 516 1559 551 aut
1593 510 1777 550 Ricardo

184 571 320 611 Paceo
340 572 363 611 ⁹.
419 571 521 610 Ideo
546 570 626 609 feci
653 568 864 620 duplicem
890 568 1079 615 titulum,
1108 567 1224 619 quod
1250 567 1411 606 Paeeus
1436 579 1521 606 non
1549 565 1778 605 videbatur
1803 574 1841 597 10

182 625 257 664 diu
275 626 437 665 Romae
454 625 636 664 futurus.
683 623 838 662 Postea
854 635 998 661 rursus
1016 623 1111 661 misi
1126 622 1292 661 litteras
1309 621 1365 660 ad
1381 620 1778 660 reuerendissimum

185 680 237 719 D.
273 679 537 720 Cardinalem
570 678 843 729 Campegium
875 680 920 715 et
952 676 1137 715 Paceum
1170 688 1256 714 vna
1289 688 1386 714 cum
1418 674 1689 726 responsione
1722 672 1778 711 ad

184 734 416 773 calumnias
435 733 573 773 insani
592 732 804 778 Stunicae,
826 730 1035 781 simulque
1056 730 1203 781 scripsi
1221 729 1566 769 reuerendissime
1587 728 1640 767 D.
1662 732 1776 767 tuae.

184 788 270 827 Eas
295 788 459 827 litteras
486 788 580 827 misi
607 799 680 838 per
706 785 914 825 famulum
942 784 1235 824 versicolorem
1262 783 1436 823 Ioannis
1462 782 1603 829 Fabri,
1632 781 1781 821 vicarii

184 842 575 891 Constantien<sis>,
616 853 690 892 per
719 853 847 892 quem
877 840 973 878 misi
1002 839 1133 878 etiam
1164 837 1447 890 prefationem
1478 837 1533 876 ad
1564 836 1604 876 S.
1637 836 1691 875 D.
1723 835 1777 874 N.
1803 843 1837 875 15

185 896 302 936 Haec
327 897 475 947 opinor
498 896 579 934 tibi
602 908 691 935 esse
714 894 894 934 reddita.
948 893 1103 944 Accepi
1132 896 1230 944 post
1255 896 1300 931 et
1329 892 1508 930 alteram
1536 890 1662 930 Pacei
1693 890 1778 941 epi-

183 951 339 990 stolam
361 954 462 990 tuae
484 949 704 989 inclusam.

238 1005 318 1044 Per
344 1005 457 1044 hunc
485 1005 612 1043 mitto
640 1003 938 1055 Paraphrasim
965 1002 1010 1041 in
1036 1001 1147 1041 Acta
1174 1000 1478 1053 Apostolorum
1507 1011 1604 1039 cum
1632 997 1779 1037 multis

183 1058 372 1110 epistolis
406 1059 590 1098 Romam
624 1057 844 1097 mittendis
879 1069 972 1095 meo
1007 1069 1261 1107 quocunque
1295 1058 1484 1105 sumptu.
1548 1052 1779 1092 Pecuniam

182 1113 426 1153 numerabit
478 1113 530 1152 D.
588 1112 767 1151 Ioannes
816 1112 1057 1157 Botzemus,
1108 1110 1335 1150 canonicus
1383 1106 1776 1157 Constantien<sis>.
1799 1116 1842 1139 20

183 1167 464 1207 Vehementer
487 1167 596 1206 enim
624 1168 747 1217 cupio
771 1166 874 1204 haec
899 1165 1012 1204 bona
1034 1164 1118 1204 fide
1142 1163 1315 1216 perferri
1339 1163 1523 1202 Romam
1543 1175 1551 1201 :
1592 1161 1666 1200 vbi
1689 1162 1779 1212 ipse

183 1222 350 1261 vtinam
376 1222 521 1260 adesse
548 1220 731 1272 possim!
789 1220 847 1259 Et
872 1221 958 1259 scio
984 1232 1074 1258 esse
1100 1231 1272 1258 causam
1299 1230 1373 1257 cur
1397 1217 1577 1257 debeam
1603 1215 1777 1255 adesse:

182 1276 256 1315 sed
283 1280 333 1315 vt
358 1289 470 1315 nunc
497 1275 676 1314 affectus
703 1288 809 1321 sum,
838 1275 970 1312 etiam
996 1274 1031 1312 si
1059 1277 1254 1325 ageretur
1280 1272 1332 1311 de
1359 1272 1465 1318 vita,
1492 1283 1576 1311 non
1605 1281 1778 1322 possum

182 1343 294 1369 nunc
334 1331 415 1368 iter
454 1329 630 1380 ingredi,
671 1329 893 1380 presertim
934 1341 1031 1367 cum
1072 1327 1261 1367 eundum
1301 1327 1358 1365 sit
1398 1338 1472 1377 per
1511 1325 1778 1376 hypocausta

183 1383 445 1424 Germanica.
512 1383 593 1422 Vix
631 1384 731 1422 viuo
768 1383 812 1421 in
849 1381 1042 1421 cubiculo
1080 1382 1224 1420 omnia
1261 1380 1492 1420 obseruans
1528 1383 1574 1418 et
1610 1390 1778 1418 canens.
1800 1387 1841 1419 25

182 1437 233 1477 In
252 1437 365 1477 Maio
383 1442 541 1484 tamen,
563 1438 597 1476 si
616 1437 730 1476 Deus
749 1436 913 1475 dederit
931 1435 1093 1486 aliquid
1111 1436 1281 1481 virium,
1302 1435 1520 1485 accingam
1539 1445 1606 1471 me
1624 1432 1778 1477 itineri,

181 1496 231 1531 vt
258 1492 420 1531 Romae
447 1491 515 1530 vel
541 1492 708 1530 moriar.
765 1490 944 1530 Interim
971 1489 1171 1541 prestabo
1199 1501 1423 1540 syncerum
1450 1488 1640 1526 animum
1666 1487 1711 1525 in
1737 1498 1781 1524 re

183 1546 434 1592 Christiana,
459 1546 569 1585 sicut
591 1546 797 1585 hactenus
820 1545 1000 1596 prestiti.

236 1601 429 1640 Demiror
458 1604 604 1640 tamen
628 1600 997 1639 reuerendissimos
1028 1599 1080 1637 D.
1110 1597 1397 1647 Card<inales>
1425 1596 1518 1647 pati
1543 1595 1777 1640 Stunicam,

182 1655 396 1695 hominem
423 1655 668 1704 simpliciter
693 1655 903 1700 insanum,
932 1653 1039 1692 tales
1066 1652 1229 1692 libellos
1255 1651 1404 1690 aedere
1428 1651 1615 1690 Romae:
1662 1648 1778 1701 quod
1803 1659 1845 1691 30

182 1710 268 1749 iam
286 1722 373 1749 non
392 1709 519 1748 semel
538 1708 652 1748 fecit.
711 1708 852 1748 ‘Fecit
869 1709 914 1747 in
931 1709 1172 1759 interregno
1189 1706 1211 1745 ’.
1267 1706 1424 1745 Verum
1444 1717 1453 1743 t
1496 1704 1569 1744 sed
1587 1705 1632 1743 in
1650 1716 1778 1755 regno

182 1764 357 1803 deberet
396 1763 549 1814 puniri.
619 1762 750 1802 Crede
792 1762 909 1808 mihi,
950 1761 1063 1800 illius
1104 1760 1291 1800 stultitia
1332 1759 1587 1799 dehonestat
1627 1757 1778 1798 Sedem

184 1818 423 1857 Romanam
451 1821 495 1856 et
521 1817 652 1856 officit
679 1829 830 1856 causae
857 1815 1135 1861 Pontificiae3
1179 1818 1222 1853 et
1250 1827 1339 1853 rem
1365 1814 1651 1866 gratissimam
1677 1811 1781 1850 facit

184 1872 449 1918 Lutheranis,
474 1872 548 1923 qui
570 1870 676 1910 nihil
698 1870 873 1910 mallent
895 1882 1026 1922 quam
1051 1869 1278 1908 Erasmum
1301 1868 1368 1907 vel
1391 1867 1510 1919 perdi
1534 1866 1601 1905 vel
1625 1866 1716 1917 cogi
1738 1866 1782 1904 in

184 1931 326 1978 partes
350 1927 551 1977 ipsorum.
606 1925 664 1964 At
690 1939 779 1976 ego,
807 1926 841 1963 si
867 1925 1075 1963 alterutro
1101 1924 1179 1962 sim
1206 1922 1453 1974 adigendus,
1481 1922 1605 1960 citius
1630 1920 1782 1971 eligam
1804 1930 1840 1962 35

183 1985 365 2020 mortem
389 1993 519 2032 quam
544 1980 787 2019 factionem.

238 2035 344 2075 Cum
370 2035 474 2073 haec
500 2034 736 2081 scriberem,
763 2033 932 2072 reddita
957 2036 1022 2072 est
1047 2032 1150 2070 mihi
1176 2031 1356 2083 epistola
1381 2043 1407 2069 a
1431 2029 1779 2069 reuerendissimo

184 2090 236 2128 D.
263 2089 354 2129 Car.
382 2089 620 2140 Campegio,
646 2089 720 2139 qui
743 2087 954 2140 significat
977 2100 1020 2126 se
1045 2087 1219 2125 missum
1243 2085 1432 2137 legatum
1456 2083 1779 2135 Norimbergam

183 2144 238 2182 ad
277 2143 510 2183 sedandum
550 2142 784 2181 tumultum
823 2142 1192 2181 Lutheranorum:
1248 2153 1291 2179 se
1329 2139 1457 2178 fuisse
1494 2138 1716 2177 dimissum
1754 2149 1779 2175 a

185 2197 389 2237 Pontifice
410 2197 603 2236 Calendis
624 2197 876 2243 Februariis,
898 2196 1109 2246 velletque
1131 2208 1198 2234 me
1220 2194 1299 2233 sibi
1321 2206 1547 2239 occurrere,
1570 2196 1647 2231 aut
1668 2195 1779 2231 certe
1803 2202 1846 2232 40

183 2252 329 2291 adesse
357 2251 685 2303 Norimbergae;
731 2255 819 2298 aut,
849 2251 884 2290 si
910 2250 954 2289 id
982 2262 1153 2301 quoque
1180 2262 1267 2288 non
1295 2261 1474 2299 possem,
1504 2246 1655 2285 saltem
1682 2246 1780 2285 scri·

185 2306 338 2346 berem.
397 2305 587 2344 Tertium
617 2305 808 2344 facturus
839 2318 946 2351 sum,
979 2309 1023 2343 et
1054 2303 1251 2343 omnibus
1283 2303 1419 2341 modis
1450 2301 1673 2340 adiutmus
1705 2312 1781 2350 pro

184 2374 278 2400 mea
320 2360 431 2399 virili
473 2364 522 2399 vt
564 2359 852 2411 tranquillitas
894 2359 1149 2398 restituatur
1191 2356 1446 2408 reipublicae
1490 2355 1752 2394 Christianae
1774 2366 1781 2391 :

182 2428 282 2454 nam
303 2415 441 2454 adhuc
462 2414 610 2465 hyems
631 2418 707 2459 est,
730 2418 775 2453 et
795 2413 997 2453 valetudo
1023 2425 1191 2463 anceps,
1214 2416 1259 2450 et
1278 2411 1451 2462 longum
1477 2413 1542 2448 est
1561 2410 1642 2447 iter
1665 2408 1784 2459 pe<r>

182 2469 461 2521 hypocausta,
493 2482 602 2520 quae
637 2469 740 2508 mihi
770 2467 990 2507 mortifera
1021 2471 1134 2505 sunt.
1186 2466 1333 2504 Etiam
1363 2469 1493 2515 atque
1522 2464 1653 2501 etiam
1682 2474 1783 2513 rogo
1802 2472 1840 2503 43

183 2527 303 2563 tuam
325 2524 639 2563 humanitatem
664 2527 714 2561 vt
742 2523 787 2561 in
806 2521 1152 2561 transmittendis
1172 2533 1282 2571 quae
1302 2532 1415 2557 nunc
1437 2518 1563 2556 mitto
1586 2517 1782 2562 Romam,

183 2577 287 2617 velit
306 2578 409 2616 mihi
429 2576 656 2628 gratificari
677 2590 685 2615 :
724 2576 829 2615 nihil
849 2576 980 2615 fuerit
1004 2575 1180 2626 gratius.

603 2676 651 2707 13.
678 2667 857 2698 calunnias
876 2665 956 2697 MS.
1149 2674 1204 2703 44.
1230 2674 1272 2705 po
1291 2663 1371 2694 MS.

229 2779 257 2810 7.
284 2770 407 2802 statim
444 2770 622 2811 respondi]
655 2769 718 2802 See
756 2769 821 2809 Ep.
864 2778 946 2808 1410
1065 2778 1110 2807 15.
1138 2768 1384 2809 prefationem]
1402 2767 1466 2808 Ep.
1492 2776 1583 2806 1414.

184 2813 311 2846 introd.
1065 2813 1113 2843 18.
1140 2811 1399 2853 Paraphrasim]
1441 2810 1503 2843 See
1546 2810 1635 2851 Epp.
1685 2819 1780 2849 1414.

233 2867 280 2889 11.
306 2857 455 2897 Romae]
471 2856 522 2889 Cf.
541 2857 605 2898 Ep.
629 2866 721 2895 1424.
746 2865 821 2887 1on.
1021 2857 1112 2894 1418.

271 2901 404 2941 rursus]
420 2900 484 2941 Ep.
507 2908 598 2940 1415.
1107 2897 1227 2930 multis
1263 2897 1434 2939 epistolis]
1475 2898 1538 2930 See
1577 2897 1640 2939 Ep.
1687 2906 1781 2936 1424.

232 2953 280 2977 12.
306 2945 542 2986 responsione]
557 2944 620 2976 Sec
636 2943 725 2985 Epp.
748 2951 841 2983 1415,
864 2944 945 2982 1428
1016 2952 1093 2981 4-9.

181 2988 335 3021 introdd.
1068 2995 1114 3025 37.
1142 2984 1305 3027 epistola]
1326 2984 1370 3017 Of
1394 2994 1406 3016 1
1432 2984 1514 3017 Feb.
1535 2984 1625 3017 from
1647 2984 1783 3016 Rome:

233 3040 280 3073 13.
306 3032 443 3073 scripsi]
458 3031 521 3072 Ep.
544 3031 635 3072 1416.
1021 3020 1073 3061 eff
1084 3030 1147 3070 Ep.
1171 3038 1262 3069 1422.
1282 3031 1313 3065 6,
1334 3038 1428 3069 712³.
