2012 3370
123 146 244 193 1342]
587 145 661 184 To
692 143 922 184 MARCUS
952 143 1249 183 LAURINFS
1634 143 1711 181 227

119 267 203 292 non
222 254 377 301 licebit,
399 255 431 292 si
451 253 553 304 quid
571 265 721 303 parum
741 252 925 291 arrideat
946 256 960 291 ’ἲ
1009 253 1168 293 Saltem
1188 253 1266 291 1100
1286 252 1521 291 concedant
1540 251 1713 297 homini,

119 312 169 347 vt
194 321 291 346 vere
317 308 519 353 scribunt,
548 307 806 353 meticuloso,
835 320 985 357 parum
1012 307 1191 353 erudito,
1219 307 1374 345 nullius
1400 307 1443 344 in
1470 306 1548 344 hoc
1575 318 1714 344 rerum
1731 326 1799 359 990

118 375 267 413 genere
306 362 462 408 iudicii,
502 365 551 400 vt
595 365 664 399 tot
708 361 985 411 probatorum
1032 362 1218 400 virorum
1265 361 1429 400 iudiciis
1475 360 1715 399 subscribat

117 416 284 462 alicubi,
319 421 362 455 et
392 417 436 454 in
467 415 656 454 tumultu
689 419 779 454 tam
812 415 1043 465 periculoso
1083 417 1240 454 tacitus
1271 416 1315 453 in
1347 428 1492 454 eorum
1524 414 1715 453 discedat

118 471 386 516 sententiam,
421 482 600 520 quorum
643 470 919 508 autoritatem
956 473 1024 508 tot
1064 470 1212 508 seculis
1252 473 1458 520 sequutus
1498 473 1562 508 est
1602 468 1714 507 orbis

118 524 393 564 Christianus.

172 578 215 618 Si
246 579 339 630 quis
371 578 594 616 Erasmum
625 590 710 615 non
741 581 884 627 potest
915 590 1057 616 amare
1087 581 1138 616 vt
1168 577 1453 616 Christianum
1484 576 1711 623 infirmum,
1731 597 1793 628 995

117 637 261 671 sumat
283 634 326 671 in
350 646 446 671 eum
472 645 598 682 quem
619 631 735 669 volet
761 631 961 670 affectum
983 645 991 670 z
1029 644 1104 682 ego
1126 631 1232 669 alius
1253 644 1383 682 quam
1405 644 1498 670 sum
1520 644 1608 669 esse
1629 644 1715 669 non

117 699 302 737 possum.
358 686 400 725 Si
422 686 488 724 cui
508 685 698 724 Christus
724 686 934 736 impartiit
960 685 1184 736 grandiora
1210 685 1323 724 dona
1349 685 1543 735 Spiritus,
1566 690 1609 723 et
1635 685 1715 723 sibi

116 739 224 787 fidit,
264 744 412 779 vtatur
448 741 492 778 in
530 739 684 778 Christi
721 739 909 790 gloriam.
977 739 1080 778 Mihi
1118 740 1252 790 magis
1289 740 1459 777 interim
1498 739 1613 777 cordi
1651 742 1716 777 est

116 794 339 833 humiliora
354 794 517 840 sectari,
534 793 660 832 modo
676 794 848 832 tutiora.
880 794 977 832 Non
992 806 1163 844 possum
1179 807 1265 832 non
1280 794 1465 832 execrari
1480 793 1712 838 dissidium,

116 861 202 887 non
223 861 394 899 possum
416 861 501 887 non
523 861 664 887 amare
686 861 834 898 pacem
856 852 900 886 et
922 847 1203 886 concordiam.
1255 847 1387 886 Video
1410 852 1574 898 quanta
1596 848 1651 885 sit
1672 848 1715 885 in
1736 866 1823 890 1000

116 903 240 941 rebus
275 903 403 941 effiani
438 902 634 941 hununns
668 903 916 948 obscufltaQ
952 902 1076 941 vddeo
1111 906 1274 953 quanto
1308 902 1472 940 finanus
1506 902 1716 940 excstetur

116 956 327 996 tumultus
343 970 471 1008 quam
488 956 661 995 sedatur
680 970 688 1003 ;
722 960 765 995 et
780 956 908 995 didici
923 960 1030 1007 quot
1045 957 1131 995 sint
1147 960 1259 995 artes
1275 956 1472 995 Satanae.
1517 956 1558 995 N
1560 968 1606 994 ec
1622 968 1715 994 meo

114 1011 246 1061 ipsius
271 1011 437 1062 spiritui
462 1012 597 1050 ausim
622 1024 696 1062 per
720 1011 863 1050 omnia
886 1010 1014 1049 fidere
1035 1024 1042 1049 :
1084 1014 1256 1050 tantum
1282 1010 1404 1049 abest
1429 1015 1474 1048 vt
1503 1010 1554 1049 de
1580 1009 1716 1049 alieno

117 1065 267 1115 spiritu
288 1066 445 1116 possim
466 1069 580 1104 certo
601 1065 891 1116 pronunciare.
942 1065 1119 1116 Cupiam
1140 1078 1285 1104 omnes
1306 1066 1350 1103 in
1370 1065 1449 1103 hoc
1471 1064 1644 1110 conniti,
1667 1068 1716 1102 vt

117 1120 277 1158 victore
301 1120 466 1159 Christo
490 1124 611 1158 coeat
634 1120 744 1158 inter
768 1132 912 1158 omnes
937 1119 1193 1170 Euangelica
1216 1119 1453 1164 concordia,
1479 1123 1523 1157 et
1546 1118 1715 1157 excluso

117 1173 306 1212 tumultu
327 1174 436 1212 veris
456 1173 691 1212 rationibus
712 1174 957 1212 consulatur
976 1174 1073 1212 hine
1094 1173 1362 1212 sacerdotum
1383 1173 1595 1224 dignitati,
1618 1172 1715 1210 hinc

117 1227 262 1278 populi
293 1228 494 1274 libertati,
528 1241 654 1278 quem
687 1228 894 1266 Dominus
927 1228 1045 1266 Iesus
1076 1227 1255 1267 liberum
1287 1241 1376 1266 esse
1407 1227 1556 1265 voluit.
1619 1226 1715 1265 Huc

115 1282 314 1320 euntibus
336 1294 412 1332 pro
435 1295 511 1320 sua
532 1282 642 1320 virili
663 1295 749 1320 non
770 1282 904 1321 deerit
926 1282 1140 1320 Erasmus.
1192 1282 1415 1321 Caeterum
1436 1282 1471 1320 si
1493 1282 1561 1319 cui
1582 1281 1715 1332 magis

115 1335 256 1386 placet
283 1336 427 1374 omnia
454 1335 639 1382 miscere,
670 1349 737 1374 me
766 1339 878 1374 certe
906 1349 982 1374 nec
1012 1336 1162 1374 ducem
1191 1336 1368 1374 habebit
1395 1348 1471 1374 nec
1501 1335 1714 1373 comitem.

116 1389 378 1428 Praetexunt
410 1390 622 1441 energiam
651 1389 845 1440 Spiritus.
903 1389 1070 1430 Saltent
1107 1391 1236 1441 igitur
1269 1390 1390 1428 bonis
1421 1389 1572 1428 auibus
1606 1389 1716 1427 inter
1739 1407 1822 1431 1010

116 1444 358 1494 prophetas,
391 1456 497 1494 quos
536 1443 699 1482 affiauit
736 1443 917 1494 Spiritus
951 1444 1136 1482 Domini.
1195 1443 1263 1482 Me
1292 1443 1482 1482 nondum
1512 1443 1716 1494 corripuit

113 1498 194 1536 iste
223 1498 428 1548 Spiritus.
460 1498 532 1536 vbi
553 1499 813 1549 corripuerit,
835 1498 1015 1537 fortasse
1032 1498 1149 1537 dicar
1174 1502 1218 1537 et
1243 1499 1332 1549 ipse
1359 1497 1459 1538 Saul
1484 1498 1595 1536 inter
1620 1510 1713 1548 pro-

116 1552 280 1603 phetas.

168 1606 266 1645 Non
286 1606 437 1645 dubito
458 1607 561 1657 quin
582 1606 832 1645 iamdudum
854 1606 980 1653 dices,
1005 1606 1213 1654 Quorsum
1236 1607 1319 1645 ista
1339 1610 1430 1645 tam
1452 1606 1602 1652 multa,
1624 1610 1715 1644 tam

114 1660 266 1711 putida
286 1663 302 1699 ?
349 1660 561 1700 Nimirum
580 1661 675 1707 huc,
696 1674 749 1700 ne
767 1661 946 1711 posthac
965 1660 1123 1700 talibus
1141 1661 1393 1700 rumusculis
1412 1660 1479 1700 vel
1498 1660 1715 1700 tantillum

117 1715 434 1762 commouearis,
474 1716 641 1754 etiamsi
682 1715 822 1754 nullus
861 1719 1056 1754 accurrat
1090 1715 1277 1754 Hilarius
1317 1716 1391 1766 qui
1430 1719 1473 1753 te
1509 1714 1716 1753 exhilaret

117 1770 390 1820 animumque
428 1769 593 1808 reddat.
654 1769 832 1820 Vtrique
871 1769 1025 1808 viduae
1064 1770 1324 1820 caeterisque
1357 1769 1502 1807 amicis
1534 1768 1714 1807 multam

114 1836 166 1862 ex
204 1837 271 1862 me
309 1823 489 1862 salutem
528 1823 819 1862 annunciabis,
886 1823 1019 1863 Simul
1058 1827 1189 1875 atque
1226 1837 1269 1862 se
1306 1823 1513 1862 remiserit
1551 1823 1713 1873 hyems,

113 1877 431 1928 prouolabimus
446 1891 469 1916 e
484 1877 598 1916 nido.
637 1878 645 1893 ‘
665 1877 860 1925 Quonam
880 1877 888 1892 ’
906 1878 1092 1929 inquies?
1138 1878 1205 1916 Ad
1221 1891 1310 1924 vos,
1328 1878 1362 1916 si
1378 1878 1493 1928 pacis
1510 1876 1716 1915 affulserit

113 1932 329 1970 serenitas.
382 1931 455 1971 Sin
479 1933 631 1978 minus,
655 1932 753 1971 illuc
778 1931 1019 1983 vbicunque
1042 1931 1171 1971 fuerit
1193 1933 1383 1983 paratior
1406 1931 1603 1970 salutaris
1627 1931 1714 1969 Vini

114 1987 248 2036 copia.
299 1986 411 2025 Nam
434 1986 597 2025 Romae
619 1987 749 2037 pestis
771 1986 914 2025 odiose
936 1986 1059 2033 ludit,
1083 2000 1160 2025 nec
1182 1987 1321 2025 minus
1344 1987 1481 2025 saeuit
1503 1985 1711 2024 Lutetiae.

116 2039 231 2079 Bene
253 2040 360 2086 vale,
383 2040 448 2078 vir
467 2041 641 2091 optime.

170 2093 375 2141 Basileae,
396 2094 567 2134 Calend.
589 2094 741 2133 Febru.
764 2095 888 2134 Anno
909 2108 934 2133 a
954 2095 1120 2134 Christo
1141 2099 1244 2134 nato
1264 2106 1497 2133 M.D.XX111.

1738 1137 1816 1170 1005

1739 1677 1816 1714 1015

1737 1951 1820 1974 1020

260 2187 351 2220 1007.
378 2187 482 2218 quem
503 2177 537 2207 II
548 2177 686 2209 N²LB:
718 2181 785 2219 que
804 2189 821 2207 a
845 2178 913 2209 Nl:
945 2188 1035 2218 quae
1057 2178 1156 2209 Laud.
1299 2189 1390 2219 1014.
1417 2178 1512 2208 dicas
1532 2177 1574 2208 N.

158 2295 232 2324 990.
260 2284 431 2323 scribunt]
456 2285 620 2316 Erasmus
643 2295 711 2315 was
736 2282 883 2326 perhaps

111 2327 274 2369 thinking
305 2328 340 2359 of
374 2328 434 2359 the
468 2328 603 2370 prefaee
639 2329 801 2368 <written
838 2329 884 2370 by

116 2371 235 2403 Ulrieh
275 2371 465 2411 Hugwald)
508 2372 562 2403 for
600 2372 712 2403 Adam
756 2373 883 2403 Petri⁷s

116 2414 249 2446 edition
274 2414 308 2445 of
333 2415 492 2452 Terence,
524 2415 630 2453 ssaslc‚
660 2424 739 2456 1522
765 2415 804 2447 f0.
823 2418 881 2447 a2:

115 2459 150 2489 in
190 2457 300 2489 which
330 2459 358 2489 is
396 2459 604 2500 reprobated
643 2459 701 2490 1110
741 2459 883 2500 opinion

120 2499 277 2532 ‘illorum
301 2502 361 2542 qui
384 2502 486 2533 hodic
509 2502 573 2533 sibi
596 2505 633 2534 et
656 2502 775 2533 multis
805 2503 881 2533 aliis

119 2544 290 2575 Ecclesiae
302 2544 482 2577 columnae
493 2557 514 2577 v
518 2546 681 2581 identur3
706 2546 730 2577 s
733 2546 880 2577 hristum

118 2587 273 2628 professi,
292 2592 467 2620 caeterum
484 2589 628 2629 spiritus
647 2589 724 2620 fidei
744 2599 882 2629 111010115-

116 2631 239 2672 ignari,
257 2631 513 2664 Platonisantes
531 2633 703 2663 virtutum
721 2632 797 2663 illas
817 2632 876 2663 lar-

119 2684 180 2705 uas
201 2673 389 2712 inculcant,
405 2685 445 2706 ac
462 2685 521 2716 per
537 2675 601 2706 1100
617 2675 754 2706 Christo
774 2676 879 2706 omni-

119 2717 183 2749 bus
202 2718 313 2748 modis
335 2718 481 2749 aduersi.
525 2718 591 2750 sod
612 2728 654 2749 ex
671 2719 881 2759 ignorantia.

117 2771 187 2792 non
209 2759 367 2792 malitia:
402 2771 471 2802 quo
493 2762 601 2802 magis
622 2761 880 2801 ignoscendum.

118 2803 192 2835 Nisi
208 2804 318 2835 sicubi
335 2805 553 2845 grammatici
571 2805 682 2835 officio
698 2805 882 2845 fungentes

118 2857 231 2878 sacras
254 2847 373 2879 literas
398 2858 419 2879 a
444 2848 578 2879 mendis
602 2852 801 2889 repurgant,
826 2848 881 2879 vel

119 2890 161 2921 (10
205 2889 324 2932 lingua
370 2891 405 2922 in
452 2891 605 2931 linguam
654 2891 880 2922 transferunt.

120 2933 252 2971 Quibus
296 2934 527 2976 theologicum
571 2944 697 2966 nomen
741 2934 881 2976 quidem

119 2976 269 3009 adimere
285 2978 370 3010 nihil
386 2989 555 3016 veremur,
572 2989 650 3009 cum
666 2978 752 3010 nihil
769 2978 882 3010 minus

121 3030 225 3061 quam
250 3031 364 3053 sacras
395 3022 512 3053 literas
544 3025 580 3054 ct
610 3021 815 3061 intellegant
846 3025 882 3054 et

953 2286 1087 2323 viuant,
1115 2285 1233 2316 molles
1258 2288 1294 2315 et
1318 2285 1469 2316 delicati.

999 2330 1006 2341 ⁵
1023 2329 1090 2361 Sed
1113 2337 1232 2360 tamen
1255 2339 1324 2360 non
1346 2329 1476 2369 ingrati
1498 2328 1714 2368 agnoscimus

954 2372 1039 2404 bene
1058 2372 1100 2403 de
1118 2373 1234 2413 patria
1253 2373 1402 2403 meritos.
1447 2371 1526 2403 Non
1545 2371 1714 2402 nescimus

951 2416 1043 2447 cnim
1068 2419 1241 2457 quantum
1265 2415 1463 2451 Germania,
1487 2415 1595 2445 immo
1619 2418 1714 2445 totus

952 2460 1132 2490 Romanae
1162 2469 1268 2499 quam
1298 2461 1513 2489 vocauerunt
1542 2457 1714 2488 Ecclesiae

951 2503 1054 2539 orbis,
1080 2502 1207 2533 debeat
1233 2501 1430 2533 melioribus
1453 2501 1571 2532 literis.
1622 2501 1714 2538 Quas

950 2546 997 2576 1111
1017 2546 1059 2576 (10
1078 2547 1205 2586 quibus
1223 2545 1355 2585 loquor,
1374 2545 1402 2575 si
1420 2555 1489 2575 non
1508 2544 1552 2575 ab
1569 2544 1714 2574 interitu

950 2589 1219 2620 vindicauerunt
1240 2589 1353 2629 primi,
1375 2592 1466 2619 certe
1487 2587 1656 2618 industria
1679 2592 1713 2618 01

949 2633 1088 2671 ingenio
1130 2633 1296 2663 iuuerunt
1341 2631 1562 2672 plurimum.
1633 2630 1715 2661 This

950 2676 1035 2716 judg
1017 2678 1165 2711 (01110111,
1178 2674 1555 2714 concludinghowcxer
1571 2673 1712 2704 withits

952 2719 1141 2749 handsome
1164 2718 1308 2751 tributo
1326 2718 1354 2748 is
1364 2700 1512 2758 usually
1528 2717 1713 2758 supposed.

951 2762 1020 2792 and
1036 2765 1127 2792 most
1142 2760 1324 2802 probably,
1341 2765 1378 2792 10
1394 2761 1482 2792 lefer
1496 2765 1534 2792 to
1549 2761 1713 2792 Elasnms

950 2805 1020 2836 and
1034 2805 1086 2835 his
1099 2804 1278 2836 followers.

997 2859 1089 2897 1017.
1118 2848 1147 2880 V
1150 2848 1263 2889 trique
1280 2847 1422 2887 viduae]
1439 2847 1521 2879 Two
1541 2848 1660 2879 sisters
1674 2848 1707 2879 01

952 2892 978 2922 Ι
981 2891 1142 2922 aurinus:
1171 2901 1225 2922 see
1240 2891 1304 2932 Ep
1323 2893 1415 2933 1458
1431 2893 1472 2932 67
1486 2891 1555 2923 and
1572 2891 1642 2923 EE.
1660 2901 1695 2932 71

997 2945 1090 2968 1021.
1118 2934 1240 2976 pestis]
1271 2935 1321 2967 Cf.
1357 2937 1446 2977 E.pp
1482 2945 1576 2976 1324.
1614 2945 1713 2977 113n,

953 2980 1045 3020 1338.
1066 2981 1118 3011 62.

1041 3021 1217 3061 Lutetiae]
1233 3022 1282 3054 Cf.
1302 3022 1367 3064 Ep.
1388 3024 1481 3063 1328.
1498 3025 1578 3055 6011.

884 3090 960 3126 QZ
