2012 3370
111 158 236 208 1333]
680 155 753 195 To
783 155 1129 195 FERDINAND
1626 155 1702 193 165

110 267 282 307 Etenim
306 279 439 318 quum
462 268 697 306 extremam
722 275 897 303 coenam
921 263 1129 302 Dominus
1153 265 1284 301 noctu
1308 260 1473 313 legatur
1497 261 1703 312 peregisse

112 334 208 360 cum
222 321 449 372 discipulis,
467 324 539 370 atq
546 331 597 357 ue
609 319 720 357 inter
736 317 1003 357 coenandum
1016 317 1187 356 interim
1202 316 1356 355 lauerit
1368 328 1541 355 suorum
1558 314 1699 367 pedes,

110 378 256 415 tamen
278 388 304 414 a
326 387 455 415 coena
476 378 567 413 tam
590 373 802 424 prefixum
823 384 1059 412 sermonem
1081 370 1213 410 habet
1234 383 1331 409 cum
1353 371 1452 417 suis,
1477 374 1526 410 vt
1549 370 1702 408 mirum
1719 383 1761 416 45

112 430 167 468 sit
198 434 368 481 tempus
400 431 468 468 tot
502 427 641 466 verbis
675 427 938 478 suppetisse:
990 425 1237 477 praesertim
1271 437 1404 476 quum
1437 437 1491 464 ex
1525 424 1703 464 aliorum

113 484 481 535 Euangelistarum
499 481 741 520 narratione
761 484 927 519 constet
947 484 990 519 et
1009 479 1092 518 alia
1112 479 1260 525 multa,
1282 483 1407 518 nocte
1426 478 1587 525 eadem,
1609 482 1703 517 tum

112 538 228 577 dicta
257 542 352 577 tum
381 536 497 575 facta
526 535 667 575 fuisse.
724 535 876 574 Modus
906 535 1034 585 igitur
1063 534 1266 584 temporis
1297 533 1400 572 mihi
1430 534 1588 573 seruari
1618 545 1701 572 non

113 593 268 644 potuit,
293 592 359 631 cui
380 591 452 630 illa
474 591 617 629 omnia
631 593 754 628 erant
776 589 979 640 prolixius
1001 589 1131 627 etiam
1153 587 1417 639 explicanda.

166 646 384 685 Postremo
425 645 557 684 habet
598 644 779 683 Ioannes
821 655 945 682 suum
987 641 1204 693 quoddam
1246 641 1413 681 dicendi
1454 654 1598 693 genus,
1641 641 1703 680 ita
1723 655 1765 688 50

111 712 345 740 sermonem
371 699 489 738 velut
514 698 673 738 ansulis
698 711 750 737 ex
776 711 865 736 sese
891 696 1214 736 cohaerentibus
1239 700 1482 743 contexens,
1509 708 1702 735 nonnun-

110 766 240 805 quam
274 766 326 793 ex
360 754 593 800 contrariis,
628 764 936 803 nonnunquam
969 764 1022 790 ex
1056 750 1275 797 similibus,
1310 762 1618 801 nonnunquam
1651 762 1704 789 ex

109 808 257 847 iisdem
284 807 462 847 subinde
487 808 691 859 repetitis,
720 811 770 846 vt
796 806 1064 858 paraphrasis
1090 805 1168 844 has
1194 805 1397 844 orationis
1423 804 1593 844 delicias
1618 816 1704 843 non

109 863 244 914 possit
273 862 460 902 reddere.
519 861 642 909 Quod
674 874 805 913 genus
837 864 915 908 est,
952 859 960 875 ⁶
980 859 1032 899 In
1063 859 1270 911 principio
1302 863 1394 898 erat
1426 858 1626 906 Verbum,
1660 861 1705 897 et

111 917 296 956 Verbum
324 920 417 957 erat
442 916 558 968 apud
586 916 738 964 Deum,
769 919 814 955 et
842 915 957 954 Deus
985 918 1078 954 erat
1107 913 1294 954 Verbum
1310 913 1334 953 '.
1393 912 1445 952 In
1473 913 1538 953 his
1566 912 1703 952 tribus
1725 927 1739 961 5
1747 927 1762 960 5

110 971 322 1019 membris,
352 971 539 1011 Verbum
567 970 719 1018 Verbo,
750 970 865 1009 Deus
893 969 984 1009 Deo
1012 969 1271 1016 succinitur3
1316 980 1365 1007 ac
1394 980 1494 1007 mox
1521 967 1704 1019 repetito

110 1027 316 1078 principio
341 1026 543 1065 circulum
572 1025 770 1072 absoluit,
805 1025 813 1039 ‘
829 1024 923 1063 Hoc
952 1027 1045 1063 erat
1072 1023 1118 1062 111
1142 1023 1349 1075 principio
1378 1022 1495 1074 apud
1524 1022 1663 1061 Deum
1678 1021 1703 1061 '.

110 1080 171 1119 Ac
195 1093 375 1127 rursum,
404 1080 413 1095 ‘
433 1080 586 1120 Omnia
611 1092 685 1131 per
708 1080 848 1131 ipsum
872 1078 989 1117 facta
1014 1081 1127 1125 sunt,
1154 1081 1199 1116 et
1222 1078 1312 1116 sine
1335 1077 1427 1128 ipso
1451 1076 1616 1116 factum
1640 1079 1706 1116 est

109 1134 226 1174 nihil.
285 1134 408 1183 Quod
421 1134 584 1174 factum
601 1138 666 1173 est
680 1134 725 1172 in
739 1134 844 1185 ipso,
863 1134 954 1172 vita
969 1136 1074 1179 erat,
1092 1135 1137 1171 et
1151 1132 1243 1171 vita
1258 1135 1351 1170 erat
1365 1131 1439 1170 lux
1455 1131 1675 1170 hominum
1695 1142 1704 1169 ε

108 1192 153 1227 et
180 1188 254 1227 lux
282 1190 327 1228 in
352 1189 537 1228 tenebris
562 1188 688 1235 lucet,
719 1192 764 1227 et
789 1187 989 1227 tenebrae
1016 1199 1112 1226 eam
1139 1199 1226 1226 non
1254 1184 1702 1238 comprehenderunt’.
1721 1194 1765 1226 60

110 1242 162 1281 In
180 1243 246 1282 his
264 1243 399 1294 liquet
418 1246 468 1282 vt
487 1243 689 1282 orationis
709 1242 910 1293 quodque
929 1241 1167 1280 membrum
1186 1253 1351 1292 semper
1368 1241 1556 1292 excipiat
1574 1239 1702 1291 prius,

108 1297 167 1335 sic
184 1301 233 1336 vt
248 1298 398 1348 prioris
414 1296 509 1336 finis
525 1298 580 1336 sit
596 1298 767 1336 initium
783 1297 1012 1347 sequentis,
1029 1308 1079 1335 ac
1095 1295 1180 1335 tale
1197 1294 1402 1346 quiddam
1419 1295 1486 1334 hic
1502 1307 1705 1346 agnoscas

108 1350 233 1400 quale
264 1350 519 1391 Graecorum
561 1354 640 1403 ἠχὼ
673 1350 780 1390 solet
810 1350 1023 1390 affectare.
1082 1349 1244 1398 Quibus
1275 1349 1328 1388 de
1358 1348 1484 1388 rebus
1515 1347 1707 1388 nonnihil

108 1405 271 1445 dictum
290 1409 356 1445 est
373 1406 496 1445 nobis
515 1406 559 1444 in
574 1406 847 1456 argumentis.
897 1404 1021 1443 Hanc
1036 1403 1290 1455 peculiarem
1305 1403 1508 1442 sermonis
1523 1403 1706 1454 gratiam

107 1459 394 1511 intelligebam
417 1460 521 1499 mihi
542 1459 786 1511 frequenter
807 1460 852 1498 in
874 1458 1122 1510 paraphrasi
1144 1458 1391 1510 perituram.
1722 1467 1763 1506 65

162 1513 317 1565 Itaque
354 1527 488 1565 quum
527 1514 603 1554 has
642 1514 792 1565 hisque
831 1513 1067 1553 consimiles
1105 1512 1379 1552 difficultates
1417 1511 1574 1551 multas
1613 1523 1703 1563 per-

107 1569 322 1620 spicerem,
347 1573 495 1608 tamen
517 1581 736 1620 aggressus
760 1581 854 1607 sum
878 1568 1154 1620 prouinciam,
1181 1571 1249 1606 tot
1273 1567 1473 1606 nimirum
1497 1579 1546 1606 ac
1570 1566 1705 1606 tantis

107 1624 208 1662 viris
228 1636 304 1663 suo
325 1622 501 1663 hortatu
522 1623 604 1662 huc
625 1623 892 1669 vocantibus,
915 1623 1149 1662 autoritate
1170 1620 1520 1673 compellentibus
1540 1633 1548 1667 ;
1586 1633 1703 1672 prae·

106 1678 251 1716 sertim
283 1682 429 1717 autem
461 1678 685 1729 superioris
718 1678 909 1728 obsequii
941 1678 1080 1715 verius
1113 1689 1243 1727 quam
1275 1675 1478 1715 audaciae
1510 1687 1704 1714 successu

105 1732 253 1771 fretus.
310 1732 351 1772 N
352 1745 398 1771 ec
416 1733 530 1771 enim
548 1733 756 1772 hactenus
774 1731 901 1771 modo
921 1732 1134 1777 successit,
1156 1730 1272 1782 quod
1290 1730 1479 1781 vndique
1497 1729 1703 1769 candidus
1722 1746 1766 1778 70

105 1786 237 1826 lector
260 1799 336 1838 pro
358 1787 437 1826 hoc
461 1787 596 1826 officio
620 1787 723 1826 mihi
746 1787 904 1838 gratias
927 1787 1029 1837 agit,
1054 1798 1202 1824 verum
1225 1785 1355 1824 etiam
1378 1783 1494 1835 quod
1517 1783 1702 1831 Carolus,

106 1840 332 1880 Caesarum
362 1854 468 1892 quos
498 1841 753 1892 octingentis
781 1840 936 1879 abhinc
965 1840 1086 1879 annis
1106 1840 1258 1878 habuit
1279 1839 1476 1885 mundus,
1498 1842 1546 1877 vt
1569 1839 1701 1877 maxi-

106 1908 213 1943 mus,
235 1896 269 1934 si
288 1895 461 1935 ditionis
481 1895 807 1947 amplitudinem
827 1898 1005 1946 spectes,
1025 1895 1087 1933 ita
1107 1898 1151 1933 et
1171 1894 1371 1945 optimus,
1392 1894 1427 1932 si
1446 1906 1580 1944 quum
1600 1892 1704 1931 alias

104 1949 216 1988 illius
245 1963 343 1989 vere
360 1950 586 1989 Caesareas
611 1951 806 1996 virtutes,
837 1954 932 1988 tum
961 1949 1185 2000 praecipue
1214 1948 1423 1999 religionis
1452 1960 1502 1986 ac
1530 1948 1704 1999 pietatis

105 2003 295 2043 studium
314 2004 610 2056 contemplere,
634 2004 822 2044 laborem
840 2004 953 2042 hunc
973 2015 1270 2043 meum—nam
1292 2002 1353 2041 illi
1375 2002 1705 2041 dicatam—non
1721 2017 1762 2051 75

104 2061 277 2097 tantum
297 2058 421 2098 vultu
454 2063 499 2098 et
529 2059 732 2106 oratione,
763 2057 837 2098 sed
865 2058 996 2097 literis
1025 2058 1155 2097 etiam
1189 2070 1276 2096 non
1304 2057 1443 2096 minus
1477 2055 1704 2096 honorifice

105 2124 236 2163 quam
251 2117 444 2152 amanter
462 2112 518 2151 ad
538 2126 604 2152 me
623 2113 793 2164 scriptis
811 2111 891 2151 sibi
912 2112 1048 2151 multo
1063 2111 1355 2164 gratissimum
1370 2111 1500 2150 fuisse
1518 2115 1704 2151 testatus

103 2170 181 2206 est.

159 2221 340 2260 Proinde
362 2221 464 2260 mihi
486 2222 708 2261 conuenire
730 2222 869 2260 visum
890 2225 956 2260 est
977 2225 1039 2268 vt,
1062 2221 1265 2272 quoniam
1286 2219 1533 2260 Matthaeus
1554 2219 1703 2260 Carolo

105 2280 374 2315 consecratus
407 2280 530 2323 esset,
569 2276 750 2316 Ioannes
786 2275 1054 2315 Ferdinando
1090 2275 1209 2315 velut
1244 2275 1366 2314 alteri
1402 2274 1550 2315 Carolo
1587 2274 1700 2313 dedi·
1720 2283 1763 2314 80

105 2334 284 2369 caretur.
341 2330 402 2369 Ac
417 2344 517 2370 sane
533 2330 644 2370 bona
659 2330 870 2382 quaedam
885 2343 980 2382 spes
995 2330 1213 2369 blanditur
1227 2331 1369 2369 animo
1385 2342 1491 2375 meo,
1508 2329 1702 2367 futurum

104 2384 304 2435 pollicens
323 2389 384 2432 vt,
406 2385 766 2436 quemadmodum
785 2384 889 2424 illud
908 2386 1108 2424 successit
1127 2384 1262 2424 Caroli
1283 2384 1471 2424 Caesaris
1490 2383 1701 2434 auspiciis,

103 2439 166 2477 ita
185 2443 229 2478 et
247 2439 315 2478 hic
334 2444 512 2479 conatus
532 2439 789 2478 Ferdinandi
808 2439 1009 2478 succedat
1028 2440 1238 2490 auspiciis.
1296 2439 1406 2478 Sunt
1425 2437 1511 2477 duo
1530 2437 1703 2476 nomina

103 2492 228 2532 huius
241 2494 335 2533 aeui
349 2494 587 2533 felicissima
602 2507 611 2541 ;
632 2498 698 2534 est
710 2493 891 2534 fratrum
905 2507 982 2546 par
994 2494 1119 2533 huius
1133 2493 1288 2533 aetatis
1302 2492 1701 2543 auspicatissimum.

104 2547 192 2586 Nec
236 2548 523 2588 dubitandum
567 2548 749 2588 arbitror
793 2549 897 2600 quin
940 2549 1303 2587 sanctissimorum
1348 2547 1587 2598 principum
1632 2546 1702 2597 pia
1721 2555 1761 2595 85

104 2601 247 2640 studia
281 2602 414 2641 diuini
447 2603 632 2642 numinis
665 2603 788 2642 fauor
823 2603 929 2642 bene
961 2602 1166 2642 fortunet.
1225 2602 1343 2640 Licet
1377 2602 1502 2647 enim,
1538 2600 1700 2651 opinor,

106 2655 211 2695 bene
251 2657 429 2695 ominari
468 2657 520 2696 de
560 2658 637 2704 his,
678 2658 723 2696 in
761 2657 917 2708 quibus
956 2657 1095 2696 adhuc
1135 2655 1474 2695 adolescentibus
1513 2655 1702 2706 egregius

105 2711 315 2749 virtutum
348 2716 581 2762 prouentus
614 2711 861 2762 magnificae
894 2712 994 2762 spei,
1030 2724 1160 2761 quam
1193 2710 1245 2749 de
1278 2724 1321 2749 se
1354 2711 1514 2760 primae
1547 2708 1703 2748 aetatis

105 2764 223 2803 velut
255 2765 386 2803 herba
418 2766 664 2816 praebebat,
698 2765 938 2816 respondet.
997 2765 1108 2804 Nam
1141 2769 1185 2803 et
1218 2765 1424 2815 pueritiae
1456 2768 1557 2802 tuae
1589 2775 1703 2801 noua

103 2818 315 2869 quaedam
353 2824 398 2859 et
435 2820 696 2858 admirabilis
734 2819 895 2858 indoles
933 2821 1019 2858 iam
1058 2824 1152 2858 tum
1190 2818 1397 2857 eiusmodi
1436 2818 1700 2870 prudentiae,
1721 2835 1764 2866 90

103 2873 417 2921 moderationis,
464 2873 815 2921 mansuetudinis,
861 2875 1132 2925 integritatis,
1179 2873 1390 2925 religionis
1434 2886 1483 2912 ac
1530 2872 1703 2924 pietatis

249 2972 300 3003 51.
326 2964 348 2996 β
364 2973 372 2994 :
405 2972 562 2994 sermone
579 2973 610 2994 α.
746 2971 797 3002 59.
824 2961 860 2992 in
877 2961 966 3003 ipso,
983 2973 1001 2990 α
1018 2973 1026 2993 :
1058 2985 1067 2999 ,
1088 2961 1124 2992 in
1141 2961 1218 3003 ipso
1236 2959 1280 2999 δζι
1296 2972 1304 2992 :
1337 2961 1373 2993 iu
1390 2961 1468 3003 ipso
1485 2963 1555 3000 γει).

293 3077 343 3110 71.
369 3067 499 3108 gratias
516 3065 603 3109 agit]
620 3065 669 3099 Cf.
691 3066 754 3107 Ep.
778 3066 870 3096 1060.
895 3065 1009 3102 16-19.
1106 3066 1153 3105 76.
1181 3063 1303 3103 literis]
1323 3063 1387 3105 Ep.
1413 3071 1505 3103 1270.
