2012 3370
251 121 330 159 614
724 118 981 159 LETTERS
1012 119 1085 159 OF
1113 118 1379 159 ERASMUS

1727 122 1851 171 [1524

194 245 232 268 10
249 233 350 269 tunt
375 229 519 268 lumen
546 233 596 267 vt
622 231 774 266 ventos
801 227 1044 274 excludant,
1073 231 1118 266 et
1143 231 1290 280 tamen
1315 240 1390 278 per
1414 227 1589 266 rimulas
1615 228 1854 269 admittunt

192 514 226 546 15

187 785 230 808 20

190 1328 231 1360 30

190 1599 228 1632 35

190 1873 234 1903 4ο

214 1056 226 1064 ·
249 1045 298 1080 vt
318 1054 405 1080 non
424 1045 575 1092 pateat
595 1054 669 1091 per
690 1041 858 1080 hiantes
878 1042 1006 1079 rimas
1027 1040 1171 1079 aditus
1194 1041 1335 1079 ventis
1360 1041 1511 1079 noxiis.

249 296 398 322 auram
416 283 532 321 illam
552 282 751 328 colatam,
772 282 994 333 aliquanto
1013 281 1361 332 pestilentiorem,
1381 281 1441 320 ibi
1459 281 1533 320 diu
1552 283 1854 333 quiescentem.

247 337 358 376 Tum
392 337 482 376 sola
514 336 601 375 fere
635 340 774 375 strata
807 340 909 375 sunt
943 335 1103 387 argilla,
1138 340 1233 374 tum
1270 336 1433 387 scyrpis
1469 336 1745 388 palustribus,
1780 338 1854 388 qui

249 389 428 430 subinde
453 391 513 429 sic
537 394 812 437 renouantur,
841 394 891 429 vt
915 390 1247 430 fundamentum
1272 394 1446 429 maneat
1471 389 1697 441 aliquoties
1722 403 1857 430 annos

249 445 414 496 viginti,
439 444 518 483 sub
541 457 585 483 se
607 444 758 483 fouens
781 448 921 495 sputa,
947 445 1148 491 vomitus,
1173 445 1353 483 mictum
1376 457 1530 483 canum
1553 448 1598 484 et
1619 444 1854 491 hominum,

248 499 483 550 proiectam
525 499 748 538 ceruisiam
790 503 834 537 et
876 499 1056 549 piscium
1097 476 1310 550 reliquias,
1353 498 1543 550 aliasque
1585 498 1729 538 sordes
1769 511 1857 538 non

248 553 544 592 nominandas.
614 553 726 592 Hinc
760 556 931 591 mutato
968 552 1084 592 coelo
1113 566 1248 603 vapor
1280 552 1458 604 quidam
1490 552 1730 600 exhalatur,
1760 565 1856 592 mea

248 607 462 646 sententia
484 607 657 646 minime
679 607 860 646 salubris
882 606 1071 646 humano
1093 606 1271 658 corpori

302 660 424 700 Adde
442 661 558 712 quod
575 661 728 712 Anglia
745 674 831 700 non
844 661 982 700 solum
997 675 1025 700 v
1027 661 1185 712 ndiquc
1199 661 1455 700 circumfusa
1467 664 1533 700 est
1549 661 1669 708 mari,
1686 673 1853 700 verum-

247 716 379 754 etiam
406 715 553 754 multis
579 716 624 754 in
650 715 752 754 locis
779 715 982 766 palustris
1008 719 1074 754 est
1103 715 1308 766 salsisque
1328 715 1575 754 fluminibus
1594 716 1853 760 intersecta;

248 782 300 808 ne
334 770 438 820 quid
470 769 612 808 dicam
643 770 815 809 interim
848 769 901 808 de
934 769 1215 816 salsamentis
1251 769 1406 820 quibus
1439 769 1592 821 vulgus
1625 770 1781 808 mirum
1813 770 1855 808 in

249 823 424 863 modum
449 823 699 863 delectatur.
753 823 1018 863 Confidcrem
1041 824 1224 863 insulam
1248 823 1337 862 fore
1361 824 1498 862 multo
1523 823 1798 862 salubriorem
1823 823 1858 862 si

248 891 498 929 scyrporum
530 892 631 918 vsus
663 878 913 925 tolleretur;
961 882 1056 917 tum
1088 879 1123 916 si
1155 879 1214 916 sic
1251 882 1550 916 extruerentur
1582 877 1776 916 cubicula
1808 882 1859 916 vt

248 932 416 971 duobus
455 937 532 972 aut
569 932 707 971 tribus
745 932 950 972 lateribus
989 936 1187 983 paterent
1227 932 1371 979 coelo;
1425 931 1622 971 fenestris
1661 931 1858 971 omnibus

248 988 396 1026 vitreis
412 988 475 1025 ita
492 986 697 1026 confectis
714 991 763 1026 vt
779 990 899 1026 totae
916 988 1082 1038 possint
1098 987 1265 1037 aperiri,
1284 990 1403 1025 totae
1417 986 1571 1033 claudi,
1585 990 1631 1025 et
1644 987 1702 1024 310
1717 985 1857 1025 claudi

1561 1040 1781 1091 Siquidem
1807 1044 1858 1078 vt

249 1095 480 1146 aliquando
525 1095 793 1134 salutiferum
837 1099 902 1134 est
946 1095 1175 1134 admittere
1219 1095 1396 1141 coelum,
1441 1096 1504 1134 ita
1547 1107 1858 1146 nonnunquam

249 1148 517 1188 salutiferum
547 1153 612 1188 est
641 1149 877 1188 excludere.
936 1149 1068 1188 Ridet
1097 1149 1250 1200 vulgus
1280 1150 1315 1188 si
1344 1150 1439 1200 quis
1469 1148 1713 1188 offendatur
1743 1149 1859 1188 coelo

249 1203 457 1243 nubiloso.
514 1203 605 1254 Ego
618 1208 662 1242 et
677 1208 778 1243 ante
793 1216 927 1243 annos
943 1204 1134 1255 triginta,
1151 1205 1186 1242 si
1198 1203 1373 1242 fuissem
1388 1204 1600 1255 ingressus
1613 1202 1856 1242 cubiculum

249 1259 293 1296 111
309 1270 394 1308 quo
415 1258 631 1297 mensibus
651 1258 816 1309 aliquot
835 1271 960 1297 nemo
980 1262 1176 1297 versatus
1195 1262 1319 1304 esset,
1339 1257 1436 1297 ilico
1455 1258 1712 1308 incipiebam
1729 1256 1854 1296 febri-

250 1313 385 1351 citari.
439 1312 658 1351 Conferret
681 1312 777 1359 huc,
803 1313 838 1351 si
861 1312 989 1364 vulgo
1013 1313 1179 1364 parolor
1198 1313 1338 1351 victus
1358 1312 1602 1363 persuaderi
1621 1315 1779 1363 posset,
1807 1325 1857 1350 ac

249 1366 605 1406 salsamentorum
643 1367 902 1406 moderatior
938 1380 1053 1406 vsus.
1119 1366 1230 1405 Tum
1266 1368 1302 1405 si
1337 1366 1510 1417 publica
1547 1379 1648 1405 cura
1683 1366 1855 1404 deman-

249 1421 423 1460 daretur
461 1421 668 1460 aedilibus
707 1426 758 1460 vt
795 1422 890 1460 viae
929 1421 1171 1460 mundiores
1210 1425 1351 1460 essent
1390 1434 1416 1460 a
1454 1433 1584 1460 coeno
1623 1421 1855 1472 mictuque.

249 1475 508 1514 Curarentur
530 1480 574 1514 et
596 1489 646 1514 ea
667 1489 778 1526 quae
800 1476 969 1514 ciuitati
991 1476 1131 1514 vicina
1153 1476 1252 1514 sint.

304 1529 399 1568 Soio
420 1529 577 1568 ridebis
599 1530 739 1568 ocium
761 1543 916 1576 meum,
941 1530 1015 1580 qui
1036 1530 1101 1568 his
1123 1529 1175 1568 de
1197 1529 1322 1567 rebus
1345 1529 1549 1568 sollicitus
1571 1529 1663 1567 sim.
1714 1529 1749 1567 F
1751 1541 1858 1567 aueo

249 1584 410 1634 regioni
438 1597 547 1634 quae
576 1584 680 1622 mihi
708 1588 800 1622 tam
828 1583 902 1622 diu
931 1583 1130 1634 praebuit
1157 1583 1420 1633 hospitium3
1465 1587 1507 1621 et
1536 1584 1581 1621 in
1609 1596 1695 1634 qua
1722 1582 1858 1621 libens

251 1637 415 1676 finirem
448 1637 563 1688 quod
595 1642 788 1688 superest
819 1639 926 1684 aeui,
960 1639 995 1676 si
1025 1637 1164 1676 liceat.
1226 1637 1323 1676 Non
1355 1637 1506 1676 dubito
1538 1638 1642 1688 quin
1672 1641 1722 1675 tu
1754 1636 1859 1675 haec

252 1704 328 1741 pro
361 1695 440 1730 tua
468 1691 697 1741 prudentia
724 1693 882 1730 rectius
910 1692 1054 1738 noris;
1104 1691 1231 1730 libuit
1265 1696 1412 1729 tamen
1447 1691 1687 1737 admonere,
1724 1695 1787 1737 vt,
1823 1692 1861 1729 si

252 1758 395 1784 meum
408 1746 614 1784 iudicium
629 1759 727 1785 cum
741 1750 818 1785 tuo
834 1746 1060 1792 consentit,
1077 1745 1181 1784 haec
1196 1746 1298 1784 viris
1312 1745 1574 1796 principibus
1589 1744 1861 1796 persuadeas,

253 1799 371 1838 Haec
391 1801 504 1839 enim
525 1800 623 1839 olim
644 1813 792 1851 regum
812 1813 914 1839 cura
933 1801 1157 1839 consueuit
1176 1813 1279 1839 esse.

307 1853 575 1905 Scripsissem
601 1854 857 1905 perlibenter
883 1854 1091 1893 Reueren.
1119 1853 1173 1892 D.
1201 1853 1351 1900 Cardqg
1397 1854 1470 1892 sed
1498 1866 1575 1892 nec
1602 1854 1742 1892 ocium
1768 1857 1861 1892 erat

252 1921 329 1947 nec
371 1913 684 1960 argumentum,
727 1922 805 1948 nec
844 1910 992 1960 ignoro
1034 1908 1189 1960 quibus
1229 1908 1299 1947 ille
1340 1909 1523 1959 negociis
1565 1908 1858 1959 distringatur.

254 1963 368 2001 Bene
389 1963 496 2010 vale,
519 1964 584 2001 vir
603 1963 835 2002 humaniss.
858 1977 867 2010 3
904 1964 971 2002 cui
990 1962 1125 2001 debeo
1145 1962 1388 2013 plurimum.

855 2073 904 2102 16.
932 2071 1023 2103 Hinc
1039 2070 1098 2102 N:
1128 2070 1195 2102 Hic
1212 2070 1256 2102 H.

302 2189 314 2211 1
326 2189 352 2211 1.
379 2177 546 2216 celatam]
561 2178 612 2210 Cf.
629 2178 694 2219 Ep.
715 2180 810 2218 1489.
826 2180 883 2209 811.

302 2232 352 2261 19.
377 2222 557 2263 palustris]
574 2221 625 2253 Cf.
643 2221 708 2262 Ep.
730 2224 824 2261 1489.
845 2224 918 2262 5-0.

298 2275 352 2298 20.
377 2263 612 2303 salsamentis]
634 2265 702 2296 For
722 2265 783 2296 the
804 2265 890 2296 evils
910 2265 1023 2296 which

255 2309 421 2341 Erasmus
449 2309 647 2341 attributed
675 2312 713 2340 to
741 2308 812 2340 this
839 2308 960 2340 article
988 2309 1024 2340 of

254 2353 329 2384 diet
357 2363 413 2384 see
442 2352 503 2384 the
533 2352 683 2394 opening
714 2351 751 2383 of
779 2352 840 2384 the
870 2353 891 2384 I
893 2352 1021 2393 clethyo-

253 2395 404 2436 qaka917a;
449 2396 525 2428 first
555 2395 696 2437 printed
725 2396 762 2427 in
793 2395 855 2427 the
886 2395 1022 2428 Froben

255 2438 432 2480 Colloquia
446 2439 483 2471 of
498 2439 580 2471 Feb.
602 2440 696 2479 1526.

299 2493 353 2523 27.
378 2481 575 2521 excludere]
597 2481 774 2514 Erasmus?
796 2482 887 2520 idea,
909 2482 1022 2514 which

255 2536 300 2558 no
314 2526 428 2558 doubt
440 2527 576 2558 reflects
590 2529 731 2557 current
744 2526 897 2566 opinion,
912 2536 1022 2558 seems

254 2574 292 2601 ‘to
309 2569 399 2602 have
416 2569 503 2602 been
518 2569 601 2601 that
615 2569 716 2601 when
732 2569 792 2601 the
808 2569 918 2601 winds
934 2580 1022 2601 were

256 2612 416 2654 blowing,
433 2613 494 2645 the
510 2613 562 2644 air
577 2612 692 2644 would
709 2612 751 2644 be
766 2612 860 2644 fresh
875 2613 945 2644 and
962 2613 1023 2644 thc

255 2656 419 2688 windows
450 2656 576 2688 should
608 2657 650 2688 be
680 2656 769 2697 kept
798 2666 888 2697 open
904 2668 912 2693 ;
959 2657 1022 2688 but

253 2700 337 2732 that
352 2710 398 2731 on
414 2699 490 2731 still
503 2699 602 2741 days,
621 2699 721 2731 when
738 2709 890 2740 vapours
908 2699 1023 2732 would

256 2743 298 2774 be
317 2743 423 2785 rising
443 2742 533 2774 from
553 2743 613 2774 the
634 2743 730 2784 (11115γ
748 2746 885 2777 streets.
905 2743 936 2775 it
954 2753 1025 2775 was

1089 2178 1207 2211 better
1227 2182 1266 2210 to
1286 2178 1374 2220 keep
1396 2178 1493 2210 them
1515 2178 1641 2209 closed.

1135 2224 1189 2254 28.
1214 2221 1389 2261 nubiloso]
1422 2222 1490 2253 For
1519 2220 1696 2263 grumbles
1728 2224 1767 2252 at
1799 2221 1858 2253 the

1089 2265 1236 2307 English
1271 2265 1411 2297 climate
1445 2265 1494 2306 by
1527 2264 1632 2297 Vives
1666 2264 1709 2296 of.
1746 2264 1856 2296 Lond.

1090 2309 1168 2340 Viv.
1185 2318 1240 2349 23,
1257 2308 1328 2340 LB.
1346 2309 1437 2350 App.
1453 2310 1531 2349 498.

1179 2352 1393 2391 cubiculum]
1410 2351 1460 2384 Cf.
1479 2352 1544 2393 Ep.
1566 2352 1662 2393 1697.

1134 2404 1171 2436 35
1211 2395 1322 2428 libens
1356 2395 1505 2434 finirem]
1511 2362 1636 2428 pWith
1668 2395 1739 2426 this
1772 2395 1856 2426 wish

1087 2438 1131 2470 cf.
1169 2438 1230 2471 the
1267 2439 1541 2470 considerations
1575 2439 1679 2481 given
1714 2439 1751 2469 in
1786 2438 1857 2480 Ep.

1091 2486 1261 2523 1514—t0
1290 2482 1387 2514 show
1417 2482 1511 2520 that,
1541 2481 1678 2524 though
1709 2482 1751 2513 he
1782 2491 1857 2513 was

1087 2536 1190 2568 eager
1206 2529 1244 2558 to
1261 2525 1360 2558 leave
1379 2525 1493 2563 Basle,
1511 2529 1605 2557 most
1621 2525 1723 2557 other
1740 2525 1858 2566 places

1089 2569 1125 2601 of
1143 2569 1348 2601 settlement
1366 2579 1454 2601 were
1474 2568 1589 2601 closed
1608 2572 1647 2601 to
1666 2568 1749 2600 him.
1793 2568 1858 2601 See

1089 2613 1163 2645 also
1179 2613 1244 2654 Ep.
1266 2621 1360 2654 1455.
1381 2614 1457 2644 2811.

1136 2658 1189 2696 36.
1214 2657 1244 2688 si
1263 2655 1382 2695 liceat]
1404 2656 1460 2697 By
1479 2656 1581 2688 those
1602 2655 1679 2688 who
1700 2655 1785 2697 paid
1806 2656 1859 2688 his

1090 2701 1261 2741 pension3
1313 2699 1357 2732 cf.
1395 2699 1487 2741 Epp.
1525 2701 1622 2739 1380,
1658 2700 1754 2739 1408.
1797 2708 1860 2730 11-

1093 2753 1196 2782 12nn,
1216 2752 1313 2785 1470.
1333 2752 1387 2783 19,
1405 2751 1501 2784 1514.
1522 2752 1642 2775 10—12.
