<?xml version="1.0" encoding="UTF-8"?>
<!DOCTYPE html PUBLIC "-//W3C//DTD XHTML 1.0 Transitional//EN"
    "http://www.w3.org/TR/xhtml1/DTD/xhtml1-transitional.dtd">
<html xmlns="http://www.w3.org/1999/xhtml" xml:lang="en" lang="en">
 <head>
  <title>
</title>
<meta http-equiv="Content-Type" content="text/html;charset=utf-8" />
  <meta name='ocr-system' content='tesseract 3.04.00' />
  <meta name='ocr-capabilities' content='ocr_page ocr_carea ocr_par ocr_line ocrx_word'/>
</head>
<body>
  <div class='ocr_page' id='page_1' title='image "./opusepistolarum05eras_0139.png"; bbox 0 0 2012 3370; ppageno 0'>
   <div class='ocr_carea' id='block_1_1' title="bbox 104 157 1696 210">
    <p class='ocr_par' dir='ltr' id='par_1_1' title="bbox 104 157 1696 210">
     <span class='ocr_line' id='line_1_1' title="bbox 104 157 1696 210; baseline 0 -14"><span class='ocrx_word' id='word_1_1' title='bbox 104 161 226 210; x_wconf 87' lang='lat'>1304]</span> <span class='ocrx_word' id='word_1_2' title='bbox 689 159 762 199; x_wconf 86' lang='lat' dir='ltr'>TO</span> <span class='ocrx_word' id='word_1_3' title='bbox 793 158 1019 197; x_wconf 85' lang='lat' dir='ltr'>ADRIAN</span> <span class='ocrx_word' id='word_1_4' title='bbox 1049 159 1107 197; x_wconf 69' lang='lat' dir='ltr'>V]</span> <span class='ocrx_word' id='word_1_5' title='bbox 1620 157 1696 196; x_wconf 86' lang='lat'>109</span> 
     </span>
    </p>
   </div>
   <div class='ocr_carea' id='block_1_2' title="bbox 82 267 1778 2816">
    <p class='ocr_par' dir='ltr' id='par_1_2' title="bbox 94 267 1778 1079">
     <span class='ocr_line' id='line_1_2' title="bbox 99 267 1774 318; baseline -0.001 -10"><span class='ocrx_word' id='word_1_6' title='bbox 99 272 143 308; x_wconf 86' lang='lat' dir='ltr'>et</span> <span class='ocrx_word' id='word_1_7' title='bbox 174 269 327 309; x_wconf 84' lang='lat' dir='ltr'>Christi</span> <span class='ocrx_word' id='word_1_8' title='bbox 360 271 519 309; x_wconf 90' lang='lat' dir='ltr'>musica</span> <span class='ocrx_word' id='word_1_9' title='bbox 549 282 634 308; x_wconf 91' lang='lat' dir='ltr'>non</span> <span class='ocrx_word' id='word_1_10' title='bbox 666 269 796 308; x_wconf 89' lang='lat' dir='ltr'>habet</span> <span class='ocrx_word' id='word_1_11' title='bbox 827 269 957 307; x_wconf 81' lang='lat' dir='ltr'>verba</span> <span class='ocrx_word' id='word_1_12' title='bbox 988 272 1031 307; x_wconf 90' lang='lat' dir='ltr'>et</span> <span class='ocrx_word' id='word_1_13' title='bbox 1064 281 1200 315; x_wconf 86' lang='lat' dir='ltr'>voces,</span> <span class='ocrx_word' id='word_1_14' title='bbox 1234 267 1389 318; x_wconf 91' lang='lat' dir='ltr'>quibus</span> <span class='ocrx_word' id='word_1_15' title='bbox 1419 269 1695 305; x_wconf 88' lang='lat' dir='ltr'>excantemus</span> <span class='ocrx_word' id='word_1_16' title='bbox 1716 269 1774 309; x_wconf 76' lang='lat'>383</span> 
     </span>
     <span class='ocr_line' id='line_1_3' title="bbox 99 322 1693 363; baseline -0.003 -2"><span class='ocrx_word' id='word_1_17' title='bbox 99 324 250 363; x_wconf 90' lang='lat' dir='ltr'>animis</span> <span class='ocrx_word' id='word_1_18' title='bbox 286 325 441 363; x_wconf 88' lang='lat' dir='ltr'>nostris</span> <span class='ocrx_word' id='word_1_19' title='bbox 477 336 663 362; x_wconf 86' lang='lat' dir='ltr'>amorem</span> <span class='ocrx_word' id='word_1_20' title='bbox 700 336 840 362; x_wconf 83' lang='lat' dir='ltr'>rerum</span> <span class='ocrx_word' id='word_1_21' title='bbox 876 322 1087 361; x_wconf 84' lang='lat' dir='ltr'>fluxarum</span> <span class='ocrx_word' id='word_1_22' title='bbox 1124 326 1168 361; x_wconf 90' lang='lat' dir='ltr'>et</span> <span class='ocrx_word' id='word_1_23' title='bbox 1204 323 1470 360; x_wconf 75' lang='lat' dir='ltr'>incantemus</span> <span class='ocrx_word' id='word_1_24' title='bbox 1507 332 1693 358; x_wconf 89' lang='lat' dir='ltr'>amorem</span> 
     </span>
     <span class='ocr_line' id='line_1_4' title="bbox 99 375 1693 428; baseline -0.003 -11"><span class='ocrx_word' id='word_1_25' title='bbox 99 390 238 416; x_wconf 90' lang='lat' dir='ltr'>rerum</span> <span class='ocrx_word' id='word_1_26' title='bbox 280 378 557 417; x_wconf 67' lang='lat' dir='ltr'>coelestium?</span> <span class='ocrx_word' id='word_1_27' title='bbox 617 377 882 428; x_wconf 82' lang='lat' dir='ltr'>Pythagoras</span> <span class='ocrx_word' id='word_1_28' title='bbox 922 377 1074 416; x_wconf 88' lang='lat' dir='ltr'>habuit</span> <span class='ocrx_word' id='word_1_29' title='bbox 1113 377 1261 415; x_wconf 89' lang='lat' dir='ltr'>modos</span> <span class='ocrx_word' id='word_1_30' title='bbox 1302 375 1457 427; x_wconf 87' lang='lat' dir='ltr'>quibus</span> <span class='ocrx_word' id='word_1_31' title='bbox 1496 375 1693 413; x_wconf 90' lang='lat' dir='ltr'>iuuenem</span> 
     </span>
     <span class='ocr_line' id='line_1_5' title="bbox 99 428 1694 477; baseline -0.004 -6"><span class='ocrx_word' id='word_1_32' title='bbox 99 444 241 471; x_wconf 90' lang='lat' dir='ltr'>amore</span> <span class='ocrx_word' id='word_1_33' title='bbox 266 432 476 471; x_wconf 83' lang='lat' dir='ltr'>furentem</span> <span class='ocrx_word' id='word_1_34' title='bbox 503 432 558 470; x_wconf 91' lang='lat' dir='ltr'>ad</span> <span class='ocrx_word' id='word_1_35' title='bbox 583 432 857 470; x_wconf 84' lang='lat' dir='ltr'>sobrietatem</span> <span class='ocrx_word' id='word_1_36' title='bbox 883 434 1129 477; x_wconf 85' lang='lat' dir='ltr'>reuocaret;</span> <span class='ocrx_word' id='word_1_37' title='bbox 1172 435 1215 469; x_wconf 89' lang='lat' dir='ltr'>et</span> <span class='ocrx_word' id='word_1_38' title='bbox 1241 430 1504 470; x_wconf 69' lang='lat' dir='ltr'>Christianus</span> <span class='ocrx_word' id='word_1_39' title='bbox 1530 428 1694 466; x_wconf 83' lang='lat' dir='ltr'>Psaltes</span> 
     </span>
     <span class='ocr_line' id='line_1_6' title="bbox 99 483 1694 537; baseline -0.003 -13"><span class='ocrx_word' id='word_1_40' title='bbox 99 499 185 525; x_wconf 90' lang='lat' dir='ltr'>non</span> <span class='ocrx_word' id='word_1_41' title='bbox 211 487 343 526; x_wconf 89' lang='lat' dir='ltr'>habet</span> <span class='ocrx_word' id='word_1_42' title='bbox 369 486 518 525; x_wconf 90' lang='lat' dir='ltr'>modos</span> <span class='ocrx_word' id='word_1_43' title='bbox 544 486 698 536; x_wconf 90' lang='lat' dir='ltr'>quibus</span> <span class='ocrx_word' id='word_1_44' title='bbox 726 487 947 537; x_wconf 82' lang='lat' dir='ltr'>principes,</span> <span class='ocrx_word' id='word_1_45' title='bbox 977 486 1252 524; x_wconf 73' lang='lat' dir='ltr'>insanissimis</span> <span class='ocrx_word' id='word_1_46' title='bbox 1280 484 1398 523; x_wconf 87' lang='lat' dir='ltr'>bellis</span> <span class='ocrx_word' id='word_1_47' title='bbox 1427 484 1484 522; x_wconf 90' lang='lat' dir='ltr'>sic</span> <span class='ocrx_word' id='word_1_48' title='bbox 1511 483 1622 521; x_wconf 89' lang='lat' dir='ltr'>inter</span> <span class='ocrx_word' id='word_1_49' title='bbox 1650 495 1694 521; x_wconf 90' lang='lat' dir='ltr'>se</span> 
     </span>
     <span class='ocr_line' id='line_1_7' title="bbox 99 537 1778 591; baseline 0 -13"><span class='ocrx_word' id='word_1_50' title='bbox 99 541 187 579; x_wconf 92' lang='lat' dir='ltr'>sine</span> <span class='ocrx_word' id='word_1_51' title='bbox 212 540 294 580; x_wconf 88' lang='lat' dir='ltr'>fine</span> <span class='ocrx_word' id='word_1_52' title='bbox 322 540 647 587; x_wconf 72' lang='lat' dir='ltr'>tumultuantes,</span> <span class='ocrx_word' id='word_1_53' title='bbox 674 540 729 579; x_wconf 89' lang='lat' dir='ltr'>ad</span> <span class='ocrx_word' id='word_1_54' title='bbox 753 541 868 591; x_wconf 81' lang='lat' dir='ltr'>pacis</span> <span class='ocrx_word' id='word_1_55' title='bbox 892 553 1079 579; x_wconf 90' lang='lat' dir='ltr'>amorem</span> <span class='ocrx_word' id='word_1_56' title='bbox 1102 543 1274 578; x_wconf 85' lang='lat' dir='ltr'>reuocet-</span> <span class='ocrx_word' id='word_1_57' title='bbox 1295 540 1308 578; x_wconf 68' lang='lat'><strong><em>2</em></strong></span> <span class='ocrx_word' id='word_1_58' title='bbox 1368 537 1451 578; x_wconf 88' lang='lat' dir='ltr'>Sed</span> <span class='ocrx_word' id='word_1_59' title='bbox 1473 538 1554 589; x_wconf 91' lang='lat' dir='ltr'>ipsi</span> <span class='ocrx_word' id='word_1_60' title='bbox 1577 537 1694 588; x_wconf 89' lang='lat' dir='ltr'>prius</span> <span class='ocrx_word' id='word_1_61' title='bbox 1713 546 1778 578; x_wconf 84' lang='lat'>390</span> 
     </span>
     <span class='ocr_line' id='line_1_8' title="bbox 98 591 1693 645; baseline -0.002 -12"><span class='ocrx_word' id='word_1_62' title='bbox 98 594 219 634; x_wconf 90' lang='lat' dir='ltr'>nobis</span> <span class='ocrx_word' id='word_1_63' title='bbox 244 594 324 634; x_wconf 90' lang='lat' dir='ltr'>hac</span> <span class='ocrx_word' id='word_1_64' title='bbox 348 596 508 633; x_wconf 88' lang='lat' dir='ltr'>musica</span> <span class='ocrx_word' id='word_1_65' title='bbox 534 593 778 633; x_wconf 77' lang='lat' dir='ltr'>medeamur</span> <span class='ocrx_word' id='word_1_66' title='bbox 804 598 974 645; x_wconf 81' lang='lat' dir='ltr'>oportet</span> <span class='ocrx_word' id='word_1_67' title='bbox 999 607 1129 645; x_wconf 89' lang='lat' dir='ltr'>quam</span> <span class='ocrx_word' id='word_1_68' title='bbox 1155 593 1333 632; x_wconf 89' lang='lat' dir='ltr'>aliorum</span> <span class='ocrx_word' id='word_1_69' title='bbox 1353 592 1510 631; x_wconf 85' lang='lat' dir='ltr'>morbis</span> <span class='ocrx_word' id='word_1_70' title='bbox 1535 591 1693 630; x_wconf 83' lang='lat' dir='ltr'>mederi</span> 
     </span>
     <span class='ocr_line' id='line_1_9' title="bbox 98 646 1694 700; baseline -0.002 -13"><span class='ocrx_word' id='word_1_71' title='bbox 98 662 306 700; x_wconf 86' lang='lat' dir='ltr'>paremus.</span> <span class='ocrx_word' id='word_1_72' title='bbox 375 649 503 688; x_wconf 91' lang='lat' dir='ltr'>Nulla</span> <span class='ocrx_word' id='word_1_73' title='bbox 544 653 609 687; x_wconf 89' lang='lat' dir='ltr'>est</span> <span class='ocrx_word' id='word_1_74' title='bbox 650 648 892 699; x_wconf 88' lang='lat' dir='ltr'>Scripturae</span> <span class='ocrx_word' id='word_1_75' title='bbox 934 660 1076 686; x_wconf 87' lang='lat' dir='ltr'>sacrae</span> <span class='ocrx_word' id='word_1_76' title='bbox 1117 660 1215 698; x_wconf 87' lang='lat' dir='ltr'>pars</span> <span class='ocrx_word' id='word_1_77' title='bbox 1257 660 1366 698; x_wconf 90' lang='lat' dir='ltr'>quae</span> <span class='ocrx_word' id='word_1_78' title='bbox 1407 659 1494 685; x_wconf 90' lang='lat' dir='ltr'>non</span> <span class='ocrx_word' id='word_1_79' title='bbox 1535 646 1694 684; x_wconf 87' lang='lat' dir='ltr'>habeat</span> 
     </span>
     <span class='ocr_line' id='line_1_10' title="bbox 98 701 1692 753; baseline -0.002 -12"><span class='ocrx_word' id='word_1_80' title='bbox 98 703 284 742; x_wconf 88' lang='lat' dir='ltr'>efficaces</span> <span class='ocrx_word' id='word_1_81' title='bbox 317 702 478 749; x_wconf 90' lang='lat' dir='ltr'>modos,</span> <span class='ocrx_word' id='word_1_82' title='bbox 513 703 641 742; x_wconf 90' lang='lat' dir='ltr'>modo</span> <span class='ocrx_word' id='word_1_83' title='bbox 673 716 726 741; x_wconf 91' lang='lat' dir='ltr'>ne</span> <span class='ocrx_word' id='word_1_84' title='bbox 756 703 874 742; x_wconf 86' lang='lat' dir='ltr'>velut</span> <span class='ocrx_word' id='word_1_85' title='bbox 906 702 1072 753; x_wconf 82' lang='lat' dir='ltr'>aspides</span> <span class='ocrx_word' id='word_1_86' title='bbox 1106 701 1257 740; x_wconf 88' lang='lat' dir='ltr'>surdae</span> <span class='ocrx_word' id='word_1_87' title='bbox 1291 701 1537 740; x_wconf 87' lang='lat' dir='ltr'>obturemus</span> <span class='ocrx_word' id='word_1_88' title='bbox 1571 713 1692 738; x_wconf 89' lang='lat' dir='ltr'>aures</span> 
     </span>
     <span class='ocr_line' id='line_1_11' title="bbox 96 754 1690 808; baseline -0.002 -13"><span class='ocrx_word' id='word_1_89' title='bbox 96 761 275 804; x_wconf 87' lang='lat' dir='ltr'>nostras,</span> <span class='ocrx_word' id='word_1_90' title='bbox 307 770 360 796; x_wconf 91' lang='lat' dir='ltr'>ne</span> <span class='ocrx_word' id='word_1_91' title='bbox 390 761 584 808; x_wconf 84' lang='lat' dir='ltr'>penetret</span> <span class='ocrx_word' id='word_1_92' title='bbox 613 758 657 796; x_wconf 93' lang='lat' dir='ltr'>in</span> <span class='ocrx_word' id='word_1_93' title='bbox 687 758 851 796; x_wconf 88' lang='lat' dir='ltr'>animos</span> <span class='ocrx_word' id='word_1_94' title='bbox 881 761 1048 796; x_wconf 89' lang='lat' dir='ltr'>nostros</span> <span class='ocrx_word' id='word_1_95' title='bbox 1079 756 1248 794; x_wconf 85' lang='lat' dir='ltr'>diuinae</span> <span class='ocrx_word' id='word_1_96' title='bbox 1279 756 1343 793; x_wconf 83' lang='lat' dir='ltr'>vis</span> <span class='ocrx_word' id='word_1_97' title='bbox 1373 754 1690 793; x_wconf 87' lang='lat' dir='ltr'>incantationis.</span> 
     </span>
     <span class='ocr_line' id='line_1_12' title="bbox 97 809 1772 862; baseline 0 -12"><span class='ocrx_word' id='word_1_98' title='bbox 97 810 179 850; x_wconf 85' lang='lat' dir='ltr'>Sed</span> <span class='ocrx_word' id='word_1_99' title='bbox 218 824 312 850; x_wconf 89' lang='lat' dir='ltr'>mea</span> <span class='ocrx_word' id='word_1_100' title='bbox 351 813 563 851; x_wconf 85' lang='lat' dir='ltr'>sententia</span> <span class='ocrx_word' id='word_1_101' title='bbox 602 811 705 850; x_wconf 92' lang='lat' dir='ltr'>nulli</span> <span class='ocrx_word' id='word_1_102' title='bbox 745 812 993 851; x_wconf 87' lang='lat' dir='ltr'>efficatiores</span> <span class='ocrx_word' id='word_1_103' title='bbox 1032 823 1163 862; x_wconf 88' lang='lat' dir='ltr'>quam</span> <span class='ocrx_word' id='word_1_104' title='bbox 1203 809 1480 855; x_wconf 90' lang='lat' dir='ltr'>Psalmorum,</span> <span class='ocrx_word' id='word_1_105' title='bbox 1522 809 1567 847; x_wconf 90' lang='lat' dir='ltr'>in</span> <span class='ocrx_word' id='word_1_106' title='bbox 1606 821 1691 858; x_wconf 92' lang='lat' dir='ltr'>quo</span> <span class='ocrx_word' id='word_1_107' title='bbox 1712 817 1772 850; x_wconf 78' lang='lat'>395</span> 
     </span>
     <span class='ocr_line' id='line_1_13' title="bbox 95 862 1692 917; baseline -0.002 -14"><span class='ocrx_word' id='word_1_108' title='bbox 95 865 264 904; x_wconf 91' lang='lat' dir='ltr'>diuinus</span> <span class='ocrx_word' id='word_1_109' title='bbox 280 865 349 904; x_wconf 85' lang='lat' dir='ltr'>ille</span> <span class='ocrx_word' id='word_1_110' title='bbox 365 865 547 917; x_wconf 84' lang='lat' dir='ltr'>Spiritus</span> <span class='ocrx_word' id='word_1_111' title='bbox 563 867 861 906; x_wconf 85' lang='lat' dir='ltr'>secretissimas</span> <span class='ocrx_word' id='word_1_112' title='bbox 879 878 1050 905; x_wconf 89' lang='lat' dir='ltr'>suorum</span> <span class='ocrx_word' id='word_1_113' title='bbox 1068 865 1366 916; x_wconf 87' lang='lat' dir='ltr'>mysteriorum</span> <span class='ocrx_word' id='word_1_114' title='bbox 1384 863 1553 902; x_wconf 85' lang='lat' dir='ltr'>delicias</span> <span class='ocrx_word' id='word_1_115' title='bbox 1569 862 1692 901; x_wconf 91' lang='lat' dir='ltr'>nobis</span> 
     </span>
     <span class='ocr_line' id='line_1_14' title="bbox 94 918 1688 971; baseline -0.002 -13"><span class='ocrx_word' id='word_1_116' title='bbox 94 919 332 959; x_wconf 84' lang='lat' dir='ltr'>reconditas</span> <span class='ocrx_word' id='word_1_117' title='bbox 361 933 449 959; x_wconf 89' lang='lat' dir='ltr'>esse</span> <span class='ocrx_word' id='word_1_118' title='bbox 477 920 627 967; x_wconf 84' lang='lat' dir='ltr'>voluit,</span> <span class='ocrx_word' id='word_1_119' title='bbox 658 934 707 960; x_wconf 88' lang='lat' dir='ltr'>ac</span> <span class='ocrx_word' id='word_1_120' title='bbox 736 920 885 959; x_wconf 91' lang='lat' dir='ltr'>modos</span> <span class='ocrx_word' id='word_1_121' title='bbox 913 919 1122 971; x_wconf 87' lang='lat' dir='ltr'>quosdam</span> <span class='ocrx_word' id='word_1_122' title='bbox 1150 919 1459 958; x_wconf 88' lang='lat' dir='ltr'>efficacissimos</span> <span class='ocrx_word' id='word_1_123' title='bbox 1486 918 1688 968; x_wconf 88' lang='lat' dir='ltr'>reposuit,</span> 
     </span>
     <span class='ocr_line' id='line_1_15' title="bbox 94 971 1691 1025; baseline -0.002 -13"><span class='ocrx_word' id='word_1_124' title='bbox 94 974 248 1024; x_wconf 91' lang='lat' dir='ltr'>quibus</span> <span class='ocrx_word' id='word_1_125' title='bbox 269 974 667 1013; x_wconf 81' lang='lat' dir='ltr'>transformaremur</span> <span class='ocrx_word' id='word_1_126' title='bbox 689 976 733 1013; x_wconf 91' lang='lat' dir='ltr'>in</span> <span class='ocrx_word' id='word_1_127' title='bbox 755 974 957 1014; x_wconf 84' lang='lat' dir='ltr'>affectum</span> <span class='ocrx_word' id='word_1_128' title='bbox 980 974 1146 1014; x_wconf 84' lang='lat' dir='ltr'>Christo</span> <span class='ocrx_word' id='word_1_129' title='bbox 1169 973 1356 1025; x_wconf 83' lang='lat' dir='ltr'>dignum,</span> <span class='ocrx_word' id='word_1_130' title='bbox 1381 975 1554 1011; x_wconf 88' lang='lat' dir='ltr'>tantum</span> <span class='ocrx_word' id='word_1_131' title='bbox 1577 971 1691 1010; x_wconf 89' lang='lat' dir='ltr'>adsit</span> 
     </span>
     <span class='ocr_line' id='line_1_16' title="bbox 94 1029 1070 1079; baseline 0.001 -13"><span class='ocrx_word' id='word_1_132' title='bbox 94 1029 167 1079; x_wconf 90' lang='lat' dir='ltr'>qui</span> <span class='ocrx_word' id='word_1_133' title='bbox 191 1029 294 1067; x_wconf 87' lang='lat' dir='ltr'>scite</span> <span class='ocrx_word' id='word_1_134' title='bbox 318 1033 490 1068; x_wconf 91' lang='lat' dir='ltr'>moueat</span> <span class='ocrx_word' id='word_1_135' title='bbox 513 1029 637 1068; x_wconf 90' lang='lat' dir='ltr'>huius</span> <span class='ocrx_word' id='word_1_136' title='bbox 661 1029 855 1068; x_wconf 88' lang='lat' dir='ltr'>Psalterii</span> <span class='ocrx_word' id='word_1_137' title='bbox 879 1029 1070 1068; x_wconf 88' lang='lat' dir='ltr'>chordas.</span> 
     </span>
    </p>

    <p class='ocr_par' dir='ltr' id='par_1_3' title="bbox 85 1080 1777 1664">
     <span class='ocr_line' id='line_1_17' title="bbox 147 1080 1777 1134; baseline -0.001 -13"><span class='ocrx_word' id='word_1_138' title='bbox 147 1082 240 1121; x_wconf 92' lang='lat' dir='ltr'>Hoc</span> <span class='ocrx_word' id='word_1_139' title='bbox 260 1083 468 1133; x_wconf 82' lang='lat' dir='ltr'>peculiare</span> <span class='ocrx_word' id='word_1_140' title='bbox 488 1096 642 1122; x_wconf 89' lang='lat' dir='ltr'>munus</span> <span class='ocrx_word' id='word_1_141' title='bbox 662 1087 726 1122; x_wconf 89' lang='lat' dir='ltr'>est</span> <span class='ocrx_word' id='word_1_142' title='bbox 746 1084 1038 1134; x_wconf 87' lang='lat' dir='ltr'>episcoporum</span> <span class='ocrx_word' id='word_1_143' title='bbox 1059 1095 1107 1121; x_wconf 92' lang='lat' dir='ltr'>ac</span> <span class='ocrx_word' id='word_1_144' title='bbox 1127 1081 1408 1120; x_wconf 87' lang='lat' dir='ltr'>sacerdotum.</span> <span class='ocrx_word' id='word_1_145' title='bbox 1468 1080 1526 1118; x_wconf 81' lang='lat' dir='ltr'>Et-</span> <span class='ocrx_word' id='word_1_146' title='bbox 1545 1083 1691 1118; x_wconf 89' lang='lat' dir='ltr'>tamen</span> <span class='ocrx_word' id='word_1_147' title='bbox 1707 1089 1777 1119; x_wconf 86' lang='lat'>400</span> 
     </span>
     <span class='ocr_line' id='line_1_18' title="bbox 92 1135 1690 1188; baseline -0.001 -15"><span class='ocrx_word' id='word_1_148' title='bbox 92 1136 172 1174; x_wconf 88' lang='lat' dir='ltr'>sibi</span> <span class='ocrx_word' id='word_1_149' title='bbox 187 1137 365 1188; x_wconf 90' lang='lat' dir='ltr'>quisque</span> <span class='ocrx_word' id='word_1_150' title='bbox 380 1137 538 1188; x_wconf 87' lang='lat' dir='ltr'>psaltes</span> <span class='ocrx_word' id='word_1_151' title='bbox 553 1151 642 1176; x_wconf 90' lang='lat' dir='ltr'>esse</span> <span class='ocrx_word' id='word_1_152' title='bbox 659 1138 805 1188; x_wconf 85' lang='lat' dir='ltr'>possit.</span> <span class='ocrx_word' id='word_1_153' title='bbox 856 1137 1005 1176; x_wconf 86' lang='lat' dir='ltr'>Aderit</span> <span class='ocrx_word' id='word_1_154' title='bbox 1023 1137 1214 1175; x_wconf 87' lang='lat' dir='ltr'>mouenti</span> <span class='ocrx_word' id='word_1_155' title='bbox 1227 1135 1419 1181; x_wconf 87' lang='lat' dir='ltr'>chordas,</span> <span class='ocrx_word' id='word_1_156' title='bbox 1434 1138 1478 1173; x_wconf 84' lang='lat' dir='ltr'>et</span> <span class='ocrx_word' id='word_1_157' title='bbox 1491 1146 1690 1172; x_wconf 87' lang='lat' dir='ltr'>arcanam</span> 
     </span>
     <span class='ocr_line' id='line_1_19' title="bbox 92 1188 1691 1242; baseline -0.001 -14"><span class='ocrx_word' id='word_1_158' title='bbox 92 1191 179 1228; x_wconf 87' lang='lat' dir='ltr'>vim</span> <span class='ocrx_word' id='word_1_159' title='bbox 196 1191 402 1242; x_wconf 80' lang='lat' dir='ltr'>aspirabit</span> <span class='ocrx_word' id='word_1_160' title='bbox 420 1192 549 1238; x_wconf 89' lang='lat' dir='ltr'>intus,</span> <span class='ocrx_word' id='word_1_161' title='bbox 567 1192 601 1231; x_wconf 89' lang='lat' dir='ltr'>si</span> <span class='ocrx_word' id='word_1_162' title='bbox 617 1191 743 1230; x_wconf 90' lang='lat' dir='ltr'>modo</span> <span class='ocrx_word' id='word_1_163' title='bbox 759 1205 889 1242; x_wconf 88' lang='lat' dir='ltr'>purus</span> <span class='ocrx_word' id='word_1_164' title='bbox 904 1195 948 1230; x_wconf 87' lang='lat' dir='ltr'>et</span> <span class='ocrx_word' id='word_1_165' title='bbox 968 1191 1119 1230; x_wconf 89' lang='lat' dir='ltr'>ardens</span> <span class='ocrx_word' id='word_1_166' title='bbox 1139 1190 1252 1229; x_wconf 84' lang='lat' dir='ltr'>adsit</span> <span class='ocrx_word' id='word_1_167' title='bbox 1271 1190 1451 1235; x_wconf 85' lang='lat' dir='ltr'>animus,</span> <span class='ocrx_word' id='word_1_168' title='bbox 1472 1189 1552 1227; x_wconf 92' lang='lat' dir='ltr'>hoc</span> <span class='ocrx_word' id='word_1_169' title='bbox 1572 1192 1638 1226; x_wconf 89' lang='lat' dir='ltr'>est</span> <span class='ocrx_word' id='word_1_170' title='bbox 1656 1188 1691 1226; x_wconf 92' lang='lat' dir='ltr'>si</span> 
     </span>
     <span class='ocr_line' id='line_1_20' title="bbox 91 1242 1690 1296; baseline -0.002 -13"><span class='ocrx_word' id='word_1_171' title='bbox 91 1249 297 1296; x_wconf 84' lang='lat' dir='ltr'>purgatae</span> <span class='ocrx_word' id='word_1_172' title='bbox 324 1246 479 1284; x_wconf 90' lang='lat' dir='ltr'>mentis</span> <span class='ocrx_word' id='word_1_173' title='bbox 507 1259 640 1285; x_wconf 84' lang='lat' dir='ltr'>aures.</span> <span class='ocrx_word' id='word_1_174' title='bbox 699 1246 873 1285; x_wconf 90' lang='lat' dir='ltr'>Vtinam</span> <span class='ocrx_word' id='word_1_175' title='bbox 901 1250 978 1284; x_wconf 91' lang='lat' dir='ltr'>tua</span> <span class='ocrx_word' id='word_1_176' title='bbox 1006 1245 1211 1284; x_wconf 83' lang='lat' dir='ltr'>sanctitas</span> <span class='ocrx_word' id='word_1_177' title='bbox 1240 1244 1361 1283; x_wconf 90' lang='lat' dir='ltr'>nobis</span> <span class='ocrx_word' id='word_1_178' title='bbox 1388 1242 1544 1282; x_wconf 87' lang='lat' dir='ltr'>referat</span> <span class='ocrx_word' id='word_1_179' title='bbox 1571 1242 1690 1280; x_wconf 91' lang='lat' dir='ltr'>illum</span> 
     </span>
     <span class='ocr_line' id='line_1_21' title="bbox 91 1296 1690 1351; baseline -0.002 -14"><span class='ocrx_word' id='word_1_180' title='bbox 91 1299 214 1337; x_wconf 92' lang='lat' dir='ltr'>huius</span> <span class='ocrx_word' id='word_1_181' title='bbox 235 1300 414 1339; x_wconf 90' lang='lat' dir='ltr'>musices</span> <span class='ocrx_word' id='word_1_182' title='bbox 433 1300 734 1351; x_wconf 86' lang='lat' dir='ltr'>peritissimum</span> <span class='ocrx_word' id='word_1_183' title='bbox 762 1299 927 1338; x_wconf 83' lang='lat' dir='ltr'>Dauid!</span> <span class='ocrx_word' id='word_1_184' title='bbox 956 1300 1029 1350; x_wconf 90' lang='lat' dir='ltr'>qui</span> <span class='ocrx_word' id='word_1_185' title='bbox 1055 1312 1141 1338; x_wconf 91' lang='lat' dir='ltr'>non</span> <span class='ocrx_word' id='word_1_186' title='bbox 1167 1298 1303 1337; x_wconf 88' lang='lat' dir='ltr'>solum</span> <span class='ocrx_word' id='word_1_187' title='bbox 1329 1299 1418 1348; x_wconf 90' lang='lat' dir='ltr'>ipse</span> <span class='ocrx_word' id='word_1_188' title='bbox 1444 1296 1690 1336; x_wconf 90' lang='lat' dir='ltr'>modulatus</span> 
     </span>
     <span class='ocr_line' id='line_1_22' title="bbox 90 1352 1770 1402; baseline -0.002 -10"><span class='ocrx_word' id='word_1_189' title='bbox 90 1357 167 1400; x_wconf 85' lang='lat' dir='ltr'>est,</span> <span class='ocrx_word' id='word_1_190' title='bbox 200 1353 274 1392; x_wconf 91' lang='lat' dir='ltr'>sed</span> <span class='ocrx_word' id='word_1_191' title='bbox 304 1357 349 1392; x_wconf 92' lang='lat' dir='ltr'>et</span> <span class='ocrx_word' id='word_1_192' title='bbox 379 1354 482 1392; x_wconf 89' lang='lat' dir='ltr'>alios</span> <span class='ocrx_word' id='word_1_193' title='bbox 514 1358 706 1393; x_wconf 89' lang='lat' dir='ltr'>cantores</span> <span class='ocrx_word' id='word_1_194' title='bbox 738 1354 895 1392; x_wconf 89' lang='lat' dir='ltr'>multos</span> <span class='ocrx_word' id='word_1_195' title='bbox 926 1354 1128 1392; x_wconf 86' lang='lat' dir='ltr'>instituit.</span> <span class='ocrx_word' id='word_1_196' title='bbox 1186 1352 1329 1391; x_wconf 88' lang='lat' dir='ltr'>Dauid</span> <span class='ocrx_word' id='word_1_197' title='bbox 1360 1355 1504 1390; x_wconf 88' lang='lat' dir='ltr'>autem</span> <span class='ocrx_word' id='word_1_198' title='bbox 1535 1354 1690 1402; x_wconf 89' lang='lat' dir='ltr'>typum</span> <span class='ocrx_word' id='word_1_199' title='bbox 1707 1359 1770 1393; x_wconf 84' lang='lat'>405</span> 
     </span>
     <span class='ocr_line' id='line_1_23' title="bbox 87 1405 1691 1459; baseline -0.003 -12"><span class='ocrx_word' id='word_1_200' title='bbox 87 1407 262 1458; x_wconf 82' lang='lat' dir='ltr'>gerebat</span> <span class='ocrx_word' id='word_1_201' title='bbox 284 1407 381 1447; x_wconf 90' lang='lat' dir='ltr'>Iesu</span> <span class='ocrx_word' id='word_1_202' title='bbox 405 1408 572 1455; x_wconf 85' lang='lat' dir='ltr'>Christi,</span> <span class='ocrx_word' id='word_1_203' title='bbox 598 1408 761 1459; x_wconf 87' lang='lat' dir='ltr'>psaltae</span> <span class='ocrx_word' id='word_1_204' title='bbox 785 1408 932 1454; x_wconf 79' lang='lat' dir='ltr'>nostri,</span> <span class='ocrx_word' id='word_1_205' title='bbox 957 1408 1032 1459; x_wconf 91' lang='lat' dir='ltr'>qui</span> <span class='ocrx_word' id='word_1_206' title='bbox 1053 1406 1181 1446; x_wconf 92' lang='lat' dir='ltr'>nablo</span> <span class='ocrx_word' id='word_1_207' title='bbox 1205 1407 1390 1457; x_wconf 85' lang='lat' dir='ltr'>corporis</span> <span class='ocrx_word' id='word_1_208' title='bbox 1414 1405 1476 1443; x_wconf 89' lang='lat' dir='ltr'>sui</span> <span class='ocrx_word' id='word_1_209' title='bbox 1501 1405 1546 1443; x_wconf 91' lang='lat' dir='ltr'>in</span> <span class='ocrx_word' id='word_1_210' title='bbox 1569 1417 1691 1444; x_wconf 89' lang='lat' dir='ltr'>cruce</span> 
     </span>
     <span class='ocr_line' id='line_1_24' title="bbox 85 1458 1692 1514; baseline -0.002 -14"><span class='ocrx_word' id='word_1_211' title='bbox 85 1466 207 1501; x_wconf 84' lang='lat' dir='ltr'>tenso</span> <span class='ocrx_word' id='word_1_212' title='bbox 245 1462 349 1500; x_wconf 90' lang='lat' dir='ltr'>nihil</span> <span class='ocrx_word' id='word_1_213' title='bbox 387 1463 559 1514; x_wconf 85' lang='lat' dir='ltr'>vulgare</span> <span class='ocrx_word' id='word_1_214' title='bbox 597 1466 674 1502; x_wconf 90' lang='lat' dir='ltr'>aut</span> <span class='ocrx_word' id='word_1_215' title='bbox 709 1466 924 1502; x_wconf 85' lang='lat' dir='ltr'>terrenum</span> <span class='ocrx_word' id='word_1_216' title='bbox 961 1462 1117 1508; x_wconf 86' lang='lat' dir='ltr'>sonuit,</span> <span class='ocrx_word' id='word_1_217' title='bbox 1157 1461 1230 1500; x_wconf 91' lang='lat' dir='ltr'>sed</span> <span class='ocrx_word' id='word_1_218' title='bbox 1267 1460 1534 1499; x_wconf 86' lang='lat' dir='ltr'>harmoniam</span> <span class='ocrx_word' id='word_1_219' title='bbox 1570 1458 1692 1498; x_wconf 89' lang='lat' dir='ltr'>Patri</span> 
     </span>
     <span class='ocr_line' id='line_1_25' title="bbox 87 1513 1690 1567; baseline -0.001 -13"><span class='ocrx_word' id='word_1_220' title='bbox 87 1516 371 1567; x_wconf 86' lang='lat' dir='ltr'>gratissimam</span> <span class='ocrx_word' id='word_1_221' title='bbox 399 1521 444 1556; x_wconf 88' lang='lat' dir='ltr'>et</span> <span class='ocrx_word' id='word_1_222' title='bbox 470 1517 592 1556; x_wconf 91' lang='lat' dir='ltr'>nobis</span> <span class='ocrx_word' id='word_1_223' title='bbox 620 1517 952 1556; x_wconf 89' lang='lat' dir='ltr'>efficacissimam</span> <span class='ocrx_word' id='word_1_224' title='bbox 981 1516 1226 1555; x_wconf 86' lang='lat' dir='ltr'>modulatus</span> <span class='ocrx_word' id='word_1_225' title='bbox 1254 1519 1332 1554; x_wconf 89' lang='lat' dir='ltr'>est.</span> <span class='ocrx_word' id='word_1_226' title='bbox 1391 1513 1529 1562; x_wconf 78' lang='lat' dir='ltr'>Quam</span> <span class='ocrx_word' id='word_1_227' title='bbox 1558 1526 1690 1552; x_wconf 89' lang='lat' dir='ltr'>suaue</span> 
     </span>
     <span class='ocr_line' id='line_1_26' title="bbox 87 1566 1687 1622; baseline -0.001 -14"><span class='ocrx_word' id='word_1_228' title='bbox 87 1571 231 1610; x_wconf 90' lang='lat' dir='ltr'>sonuit</span> <span class='ocrx_word' id='word_1_229' title='bbox 245 1570 317 1609; x_wconf 86' lang='lat' dir='ltr'>illa</span> <span class='ocrx_word' id='word_1_230' title='bbox 332 1571 553 1611; x_wconf 85' lang='lat' dir='ltr'>charitatis</span> <span class='ocrx_word' id='word_1_231' title='bbox 574 1571 745 1619; x_wconf 83' lang='lat' dir='ltr'>chorda,</span> <span class='ocrx_word' id='word_1_232' title='bbox 771 1571 780 1586; x_wconf 88' lang='lat'>‘</span> <span class='ocrx_word' id='word_1_233' title='bbox 794 1571 935 1618; x_wconf 87' lang='lat' dir='ltr'>Pater,</span> <span class='ocrx_word' id='word_1_234' title='bbox 951 1571 1120 1622; x_wconf 86' lang='lat' dir='ltr'>ignosce</span> <span class='ocrx_word' id='word_1_235' title='bbox 1134 1569 1229 1616; x_wconf 80' lang='lat' dir='ltr'>illis,</span> <span class='ocrx_word' id='word_1_236' title='bbox 1245 1570 1346 1621; x_wconf 88' lang='lat' dir='ltr'>quia</span> <span class='ocrx_word' id='word_1_237' title='bbox 1367 1569 1562 1608; x_wconf 87' lang='lat' dir='ltr'>nesciunt</span> <span class='ocrx_word' id='word_1_238' title='bbox 1583 1566 1687 1619; x_wconf 91' lang='lat' dir='ltr'>quid</span> 
     </span>
     <span class='ocr_line' id='line_1_27' title="bbox 86 1624 309 1664; baseline 0.004 -1"><span class='ocrx_word' id='word_1_239' title='bbox 86 1624 251 1664; x_wconf 73' lang='lat' dir='ltr'>faciunt</span> <span class='ocrx_word' id='word_1_240' title='bbox 272 1625 279 1664; x_wconf 80' lang='lat' dir='ltr'>l</span> <span class='ocrx_word' id='word_1_241' title='bbox 301 1625 309 1641; x_wconf 91' lang='lat'>&#39;</span> 
     </span>
    </p>

    <p class='ocr_par' dir='ltr' id='par_1_4' title="bbox 82 1677 1771 2425">
     <span class='ocr_line' id='line_1_28' title="bbox 141 1677 1687 1731; baseline -0.002 -13"><span class='ocrx_word' id='word_1_242' title='bbox 141 1679 287 1718; x_wconf 87' lang='lat' dir='ltr'>Habet</span> <span class='ocrx_word' id='word_1_243' title='bbox 309 1683 353 1719; x_wconf 92' lang='lat' dir='ltr'>et</span> <span class='ocrx_word' id='word_1_244' title='bbox 376 1679 560 1719; x_wconf 90' lang='lat' dir='ltr'>mundus</span> <span class='ocrx_word' id='word_1_245' title='bbox 583 1693 741 1731; x_wconf 85' lang='lat' dir='ltr'>organa</span> <span class='ocrx_word' id='word_1_246' title='bbox 763 1693 853 1727; x_wconf 90' lang='lat' dir='ltr'>sua,</span> <span class='ocrx_word' id='word_1_247' title='bbox 878 1679 951 1719; x_wconf 91' lang='lat' dir='ltr'>scd</span> <span class='ocrx_word' id='word_1_248' title='bbox 974 1692 1084 1730; x_wconf 89' lang='lat' dir='ltr'>quae</span> <span class='ocrx_word' id='word_1_249' title='bbox 1106 1678 1268 1717; x_wconf 82' lang='lat' dir='ltr'>inferne</span> <span class='ocrx_word' id='word_1_250' title='bbox 1291 1677 1477 1717; x_wconf 90' lang='lat' dir='ltr'>reddunt</span> <span class='ocrx_word' id='word_1_251' title='bbox 1499 1677 1687 1716; x_wconf 86' lang='lat' dir='ltr'>sonitum</span> 
     </span>
     <span class='ocr_line' id='line_1_29' title="bbox 85 1730 1686 1785; baseline -0.002 -13"><span class='ocrx_word' id='word_1_252' title='bbox 85 1733 371 1773; x_wconf 89' lang='lat' dir='ltr'>inamabilem.</span> <span class='ocrx_word' id='word_1_253' title='bbox 431 1734 542 1782; x_wconf 81' lang='lat' dir='ltr'>Quid</span> <span class='ocrx_word' id='word_1_254' title='bbox 575 1735 687 1774; x_wconf 90' lang='lat' dir='ltr'>enim</span> <span class='ocrx_word' id='word_1_255' title='bbox 719 1735 909 1785; x_wconf 89' lang='lat' dir='ltr'>loquitur</span> <span class='ocrx_word' id='word_1_256' title='bbox 941 1735 1028 1773; x_wconf 87' lang='lat' dir='ltr'>irae</span> <span class='ocrx_word' id='word_1_257' title='bbox 1060 1733 1201 1772; x_wconf 78' lang='lat' dir='ltr'>fides?</span> <span class='ocrx_word' id='word_1_258' title='bbox 1256 1732 1502 1777; x_wconf 80' lang='lat' dir='ltr'>‘Vlciscere‚</span> <span class='ocrx_word' id='word_1_259' title='bbox 1538 1730 1686 1782; x_wconf 87' lang='lat' dir='ltr'>spolia,</span> 
     </span>
     <span class='ocr_line' id='line_1_30' title="bbox 84 1785 1686 1836; baseline -0.002 -9"><span class='ocrx_word' id='word_1_260' title='bbox 84 1788 199 1835; x_wconf 89' lang='lat' dir='ltr'>eiice,</span> <span class='ocrx_word' id='word_1_261' title='bbox 230 1788 400 1828; x_wconf 90' lang='lat' dir='ltr'>occide.&#39;</span> <span class='ocrx_word' id='word_1_262' title='bbox 460 1789 571 1836; x_wconf 79' lang='lat' dir='ltr'>Quid</span> <span class='ocrx_word' id='word_1_263' title='bbox 599 1793 724 1828; x_wconf 89' lang='lat' dir='ltr'>sonat</span> <span class='ocrx_word' id='word_1_264' title='bbox 752 1789 996 1828; x_wconf 89' lang='lat' dir='ltr'>ambitionis</span> <span class='ocrx_word' id='word_1_265' title='bbox 1024 1790 1215 1826; x_wconf 78' lang='lat' dir='ltr'>neruus?</span> <span class='ocrx_word' id='word_1_266' title='bbox 1264 1787 1272 1801; x_wconf 71' lang='lat'><strong><em>⁶</em></strong></span> <span class='ocrx_word' id='word_1_267' title='bbox 1292 1786 1438 1825; x_wconf 87' lang='lat' dir='ltr'>Dilata</span> <span class='ocrx_word' id='word_1_268' title='bbox 1465 1785 1686 1832; x_wconf 88' lang='lat' dir='ltr'>ditionem,</span> 
     </span>
     <span class='ocr_line' id='line_1_31' title="bbox 86 1838 1684 1895; baseline -0.002 -15"><span class='ocrx_word' id='word_1_269' title='bbox 86 1855 162 1881; x_wconf 90' lang='lat' dir='ltr'>nec</span> <span class='ocrx_word' id='word_1_270' title='bbox 180 1843 282 1881; x_wconf 88' lang='lat' dir='ltr'>iuris</span> <span class='ocrx_word' id='word_1_271' title='bbox 301 1843 469 1882; x_wconf 91' lang='lat' dir='ltr'>iurandi</span> <span class='ocrx_word' id='word_1_272' title='bbox 498 1847 575 1882; x_wconf 89' lang='lat' dir='ltr'>aut</span> <span class='ocrx_word' id='word_1_273' title='bbox 600 1844 773 1895; x_wconf 89' lang='lat' dir='ltr'>pietatis</span> <span class='ocrx_word' id='word_1_274' title='bbox 803 1844 859 1882; x_wconf 92' lang='lat' dir='ltr'>sit</span> <span class='ocrx_word' id='word_1_275' title='bbox 886 1843 1010 1889; x_wconf 92' lang='lat' dir='ltr'>ratio,</span> <span class='ocrx_word' id='word_1_276' title='bbox 1032 1842 1199 1893; x_wconf 89' lang='lat' dir='ltr'>quoties</span> <span class='ocrx_word' id='word_1_277' title='bbox 1228 1841 1369 1891; x_wconf 82' lang='lat' dir='ltr'>agitur</span> <span class='ocrx_word' id='word_1_278' title='bbox 1397 1839 1448 1879; x_wconf 91' lang='lat' dir='ltr'>de</span> <span class='ocrx_word' id='word_1_279' title='bbox 1477 1838 1684 1890; x_wconf 84' lang='lat' dir='ltr'>imperio.&#39;</span> 
     </span>
     <span class='ocr_line' id='line_1_32' title="bbox 88 1893 1767 1948; baseline -0.001 -13"><span class='ocrx_word' id='word_1_280' title='bbox 88 1895 200 1943; x_wconf 79' lang='lat' dir='ltr'>Quid</span> <span class='ocrx_word' id='word_1_281' title='bbox 230 1901 375 1948; x_wconf 90' lang='lat' dir='ltr'>crepat</span> <span class='ocrx_word' id='word_1_282' title='bbox 405 1898 611 1937; x_wconf 79' lang='lat' dir='ltr'>auaritiae</span> <span class='ocrx_word' id='word_1_283' title='bbox 642 1897 832 1937; x_wconf 84' lang='lat' dir='ltr'>chorda?</span> <span class='ocrx_word' id='word_1_284' title='bbox 882 1897 1034 1936; x_wconf 86' lang='lat' dir='ltr'>‘Vides</span> <span class='ocrx_word' id='word_1_285' title='bbox 1063 1896 1222 1935; x_wconf 90' lang='lat' dir='ltr'>nemini</span> <span class='ocrx_word' id='word_1_286' title='bbox 1252 1896 1359 1934; x_wconf 89' lang='lat' dir='ltr'>bene</span> <span class='ocrx_word' id='word_1_287' title='bbox 1383 1907 1473 1933; x_wconf 85' lang='lat' dir='ltr'>esse</span> <span class='ocrx_word' id='word_1_288' title='bbox 1500 1894 1581 1932; x_wconf 90' lang='lat' dir='ltr'>nisi</span> <span class='ocrx_word' id='word_1_289' title='bbox 1611 1893 1684 1944; x_wconf 91' lang='lat' dir='ltr'>qui</span> <span class='ocrx_word' id='word_1_290' title='bbox 1704 1901 1767 1934; x_wconf 86' lang='lat'>415</span> 
     </span>
     <span class='ocr_line' id='line_1_33' title="bbox 84 1947 1686 2002; baseline -0.002 -13"><span class='ocrx_word' id='word_1_291' title='bbox 84 1950 313 2001; x_wconf 88' lang='lat' dir='ltr'>plurimum</span> <span class='ocrx_word' id='word_1_292' title='bbox 338 1952 526 2002; x_wconf 85' lang='lat' dir='ltr'>possidet</span> <span class='ocrx_word' id='word_1_293' title='bbox 547 1965 555 1998; x_wconf 92' lang='lat'>;</span> <span class='ocrx_word' id='word_1_294' title='bbox 596 1964 671 2002; x_wconf 88' lang='lat' dir='ltr'>per</span> <span class='ocrx_word' id='word_1_295' title='bbox 693 1951 758 1990; x_wconf 81' lang='lat' dir='ltr'>fas</span> <span class='ocrx_word' id='word_1_296' title='bbox 783 1951 985 2002; x_wconf 85' lang='lat' dir='ltr'>nefasque</span> <span class='ocrx_word' id='word_1_297' title='bbox 1010 1963 1198 2001; x_wconf 84' lang='lat' dir='ltr'>congere,</span> <span class='ocrx_word' id='word_1_298' title='bbox 1224 1962 1338 2000; x_wconf 86' lang='lat' dir='ltr'>rape,</span> <span class='ocrx_word' id='word_1_299' title='bbox 1365 1947 1514 1988; x_wconf 86' lang='lat' dir='ltr'>serua.&#39;</span> <span class='ocrx_word' id='word_1_300' title='bbox 1574 1947 1686 1996; x_wconf 81' lang='lat' dir='ltr'>Quid</span> 
     </span>
     <span class='ocr_line' id='line_1_34' title="bbox 83 2002 1685 2054; baseline -0.002 -10"><span class='ocrx_word' id='word_1_301' title='bbox 83 2009 210 2044; x_wconf 89' lang='lat' dir='ltr'>sonat</span> <span class='ocrx_word' id='word_1_302' title='bbox 226 2005 351 2044; x_wconf 83' lang='lat' dir='ltr'>luxus</span> <span class='ocrx_word' id='word_1_303' title='bbox 370 2019 418 2044; x_wconf 86' lang='lat' dir='ltr'>ac</span> <span class='ocrx_word' id='word_1_304' title='bbox 436 2005 624 2044; x_wconf 81' lang='lat' dir='ltr'>libidinis</span> <span class='ocrx_word' id='word_1_305' title='bbox 641 2005 799 2045; x_wconf 91' lang='lat' dir='ltr'>chorda</span> <span class='ocrx_word' id='word_1_306' title='bbox 819 2009 834 2044; x_wconf 78' lang='lat'>⁶?</span> <span class='ocrx_word' id='word_1_307' title='bbox 873 2005 882 2021; x_wconf 85' lang='lat'>‘</span> <span class='ocrx_word' id='word_1_308' title='bbox 902 2006 983 2044; x_wconf 91' lang='lat' dir='ltr'>Hic</span> <span class='ocrx_word' id='word_1_309' title='bbox 1002 2006 1190 2044; x_wconf 86' lang='lat' dir='ltr'>suauiter</span> <span class='ocrx_word' id='word_1_310' title='bbox 1207 2004 1318 2050; x_wconf 84' lang='lat' dir='ltr'>viue,</span> <span class='ocrx_word' id='word_1_311' title='bbox 1338 2003 1441 2054; x_wconf 89' lang='lat' dir='ltr'>quid</span> <span class='ocrx_word' id='word_1_312' title='bbox 1459 2006 1558 2054; x_wconf 89' lang='lat' dir='ltr'>post</span> <span class='ocrx_word' id='word_1_313' title='bbox 1576 2002 1685 2041; x_wconf 87' lang='lat' dir='ltr'>hanc</span> 
     </span>
     <span class='ocr_line' id='line_1_35' title="bbox 84 2056 1688 2110; baseline -0.001 -13"><span class='ocrx_word' id='word_1_314' title='bbox 84 2060 221 2098; x_wconf 87' lang='lat' dir='ltr'>vitam</span> <span class='ocrx_word' id='word_1_315' title='bbox 257 2060 480 2098; x_wconf 85' lang='lat' dir='ltr'>habiturus</span> <span class='ocrx_word' id='word_1_316' title='bbox 517 2060 572 2098; x_wconf 90' lang='lat' dir='ltr'>sis</span> <span class='ocrx_word' id='word_1_317' title='bbox 607 2060 820 2099; x_wconf 89' lang='lat' dir='ltr'>incertus.’</span> <span class='ocrx_word' id='word_1_318' title='bbox 879 2060 945 2099; x_wconf 90' lang='lat' dir='ltr'>Sic</span> <span class='ocrx_word' id='word_1_319' title='bbox 981 2060 1208 2110; x_wconf 88' lang='lat' dir='ltr'>pessimam</span> <span class='ocrx_word' id='word_1_320' title='bbox 1243 2058 1509 2097; x_wconf 87' lang='lat' dir='ltr'>harmoniam</span> <span class='ocrx_word' id='word_1_321' title='bbox 1545 2056 1688 2095; x_wconf 88' lang='lat' dir='ltr'>reddit</span> 
     </span>
     <span class='ocr_line' id='line_1_36' title="bbox 83 2111 1683 2156; baseline -0.001 -5"><span class='ocrx_word' id='word_1_322' title='bbox 83 2113 227 2152; x_wconf 90' lang='lat' dir='ltr'>liuoris</span> <span class='ocrx_word' id='word_1_323' title='bbox 247 2118 292 2152; x_wconf 92' lang='lat' dir='ltr'>et</span> <span class='ocrx_word' id='word_1_324' title='bbox 311 2114 635 2153; x_wconf 84' lang='lat' dir='ltr'>obtrectationis</span> <span class='ocrx_word' id='word_1_325' title='bbox 655 2114 825 2153; x_wconf 88' lang='lat' dir='ltr'>chorda.</span> <span class='ocrx_word' id='word_1_326' title='bbox 884 2114 1001 2153; x_wconf 88' lang='lat' dir='ltr'>Haec</span> <span class='ocrx_word' id='word_1_327' title='bbox 1022 2114 1222 2152; x_wconf 85' lang='lat' dir='ltr'>nimirum</span> <span class='ocrx_word' id='word_1_328' title='bbox 1247 2116 1312 2151; x_wconf 89' lang='lat' dir='ltr'>est</span> <span class='ocrx_word' id='word_1_329' title='bbox 1336 2112 1485 2151; x_wconf 91' lang='lat' dir='ltr'>mundi</span> <span class='ocrx_word' id='word_1_330' title='bbox 1510 2111 1683 2156; x_wconf 88' lang='lat' dir='ltr'>musica,</span> 
     </span>
     <span class='ocr_line' id='line_1_37' title="bbox 83 2165 1771 2220; baseline -0.002 -14"><span class='ocrx_word' id='word_1_331' title='bbox 83 2181 194 2218; x_wconf 86' lang='lat' dir='ltr'>quae</span> <span class='ocrx_word' id='word_1_332' title='bbox 210 2168 346 2206; x_wconf 87' lang='lat' dir='ltr'>modis</span> <span class='ocrx_word' id='word_1_333' title='bbox 362 2168 604 2207; x_wconf 90' lang='lat' dir='ltr'>huiusmodi</span> <span class='ocrx_word' id='word_1_334' title='bbox 620 2169 810 2220; x_wconf 87' lang='lat' dir='ltr'>pessimis</span> <span class='ocrx_word' id='word_1_335' title='bbox 826 2169 1021 2207; x_wconf 86' lang='lat' dir='ltr'>incantat</span> <span class='ocrx_word' id='word_1_336' title='bbox 1037 2168 1158 2207; x_wconf 87' lang='lat' dir='ltr'>nobis</span> <span class='ocrx_word' id='word_1_337' title='bbox 1175 2167 1397 2218; x_wconf 81' lang='lat' dir='ltr'>pestiferas</span> <span class='ocrx_word' id='word_1_338' title='bbox 1414 2165 1684 2217; x_wconf 86' lang='lat' dir='ltr'>cupiditates,</span> <span class='ocrx_word' id='word_1_339' title='bbox 1704 2177 1771 2208; x_wconf 84' lang='lat'>420</span> 
     </span>
     <span class='ocr_line' id='line_1_38' title="bbox 85 2220 1686 2272; baseline -0.001 -12"><span class='ocrx_word' id='word_1_340' title='bbox 85 2235 134 2261; x_wconf 90' lang='lat' dir='ltr'>ac</span> <span class='ocrx_word' id='word_1_341' title='bbox 171 2221 364 2261; x_wconf 87' lang='lat' dir='ltr'>Sirenum</span> <span class='ocrx_word' id='word_1_342' title='bbox 401 2223 445 2261; x_wconf 92' lang='lat' dir='ltr'>in</span> <span class='ocrx_word' id='word_1_343' title='bbox 483 2223 656 2262; x_wconf 89' lang='lat' dir='ltr'>modum</span> <span class='ocrx_word' id='word_1_344' title='bbox 695 2224 805 2262; x_wconf 87' lang='lat' dir='ltr'>male</span> <span class='ocrx_word' id='word_1_345' title='bbox 841 2223 1035 2262; x_wconf 88' lang='lat' dir='ltr'>dulcibus</span> <span class='ocrx_word' id='word_1_346' title='bbox 1073 2222 1294 2261; x_wconf 87' lang='lat' dir='ltr'>cantilenis</span> <span class='ocrx_word' id='word_1_347' title='bbox 1331 2234 1409 2259; x_wconf 91' lang='lat' dir='ltr'>nos</span> <span class='ocrx_word' id='word_1_348' title='bbox 1445 2220 1606 2272; x_wconf 85' lang='lat' dir='ltr'>pellicit</span> <span class='ocrx_word' id='word_1_349' title='bbox 1641 2220 1686 2258; x_wconf 90' lang='lat' dir='ltr'>in</span> 
     </span>
     <span class='ocr_line' id='line_1_39' title="bbox 84 2273 1684 2329; baseline -0.001 -15"><span class='ocrx_word' id='word_1_350' title='bbox 84 2277 323 2327; x_wconf 89' lang='lat' dir='ltr'>perniciem.</span> <span class='ocrx_word' id='word_1_351' title='bbox 382 2277 461 2315; x_wconf 90' lang='lat' dir='ltr'>His</span> <span class='ocrx_word' id='word_1_352' title='bbox 488 2277 624 2316; x_wconf 90' lang='lat' dir='ltr'>modis</span> <span class='ocrx_word' id='word_1_353' title='bbox 651 2277 756 2316; x_wconf 90' lang='lat' dir='ltr'>ebrii</span> <span class='ocrx_word' id='word_1_354' title='bbox 781 2278 1078 2329; x_wconf 84' lang='lat' dir='ltr'>lymphatique</span> <span class='ocrx_word' id='word_1_355' title='bbox 1105 2277 1164 2316; x_wconf 90' lang='lat' dir='ltr'>sic</span> <span class='ocrx_word' id='word_1_356' title='bbox 1192 2276 1498 2327; x_wconf 83' lang='lat' dir='ltr'>belligeramur,</span> <span class='ocrx_word' id='word_1_357' title='bbox 1527 2273 1684 2313; x_wconf 90' lang='lat' dir='ltr'>tumul-</span> 
     </span>
     <span class='ocr_line' id='line_1_40' title="bbox 83 2328 1685 2383; baseline -0.001 -14"><span class='ocrx_word' id='word_1_358' title='bbox 83 2335 269 2378; x_wconf 87' lang='lat' dir='ltr'>tuamur,</span> <span class='ocrx_word' id='word_1_359' title='bbox 322 2331 546 2379; x_wconf 89' lang='lat' dir='ltr'>ambimus,</span> <span class='ocrx_word' id='word_1_360' title='bbox 598 2333 800 2383; x_wconf 88' lang='lat' dir='ltr'>rapimus,</span> <span class='ocrx_word' id='word_1_361' title='bbox 851 2332 1083 2378; x_wconf 82' lang='lat' dir='ltr'>irascimur,</span> <span class='ocrx_word' id='word_1_362' title='bbox 1136 2330 1389 2376; x_wconf 72' lang='lat' dir='ltr'>vlciscimm,</span> <span class='ocrx_word' id='word_1_363' title='bbox 1442 2328 1685 2368; x_wconf 89' lang='lat' dir='ltr'>mordemus</span> 
     </span>
     <span class='ocr_line' id='line_1_41' title="bbox 82 2385 611 2425; baseline 0.004 -2"><span class='ocrx_word' id='word_1_364' title='bbox 82 2385 265 2424; x_wconf 89' lang='lat' dir='ltr'>inuicem</span> <span class='ocrx_word' id='word_1_365' title='bbox 287 2398 335 2425; x_wconf 89' lang='lat' dir='ltr'>ac</span> <span class='ocrx_word' id='word_1_366' title='bbox 357 2385 611 2425; x_wconf 90' lang='lat' dir='ltr'>mordemur.</span> 
     </span>
    </p>

    <p class='ocr_par' dir='ltr' id='par_1_5' title="bbox 82 2436 1765 2816">
     <span class='ocr_line' id='line_1_42' title="bbox 138 2436 1763 2491; baseline -0.003 -13"><span class='ocrx_word' id='word_1_367' title='bbox 138 2438 220 2478; x_wconf 91' lang='lat' dir='ltr'>Sed</span> <span class='ocrx_word' id='word_1_368' title='bbox 254 2439 323 2479; x_wconf 91' lang='lat' dir='ltr'>ille</span> <span class='ocrx_word' id='word_1_369' title='bbox 358 2439 529 2479; x_wconf 91' lang='lat' dir='ltr'>coelesti</span> <span class='ocrx_word' id='word_1_370' title='bbox 564 2441 725 2480; x_wconf 90' lang='lat' dir='ltr'>musica</span> <span class='ocrx_word' id='word_1_371' title='bbox 759 2444 902 2480; x_wconf 89' lang='lat' dir='ltr'>tactus</span> <span class='ocrx_word' id='word_1_372' title='bbox 932 2445 1025 2480; x_wconf 83' lang='lat' dir='ltr'>erat</span> <span class='ocrx_word' id='word_1_373' title='bbox 1050 2440 1124 2491; x_wconf 90' lang='lat' dir='ltr'>qui</span> <span class='ocrx_word' id='word_1_374' title='bbox 1160 2439 1283 2486; x_wconf 82' lang='lat' dir='ltr'>dixit,</span> <span class='ocrx_word' id='word_1_375' title='bbox 1324 2438 1491 2485; x_wconf 79' lang='lat' dir='ltr'>‘Quam</span> <span class='ocrx_word' id='word_1_376' title='bbox 1527 2436 1683 2475; x_wconf 86' lang='lat' dir='ltr'>dilecta</span> <span class='ocrx_word' id='word_1_377' title='bbox 1700 2450 1763 2481; x_wconf 77' lang='lat'>425</span> 
     </span>
     <span class='ocr_line' id='line_1_43' title="bbox 83 2491 1683 2545; baseline -0.002 -13"><span class='ocrx_word' id='word_1_378' title='bbox 83 2493 359 2533; x_wconf 84' lang='lat' dir='ltr'>tabernacula</span> <span class='ocrx_word' id='word_1_379' title='bbox 378 2498 468 2541; x_wconf 88' lang='lat' dir='ltr'>tua,</span> <span class='ocrx_word' id='word_1_380' title='bbox 499 2494 681 2534; x_wconf 91' lang='lat' dir='ltr'>Domine</span> <span class='ocrx_word' id='word_1_381' title='bbox 711 2495 946 2534; x_wconf 87' lang='lat' dir='ltr'>virtutum!</span> <span class='ocrx_word' id='word_1_382' title='bbox 994 2495 1265 2545; x_wconf 85' lang='lat' dir='ltr'>Concupiscit</span> <span class='ocrx_word' id='word_1_383' title='bbox 1293 2497 1338 2532; x_wconf 85' lang='lat' dir='ltr'>et</span> <span class='ocrx_word' id='word_1_384' title='bbox 1367 2492 1510 2531; x_wconf 88' lang='lat' dir='ltr'>deficit</span> <span class='ocrx_word' id='word_1_385' title='bbox 1540 2491 1683 2530; x_wconf 86' lang='lat' dir='ltr'>anima</span> 
     </span>
     <span class='ocr_line' id='line_1_44' title="bbox 84 2548 1681 2595; baseline -0.002 -9"><span class='ocrx_word' id='word_1_386' title='bbox 84 2560 178 2586; x_wconf 89' lang='lat' dir='ltr'>mea</span> <span class='ocrx_word' id='word_1_387' title='bbox 196 2548 241 2586; x_wconf 91' lang='lat' dir='ltr'>in</span> <span class='ocrx_word' id='word_1_388' title='bbox 267 2548 376 2587; x_wconf 90' lang='lat' dir='ltr'>atria</span> <span class='ocrx_word' id='word_1_389' title='bbox 396 2548 568 2587; x_wconf 91' lang='lat' dir='ltr'>Domini</span> <span class='ocrx_word' id='word_1_390' title='bbox 586 2549 609 2588; x_wconf 91' lang='lat'>’.</span> <span class='ocrx_word' id='word_1_391' title='bbox 668 2550 854 2588; x_wconf 84' lang='lat' dir='ltr'>Rursum</span> <span class='ocrx_word' id='word_1_392' title='bbox 880 2549 962 2595; x_wconf 91' lang='lat' dir='ltr'>ille,</span> <span class='ocrx_word' id='word_1_393' title='bbox 994 2549 1002 2564; x_wconf 88' lang='lat'>‘</span> <span class='ocrx_word' id='word_1_394' title='bbox 1022 2549 1201 2589; x_wconf 86' lang='lat' dir='ltr'>Factum</span> <span class='ocrx_word' id='word_1_395' title='bbox 1230 2552 1294 2587; x_wconf 90' lang='lat' dir='ltr'>est</span> <span class='ocrx_word' id='word_1_396' title='bbox 1321 2560 1391 2586; x_wconf 89' lang='lat' dir='ltr'>cor</span> <span class='ocrx_word' id='word_1_397' title='bbox 1418 2558 1559 2585; x_wconf 87' lang='lat' dir='ltr'>meum</span> <span class='ocrx_word' id='word_1_398' title='bbox 1587 2549 1681 2584; x_wconf 88' lang='lat' dir='ltr'>tan-</span> 
     </span>
     <span class='ocr_line' id='line_1_45' title="bbox 83 2599 1681 2654; baseline -0.002 -14"><span class='ocrx_word' id='word_1_399' title='bbox 83 2614 213 2652; x_wconf 87' lang='lat' dir='ltr'>quam</span> <span class='ocrx_word' id='word_1_400' title='bbox 233 2615 328 2641; x_wconf 88' lang='lat' dir='ltr'>cera</span> <span class='ocrx_word' id='word_1_401' title='bbox 346 2602 579 2654; x_wconf 90' lang='lat' dir='ltr'>liquescens</span> <span class='ocrx_word' id='word_1_402' title='bbox 599 2605 643 2642; x_wconf 93' lang='lat' dir='ltr'>in</span> <span class='ocrx_word' id='word_1_403' title='bbox 664 2603 802 2643; x_wconf 88' lang='lat' dir='ltr'>medio</span> <span class='ocrx_word' id='word_1_404' title='bbox 828 2604 989 2642; x_wconf 87' lang='lat' dir='ltr'>ventris</span> <span class='ocrx_word' id='word_1_405' title='bbox 1014 2604 1097 2642; x_wconf 91' lang='lat' dir='ltr'>mci</span> <span class='ocrx_word' id='word_1_406' title='bbox 1113 2603 1137 2642; x_wconf 90' lang='lat'>&#39;.</span> <span class='ocrx_word' id='word_1_407' title='bbox 1195 2602 1429 2641; x_wconf 86' lang='lat' dir='ltr'>Affiauerat</span> <span class='ocrx_word' id='word_1_408' title='bbox 1453 2599 1681 2650; x_wconf 86' lang='lat' dir='ltr'>Apostolos</span> 
     </span>
     <span class='ocr_line' id='line_1_46' title="bbox 82 2653 1682 2708; baseline -0.001 -14"><span class='ocrx_word' id='word_1_409' title='bbox 82 2656 206 2694; x_wconf 90' lang='lat' dir='ltr'>huius</span> <span class='ocrx_word' id='word_1_410' title='bbox 235 2656 480 2696; x_wconf 88' lang='lat' dir='ltr'>harmoniae</span> <span class='ocrx_word' id='word_1_411' title='bbox 508 2658 586 2704; x_wconf 88' lang='lat' dir='ltr'>Vis,</span> <span class='ocrx_word' id='word_1_412' title='bbox 617 2671 749 2708; x_wconf 89' lang='lat' dir='ltr'>quum</span> <span class='ocrx_word' id='word_1_413' title='bbox 779 2658 913 2703; x_wconf 85' lang='lat' dir='ltr'>aiunt,</span> <span class='ocrx_word' id='word_1_414' title='bbox 947 2657 1168 2702; x_wconf 89' lang='lat' dir='ltr'>‘Dominc‚</span> <span class='ocrx_word' id='word_1_415' title='bbox 1199 2670 1283 2706; x_wconf 87' lang='lat' dir='ltr'>quo</span> <span class='ocrx_word' id='word_1_416' title='bbox 1312 2655 1504 2693; x_wconf 85' lang='lat' dir='ltr'>ibimus?</span> <span class='ocrx_word' id='word_1_417' title='bbox 1551 2653 1682 2692; x_wconf 86' lang='lat' dir='ltr'>verba</span> 
     </span>
     <span class='ocr_line' id='line_1_47' title="bbox 82 2710 1765 2758; baseline 0 -10"><span class='ocrx_word' id='word_1_418' title='bbox 82 2710 198 2749; x_wconf 80' lang='lat' dir='ltr'>vitae</span> <span class='ocrx_word' id='word_1_419' title='bbox 213 2710 342 2749; x_wconf 88' lang='lat' dir='ltr'>habes</span> <span class='ocrx_word' id='word_1_420' title='bbox 359 2711 382 2749; x_wconf 92' lang='lat'>’.</span> <span class='ocrx_word' id='word_1_421' title='bbox 441 2711 724 2751; x_wconf 88' lang='lat' dir='ltr'>Suauissimus</span> <span class='ocrx_word' id='word_1_422' title='bbox 745 2716 889 2751; x_wconf 89' lang='lat' dir='ltr'>autem</span> <span class='ocrx_word' id='word_1_423' title='bbox 905 2725 953 2750; x_wconf 86' lang='lat' dir='ltr'>ac</span> <span class='ocrx_word' id='word_1_424' title='bbox 974 2711 1336 2750; x_wconf 88' lang='lat' dir='ltr'>modulatissimus</span> <span class='ocrx_word' id='word_1_425' title='bbox 1352 2712 1581 2748; x_wconf 90' lang='lat' dir='ltr'>concentus</span> <span class='ocrx_word' id='word_1_426' title='bbox 1601 2712 1679 2754; x_wconf 90' lang='lat' dir='ltr'>est,</span> <span class='ocrx_word' id='word_1_427' title='bbox 1698 2727 1765 2758; x_wconf 83' lang='lat'>430</span> 
     </span>
     <span class='ocr_line' id='line_1_48' title="bbox 82 2763 1681 2816; baseline -0.001 -14"><span class='ocrx_word' id='word_1_428' title='bbox 82 2765 248 2815; x_wconf 89' lang='lat' dir='ltr'>quoties</span> <span class='ocrx_word' id='word_1_429' title='bbox 290 2778 312 2803; x_wconf 89' lang='lat' dir='ltr'>e</span> <span class='ocrx_word' id='word_1_430' title='bbox 355 2765 576 2812; x_wconf 81' lang='lat' dir='ltr'>charitate,</span> <span class='ocrx_word' id='word_1_431' title='bbox 620 2766 839 2816; x_wconf 90' lang='lat' dir='ltr'>pudicitia,</span> <span class='ocrx_word' id='word_1_432' title='bbox 883 2766 1126 2811; x_wconf 73' lang='lat' dir='ltr'>sobrietate,</span> <span class='ocrx_word' id='word_1_433' title='bbox 1171 2764 1379 2802; x_wconf 83' lang='lat' dir='ltr'>modestia</span> <span class='ocrx_word' id='word_1_434' title='bbox 1421 2763 1681 2813; x_wconf 82' lang='lat' dir='ltr'>caeterisque</span> 
     </span>
    </p>
   </div>
   <div class='ocr_carea' id='block_1_3' title="bbox 1706 1630 1773 1662">
    <p class='ocr_par' dir='ltr' id='par_1_6' title="bbox 1706 1630 1773 1662">
     <span class='ocr_line' id='line_1_49' title="bbox 1706 1630 1773 1662; baseline 0 -9"><span class='ocrx_word' id='word_1_435' title='bbox 1706 1630 1773 1662; x_wconf 88' lang='lat'>410</span> 
     </span>
    </p>
   </div>
   <div class='ocr_carea' id='block_1_4' title="bbox 125 2848 1578 3045">
    <p class='ocr_par' dir='ltr' id='par_1_7' title="bbox 125 2848 1578 3045">
     <span class='ocr_line' id='line_1_50' title="bbox 232 2848 1497 2891; baseline -0.002 -9"><span class='ocrx_word' id='word_1_436' title='bbox 232 2858 302 2890; x_wconf 83' lang='lat'>395.</span> <span class='ocrx_word' id='word_1_437' title='bbox 330 2849 414 2882; x_wconf 89' lang='lat' dir='ltr'>nulli</span> <span class='ocrx_word' id='word_1_438' title='bbox 432 2850 480 2882; x_wconf 73' lang='grc' dir='ltr'>Ν3</span> <span class='ocrx_word' id='word_1_439' title='bbox 495 2862 502 2882; x_wconf 73' lang='lat' dir='ltr'>t</span> <span class='ocrx_word' id='word_1_440' title='bbox 533 2850 628 2882; x_wconf 89' lang='lat' dir='ltr'>nulla</span> <span class='ocrx_word' id='word_1_441' title='bbox 645 2864 663 2881; x_wconf 86' lang='grc' dir='ltr'><em>α</em></span> <span class='ocrx_word' id='word_1_442' title='bbox 681 2851 784 2883; x_wconf 78' lang='lat' dir='ltr'>Lond.</span> <span class='ocrx_word' id='word_1_443' title='bbox 945 2859 1019 2889; x_wconf 83' lang='lat'>421.</span> <span class='ocrx_word' id='word_1_444' title='bbox 1048 2850 1178 2891; x_wconf 79' lang='lat' dir='ltr'>pellicit</span> <span class='ocrx_word' id='word_1_445' title='bbox 1194 2862 1216 2890; x_wconf 71' lang='grc' dir='ltr'>γ</span> <span class='ocrx_word' id='word_1_446' title='bbox 1232 2862 1239 2882; x_wconf 88' lang='lat'>:</span> <span class='ocrx_word' id='word_1_447' title='bbox 1270 2848 1449 2891; x_wconf 82' lang='lat' dir='ltr'>pelliciunt</span> <span class='ocrx_word' id='word_1_448' title='bbox 1467 2860 1497 2880; x_wconf 78' lang='grc' dir='ltr'>α.</span> 
     </span>
     <span class='ocr_line' id='line_1_51' title="bbox 125 2957 1578 3002; baseline -0.002 -11"><span class='ocrx_word' id='word_1_449' title='bbox 125 2970 201 2999; x_wconf 84' lang='lat'>401.</span> <span class='ocrx_word' id='word_1_450' title='bbox 227 2960 364 3001; x_wconf 85' lang='lat' dir='ltr'>Aderit]</span> <span class='ocrx_word' id='word_1_451' title='bbox 379 2970 422 2992; x_wconf 75' lang='lat' dir='ltr'>sc.</span> <span class='ocrx_word' id='word_1_452' title='bbox 441 2960 581 2993; x_wconf 86' lang='lat' dir='ltr'>diuinus</span> <span class='ocrx_word' id='word_1_453' title='bbox 597 2960 757 3002; x_wconf 79' lang='lat' dir='ltr'>Spiritus.</span> <span class='ocrx_word' id='word_1_454' title='bbox 961 2967 1035 2999; x_wconf 78' lang='lat'>425.</span> <span class='ocrx_word' id='word_1_455' title='bbox 1064 2959 1176 2997; x_wconf 75' lang='lat' dir='ltr'>Quam</span> <span class='ocrx_word' id='word_1_456' title='bbox 1197 2957 1338 2998; x_wconf 78' lang='lat' dir='ltr'>dilecta]</span> <span class='ocrx_word' id='word_1_457' title='bbox 1360 2958 1413 2989; x_wconf 82' lang='lat' dir='ltr'>l&#39;s.</span> <span class='ocrx_word' id='word_1_458' title='bbox 1436 2959 1488 2998; x_wconf 83' lang='lat'>83.</span> <span class='ocrx_word' id='word_1_459' title='bbox 1512 2967 1578 2999; x_wconf 84' lang='lat'>2‚3.</span> 
     </span>
     <span class='ocr_line' id='line_1_52' title="bbox 126 3001 1511 3045; baseline -0.001 -11"><span class='ocrx_word' id='word_1_460' title='bbox 126 3004 203 3041; x_wconf 83' lang='lat'>406.</span> <span class='ocrx_word' id='word_1_461' title='bbox 228 3003 348 3043; x_wconf 82' lang='lat' dir='ltr'>nablo]</span> <span class='ocrx_word' id='word_1_462' title='bbox 371 3004 401 3035; x_wconf 90' lang='lat' dir='ltr'>A</span> <span class='ocrx_word' id='word_1_463' title='bbox 425 3003 635 3035; x_wconf 80' lang='lat' dir='ltr'>Phoenician</span> <span class='ocrx_word' id='word_1_464' title='bbox 666 3003 775 3045; x_wconf 80' lang='lat' dir='ltr'>harp:</span> <span class='ocrx_word' id='word_1_465' title='bbox 803 3007 844 3035; x_wconf 85' lang='lat' dir='ltr'>tr.</span> <span class='ocrx_word' id='word_1_466' title='bbox 963 3012 1037 3042; x_wconf 79' lang='lat'>427.</span> <span class='ocrx_word' id='word_1_467' title='bbox 1064 3002 1211 3034; x_wconf 83' lang='lat' dir='ltr'>Factum</span> <span class='ocrx_word' id='word_1_468' title='bbox 1229 3001 1296 3040; x_wconf 83' lang='lat' dir='ltr'>est]</span> <span class='ocrx_word' id='word_1_469' title='bbox 1314 3002 1367 3033; x_wconf 79' lang='lat' dir='ltr'>Ps.</span> <span class='ocrx_word' id='word_1_470' title='bbox 1387 3011 1438 3033; x_wconf 85' lang='lat'>21.</span> <span class='ocrx_word' id='word_1_471' title='bbox 1462 3010 1511 3042; x_wconf 83' lang='lat'>15.</span> 
     </span>
    </p>
   </div>
   <div class='ocr_carea' id='block_1_5' title="bbox 87 3045 1462 3089">
    <p class='ocr_par' dir='ltr' id='par_1_8' title="bbox 87 3045 1462 3089">
     <span class='ocr_line' id='line_1_53' title="bbox 87 3045 1462 3089; baseline -0.001 -11"><span class='ocrx_word' id='word_1_472' title='bbox 87 3052 95 3063; x_wconf 91' lang='lat'>‘</span> <span class='ocrx_word' id='word_1_473' title='bbox 113 3046 287 3089; x_wconf 77' lang='lat' dir='ltr'>psaltery‘</span> <span class='ocrx_word' id='word_1_474' title='bbox 314 3048 349 3079; x_wconf 90' lang='lat' dir='ltr'>in</span> <span class='ocrx_word' id='word_1_475' title='bbox 379 3057 388 3078; x_wconf 97' lang='lat'>1</span> <span class='ocrx_word' id='word_1_476' title='bbox 421 3047 544 3079; x_wconf 66' lang='lat' dir='ltr'>‘&#39;hron.</span> <span class='ocrx_word' id='word_1_477' title='bbox 576 3057 625 3088; x_wconf 87' lang='lat'>15.</span> <span class='ocrx_word' id='word_1_478' title='bbox 657 3049 705 3079; x_wconf 80' lang='lat'>16.</span> <span class='ocrx_word' id='word_1_479' title='bbox 963 3056 1038 3086; x_wconf 77' lang='lat'>429.</span> <span class='ocrx_word' id='word_1_480' title='bbox 1066 3045 1229 3086; x_wconf 85' lang='lat' dir='ltr'>Domino]</span> <span class='ocrx_word' id='word_1_481' title='bbox 1247 3046 1341 3078; x_wconf 86' lang='lat' dir='ltr'>John</span> <span class='ocrx_word' id='word_1_482' title='bbox 1358 3047 1389 3076; x_wconf 77' lang='lat'>6.</span> <span class='ocrx_word' id='word_1_483' title='bbox 1410 3046 1462 3078; x_wconf 78' lang='lat'>08.</span> 
     </span>
    </p>
   </div>
  </div>
 </body>
</html>
