2012 3370
147 174 266 223 1304]
729 169 801 210 ΤΟ
837 168 1063 209 ADRIAN
1094 169 1152 207 VI
1659 166 1731 204 111

143 282 274 329 muni,
306 282 374 322 cui
402 295 514 322 nunc
544 281 728 333 primum
759 280 983 332 contigerit
1013 279 1256 318 Romanum
1287 276 1441 316 habere
1472 275 1736 314 Pontificem.

142 336 239 375 Non
256 337 397 375 ambio
414 341 464 376 vt
480 336 594 387 apud
610 340 654 374 te
670 336 773 374 mihi
790 336 923 386 prosit
939 334 1007 373 vel
1023 334 1186 385 patriae
1203 332 1388 372 affinitas
1404 330 1471 369 vel
1488 335 1612 369 vetus
1628 330 1739 368 inter

142 403 217 429 nos
253 391 527 430 consuetudo.
603 390 685 430 Sed
720 390 811 428 orbi
847 389 1084 429 Christiano
1120 387 1378 439 gratulabor,
1415 385 1462 432 si,
1499 383 1615 435 quod
1649 383 1739 422 sore
1758 392 1824 431 480

142 444 405 491 confidimus,
443 446 506 483 ita
542 445 739 483 tractaris
777 457 931 482 munus
967 443 1084 481 istud
1122 441 1427 492 Apostolicum‚
1467 443 1517 477 vt
1554 437 1739 476 mundus

141 499 351 550 intelligat
379 499 553 538 tandem
583 499 745 537 Romae
775 498 998 549 contigisse
1028 496 1291 541 Pontificem,
1323 495 1390 533 cui
1419 493 1573 533 Christi
1608 492 1740 553 gloria

141 553 245 591 nihil
275 554 331 592 sit
361 553 590 604 antiquius,
623 553 779 604 quique
810 552 925 590 Petri
957 565 1004 590 ac
1035 551 1157 589 Pauli
1187 550 1383 601 spiritum
1414 547 1570 587 referat
1600 558 1740 585 verius

141 619 271 658 quam
290 607 438 646 titulos
458 621 466 653 ;
502 608 576 658 qui
594 606 749 646 Christi
768 607 972 645 vicarium
992 606 1050 644 sic
1071 609 1189 656 gerat
1208 608 1258 642 vt
1277 603 1389 642 orbis
1408 602 1566 641 sentiat
1584 600 1741 640 Christi

141 661 337 712 spiritum
355 662 399 700 in
416 661 486 700 illo
505 666 745 700 versantem
764 664 808 699 et
825 665 1034 711 agentem.
1092 658 1263 704 Audiet,
1283 657 1387 696 mihi
1405 656 1538 702 crede,
1558 654 1741 716 populus
1758 664 1801 703 48
1806 672 1822 704 5

143 716 231 754 veri
265 716 446 766 pastoris
481 729 641 762 vocem,
679 729 726 754 ac
762 718 958 766 prompte
993 717 1194 764 sequetur
1227 725 1327 763 grex
1363 711 1517 750 Christi
1553 710 1741 770 vestigus

142 774 415 820 praeeuntem
435 783 444 816 ;
486 783 624 820 neque
648 770 859 821 grauatim
879 771 1078 820 agnoscet
1097 766 1386 819 Apostolicam
1407 768 1679 816 potestatem,
1707 776 1743 801 s1

142 824 318 862 senserit
353 824 642 875 Apostolicam
678 824 896 875 pietatem.
955 822 1073 861 Haec
1109 821 1281 860 conanti
1317 832 1463 871 precor
1499 822 1547 857 vt
1584 818 1742 868 aspiret

144 877 352 916 Dominus
372 878 502 925 Iesus,
525 882 745 929 pastorum
766 878 979 928 Princeps.
1037 876 1187 915 Amen.

198 931 388 972 Basileae
409 932 580 972 Calend.
602 932 798 984 Augusti.
820 932 958 971 Anno.
982 940 1198 970 M.D.XX11.
1761 944 1827 976 490

535 1089 658 1128 1305.
720 1086 788 1128 To
822 1085 986 1127 PETER
1015 1084 1354 1128 MOSELLANUS.

194 1169 296 1205 Altes
310 1181 377 1204 aus
391 1169 486 1205 allen
501 1171 664 1212 Theilen,
684 1172 785 1214 1760,
801 1171 825 1212 i,
841 1183 876 1216 p.
897 1182 936 1215 17
956 1173 1016 1214 (a).
1490 1168 1608 1203 Basle.

1394 1229 1414 1262 8
1432 1227 1577 1272 August
1594 1236 1695 1271 1522.

191 1307 236 1346 [A
252 1307 355 1338 letter
370 1307 509 1348 printed
527 1307 573 1349 by
590 1308 622 1340 J.
642 1308 682 1340 G.
701 1308 825 1340 Weller
840 1308 875 1339 in
893 1308 984 1340 Alias
1000 1318 1063 1339 aus
1079 1308 1167 1341 allen
1184 1307 1322 1340 Theilen
1337 1307 1394 1340 cler
1411 1306 1606 1344 Geschichte,
1624 1306 1744 1339 Chem-

146 1351 230 1388 nitz,
253 1352 358 1392 1760:
392 1361 456 1383 one
475 1350 510 1382 of
530 1351 588 1382 the
608 1351 832 1383 miscellanies
851 1362 889 1383 so
907 1351 1081 1383 favourite
1098 1352 1134 1383 in
1153 1351 1329 1391 Germany
1348 1350 1472 1391 during
1491 1350 1616 1388 xviii0.‚
1634 1349 1745 1381 which

147 1405 233 1426 were
258 1394 318 1425 the
343 1394 560 1426 forerunners
587 1395 621 1426 of
647 1394 706 1426 the
732 1395 875 1426 modern
900 1394 1040 1426 learned
1064 1394 1261 1436 periodical.
1311 1393 1436 1426 Weller
1460 1393 1541 1425 does
1566 1396 1631 1425 not
1654 1397 1747 1424 state

148 1437 285 1469 whence
311 1437 354 1469 he
380 1437 546 1469 obtained
572 1438 631 1470 the
656 1438 771 1476 letter,
796 1448 861 1470 nor
885 1438 1040 1470 whether
1064 1437 1124 1470 the
1150 1438 1367 1479 manuscript
1391 1447 1461 1469 was
1487 1436 1683 1477 autograph
1710 1447 1748 1468 or

147 1491 169 1513 a
189 1491 302 1523 copy:
332 1481 504 1523 probably
521 1481 580 1513 the
603 1481 719 1520 latter,
743 1482 797 1513 for
820 1481 872 1513 his
896 1485 974 1513 text
995 1482 1024 1513 is
1047 1492 1133 1523 very
1154 1482 1365 1518 inaccurate,
1389 1480 1459 1512 and
1483 1479 1542 1511 the
1566 1480 1666 1511 dates
1689 1490 1746 1511 are

147 1528 211 1556 not
231 1525 269 1556 in
292 1534 314 1555 a
336 1525 426 1556 form
449 1524 534 1556 such
557 1535 595 1556 as
619 1525 784 1557 Erasmus
807 1535 894 1557 uses.
935 1524 1008 1557 The
1031 1525 1212 1567 year-date
1234 1525 1264 1556 is
1280 1524 1401 1566 amply
1417 1523 1606 1556 confirmed
1623 1523 1670 1565 by
1687 1523 1747 1555 the

148 1568 379 1600 resemblance
400 1568 434 1600 of
455 1568 514 1600 the
534 1572 694 1600 contents
715 1572 752 1600 to
772 1569 862 1610 Epp.
887 1578 1091 1609 1299—1302.

193 1611 261 1643 For
287 1611 504 1643 Mosellanus'
534 1613 685 1653 position
712 1616 750 1644 at
777 1612 847 1644 this
873 1612 958 1644 time
985 1612 1141 1644 between
1168 1612 1334 1644 Erasmus
1361 1611 1432 1643 and
1459 1610 1591 1643 Luther
1616 1610 1658 1642 ef.
1689 1610 1749 1641 the

148 1654 281 1687 latter's
299 1654 473 1687 Iudicium
489 1655 528 1687 de
546 1656 699 1694 Erasmo,
716 1658 756 1688 28
778 1656 861 1697 May
882 1664 965 1697 1522
985 1656 1081 1696 (LE2.
1105 1658 1181 1697 535)
1197 1668 1205 1688 ι
1239 1654 1247 1667 ‘
1262 1655 1314 1687 De
1332 1655 1649 1696 praedestinatione
1667 1664 1749 1685 vero

148 1698 275 1730 sentire
299 1698 526 1730 Mosellanum
550 1709 629 1731 cum
654 1700 801 1731 Erasmo
824 1703 929 1731 antea
952 1700 1057 1738 noui3
1096 1703 1192 1731 totus
1215 1700 1308 1731 enim
1333 1698 1558 1731 Erasmianus
1581 1701 1645 1729 est.
1670 1722 1678 1729 .
1705 1722 1713 1729 .
1739 1721 1747 1729 .

149 1741 325 1774 Salutabis
343 1745 462 1774 autem
481 1742 708 1774 Mosellanum
723 1755 731 1775 ε
763 1753 876 1786 neque
893 1743 972 1775 ideo
990 1743 1122 1775 alienus
1140 1753 1218 1774 sum
1236 1742 1281 1774 ab
1300 1752 1353 1780 eo,
1371 1742 1466 1784 quod
1486 1741 1622 1773 Erasini
1640 1741 1750 1782 magis

148 1795 257 1827 quam
277 1795 354 1817 mea
373 1789 534 1818 sectetur.
578 1787 693 1818 Immo
709 1786 817 1819 dicito
832 1787 863 1818 ei
879 1790 920 1818 vt
935 1787 982 1818 sit
997 1787 1137 1818 fortiter
1149 1787 1383 1818 Erasmianus.
1428 1785 1506 1817 Erit
1518 1789 1657 1826 tempus
1669 1794 1748 1817 cum

148 1829 249 1861 aliter
268 1829 418 1862 sentiet:
451 1830 591 1861 interim
612 1834 649 1861 et
668 1830 829 1862 ferendus
851 1831 976 1871 optimi
996 1831 1104 1862 animi
1124 1839 1243 1862 sensus
1263 1830 1433 1861 infirmior
1446 1828 1483 1868 ’.]

206 1950 527 1981 ORNATISSIMO
555 1951 670 1982 VIRO
698 1952 852 1982 PETRO
881 1952 1168 1983 MOSELLANO
1196 1951 1512 1989 PROTEGENSI,
1543 1950 1692 1980 AMICO

558 2009 955 2048 INCOMPARABILI,
990 2010 1206 2040 ERASMVS
1239 2010 1276 2040 S.
1295 2009 1337 2039 P.

205 2068 452 2108 GRATVLOR
482 2069 681 2109 fortunae
713 2075 828 2118 tuae,
864 2072 1051 2123 mihique
1084 2076 1185 2111 tuus
1218 2074 1469 2123 conspectus
1501 2071 1583 2110 erit
1615 2070 1751 2110 multo

150 2123 490 2162 iucundissimus.
538 2124 728 2163 Habebis
744 2138 820 2164 nos
837 2125 1016 2165 fortasse
1032 2127 1195 2166 itineris
1211 2126 1387 2165 comites
1407 2139 1416 2172 ;
1449 2138 1549 2164 nam
1566 2125 1751 2164 Romam

150 2178 309 2217 inuitor
337 2178 501 2229 magnis
529 2178 815 2218 Cardinalium
844 2181 1072 2231 promissis,
1102 2181 1351 2232 praesertim
1380 2180 1663 2226 Sedunensis;
1708 2183 1753 2218 et

150 2236 297 2271 tamen
326 2236 428 2271 sunt
459 2233 583 2272 amici
614 2234 688 2285 qui
719 2233 1008 2274 dissuadeant.
1068 2235 1245 2276 Stunica
1275 2235 1439 2274 Romae
1470 2239 1561 2274 tam
1592 2234 1752 2273 insanit

151 2299 281 2337 quam
320 2299 509 2338 vnquam
549 2287 746 2334 Orestes3
800 2289 964 2340 singulo
1003 2303 1173 2341 quoque
1212 2303 1354 2329 mense
1392 2289 1554 2328 euomit
1591 2301 1790 2339 nouum5

153 2340 520 2392 Blasphemiarum
564 2341 766 2382 libellum.
849 2344 1018 2383 Vetitus
1067 2349 1132 2383 est
1183 2343 1411 2383 interdicto
1465 2342 1751 2383 Cardinalium

150 2394 403 2434 debacchari
419 2396 464 2434 in
482 2395 720 2435 Erasmum.
768 2397 913 2437 Habet
930 2398 1117 2437 sodalem
1133 2398 1366 2438 Caranzam
1383 2398 1628 2449 theologum
1645 2410 1654 2442 ;
1685 2397 1753 2435 cui

151 2450 209 2488 sic
231 2449 533 2501 respondemus
556 2455 618 2497 vt,
641 2452 676 2489 si
698 2452 802 2502 quid
823 2452 954 2492 habet
975 2453 1140 2500 frontis,
1164 2466 1250 2491 non
1271 2453 1328 2492 sit
1349 2453 1606 2504 repetiturus
1629 2451 1751 2490 Eras-

153 2516 283 2542 mum.
353 2503 553 2544 Stum'cae
592 2504 750 2544 furioso
791 2506 931 2545 libello
972 2507 1274 2559 respondemus
1315 2507 1594 2546 contemtim:
1652 2517 1751 2543 nam

153 2557 205 2597 R.
240 2557 473 2597 Cardinalis
505 2559 841 2610 Moguntinensis
873 2561 1026 2600 litteris
1059 2562 1341 2600 admonuerat
1374 2565 1424 2599 vt
1456 2559 1752 2610 responderem
1776 2577 1816 2599 10

153 2611 359 2663 HispanO.
412 2612 491 2651 Est
513 2626 656 2652 scurra
677 2613 845 2662 effrons,
869 2615 1049 2654 stolidus
1071 2621 1115 2655 et
1136 2616 1346 2654 indoctus.
1399 2614 1480 2653 Hic
1503 2618 1568 2653 est
1591 2613 1754 2652 Romae

154 2666 386 2705 monachus
404 2667 520 2718 quod
539 2667 734 2707 Coloniae
754 2673 846 2707 erat
865 2669 1171 2720 Pipcricornus.
1219 2670 1316 2708 Non
1336 2669 1464 2707 miror
1482 2681 1570 2706 esse
1590 2668 1753 2706 Romae

202 2747 296 2780 1305.
326 2755 354 2787 5.
379 2758 511 2779 nouum
528 2748 651 2788 scripsi
666 2761 673 2780 :
704 2752 829 2780 notum
846 2761 875 2780 a.
1045 2752 1074 2782 8,
1102 2750 1312 2792 repetiturus
1329 2749 1452 2790 scripsi
1467 2762 1474 2782 z
1507 2754 1704 2791 reperturus
1721 2762 1752 2781 α.

156 2799 167 2822 1
179 2799 209 2823 2.
235 2790 396 2823 Coloniae
407 2790 530 2832 scripsi
544 2804 552 2823 ι
578 2792 711 2823 Romae
723 2804 753 2823 α.

194 2878 287 2910 1305.
302 2877 490 2917 2.itineris]
501 2878 569 2909 For
578 2878 647 2910 this
657 2879 828 2920 proposed
838 2880 920 2911 visit
1033 2890 1065 2919 4.
1092 2879 1251 2920 Stunica]
1269 2880 1330 2913 See
1348 2881 1439 2923 App.
1461 2890 1496 2922 15
1517 2881 1552 2913 in
1571 2880 1638 2913 vol.
1656 2881 1703 2913 iv,

154 2920 189 2952 oi
202 2920 409 2953 Mosellanus
423 2924 460 2953 to
474 2921 567 2963 Italy
580 2922 622 2953 cf.
639 2923 704 2963 Ep.
730 2924 823 2963 1326.
839 2926 918 2962 4-6,
1034 2924 1065 2955 6.
1091 2923 1341 2964 Cardinalium]
1360 2925 1410 2957 Cf.
1432 2925 1497 2967 Ep.
1522 2934 1614 2965 1302.
1639 2934 1713 2965 59n.

155 2964 220 2996 but
242 2964 389 3005 nothing
413 2974 507 2996 more
530 2965 558 2996 is
583 2965 707 2997 known
731 2966 766 2997 of
786 2967 836 2998 it:
864 2978 918 2998 sec
1035 2976 1064 3009 7.
1091 2967 1296 3008 Caranzam]
1314 2967 1375 3000 See
1393 2968 1457 3009 Ep.
1482 2978 1574 3010 1277.
1595 2979 1670 3011 24¹1·

155 3007 209 3039 his
231 3007 290 3039 life
317 3008 363 3048 by
385 3008 424 3039 O.
447 3008 487 3040 G.
515 3008 686 3048 Schmidt,
703 3020 736 3050 p.
758 3019 810 3050 7¹·
1038 3019 1088 3042 10.
1115 3011 1405 3053 Moguntinensis]
1418 3012 1468 3045 Of.
1484 3012 1548 3054 Ep.
1567 3021 1650 3050 1299
1675 3021 1752 3054 42n.

202 3058 232 3090 3.
258 3050 478 3090 Sedunensis]
494 3051 543 3084 Cf.
563 3052 627 3094 Ep.
649 3062 741 3091 1299.
758 3063 836 3094 45¹¹·
1039 3063 1087 3086 12.
1115 3054 1369 3096 Pipericornus]
1390 3055 1451 3089 See
1472 3055 1537 3098 Ep.
1558 3057 1633 3097 487.
1657 3064 1734 3086 con.
