<?xml version="1.0" encoding="UTF-8"?>
<!DOCTYPE html PUBLIC "-//W3C//DTD XHTML 1.0 Transitional//EN"
    "http://www.w3.org/TR/xhtml1/DTD/xhtml1-transitional.dtd">
<html xmlns="http://www.w3.org/1999/xhtml" xml:lang="en" lang="en">
 <head>
  <title>
</title>
<meta http-equiv="Content-Type" content="text/html;charset=utf-8" />
  <meta name='ocr-system' content='tesseract 3.04.00' />
  <meta name='ocr-capabilities' content='ocr_page ocr_carea ocr_par ocr_line ocrx_word'/>
</head>
<body>
  <div class='ocr_page' id='page_1' title='image "./opusepistolarum05eras_0630.png"; bbox 0 0 2012 3370; ppageno 0'>
   <div class='ocr_carea' id='block_1_1' title="bbox 226 149 1826 204">
    <p class='ocr_par' dir='ltr' id='par_1_1' title="bbox 226 149 1826 204">
     <span class='ocr_line' id='line_1_1' title="bbox 226 149 1826 204; baseline 0.001 -13"><span class='ocrx_word' id='word_1_1' title='bbox 226 154 305 191; x_wconf 83' lang='lat'>588</span> <span class='ocrx_word' id='word_1_2' title='bbox 702 151 955 190; x_wconf 76' lang='lat' dir='ltr'><strong>LETTERS</strong></span> <span class='ocrx_word' id='word_1_3' title='bbox 986 149 1058 189; x_wconf 89' lang='lat' dir='ltr'>OF</span> <span class='ocrx_word' id='word_1_4' title='bbox 1088 150 1352 190; x_wconf 81' lang='lat' dir='ltr'><strong>ERASMUS</strong></span> <span class='ocrx_word' id='word_1_5' title='bbox 1703 154 1826 204; x_wconf 88' lang='lat'>[1524</span> 
     </span>
    </p>
   </div>
   <div class='ocr_carea' id='block_1_2' title="bbox 457 315 1611 360">
    <p class='ocr_par' dir='ltr' id='par_1_2' title="bbox 457 315 1611 360">
     <span class='ocr_line' id='line_1_2' title="bbox 457 315 1611 360; baseline 0.003 -4"><span class='ocrx_word' id='word_1_6' title='bbox 457 317 654 357; x_wconf 68' lang='lat'>1⁴⁹⁹1520.</span> <span class='ocrx_word' id='word_1_7' title='bbox 718 315 858 357; x_wconf 80' lang='lat' dir='ltr'><strong>FROM</strong></span> <span class='ocrx_word' id='word_1_8' title='bbox 890 316 1036 357; x_wconf 74' lang='lat' dir='ltr'><strong>DUKE</strong></span> <span class='ocrx_word' id='word_1_9' title='bbox 1071 316 1271 359; x_wconf 77' lang='lat' dir='ltr'>GEORGE</span> <span class='ocrx_word' id='word_1_10' title='bbox 1306 329 1365 359; x_wconf 70' lang='lat' dir='ltr'>or</span> <span class='ocrx_word' id='word_1_11' title='bbox 1397 318 1611 360; x_wconf 74' lang='lat' dir='ltr'>SAXONY.</span> 
     </span>
    </p>
   </div>
   <div class='ocr_carea' id='block_1_3' title="bbox 274 407 1779 512">
    <p class='ocr_par' dir='ltr' id='par_1_3' title="bbox 274 407 1779 512">
     <span class='ocr_line' id='line_1_3' title="bbox 275 407 1681 450; baseline 0.001 -9"><span class='ocrx_word' id='word_1_12' title='bbox 275 408 439 442; x_wconf 76' lang='lat' dir='ltr'>Dresden</span> <span class='ocrx_word' id='word_1_13' title='bbox 457 407 531 442; x_wconf 79' lang='lat' dir='ltr'>Ms.</span> <span class='ocrx_word' id='word_1_14' title='bbox 552 407 637 441; x_wconf 89' lang='lat' dir='ltr'>Loc.</span> <span class='ocrx_word' id='word_1_15' title='bbox 663 417 784 450; x_wconf 77' lang='lat'>10299,</span> <span class='ocrx_word' id='word_1_16' title='bbox 806 407 830 440; x_wconf 87' lang='lat' dir='ltr'>l&#39;.</span> <span class='ocrx_word' id='word_1_17' title='bbox 851 411 906 450; x_wconf 68' lang='lat'>87.</span> <span class='ocrx_word' id='word_1_18' title='bbox 1504 409 1681 443; x_wconf 83' lang='lat' dir='ltr'>Dresden.</span> 
     </span>
     <span class='ocr_line' id='line_1_4' title="bbox 274 466 1779 512; baseline 0.002 -13"><span class='ocrx_word' id='word_1_19' title='bbox 274 466 465 499; x_wconf 82' lang='lat' dir='ltr'>Horawitz</span> <span class='ocrx_word' id='word_1_20' title='bbox 482 466 504 500; x_wconf 92' lang='lat' dir='ltr'>i.</span> <span class='ocrx_word' id='word_1_21' title='bbox 525 467 557 499; x_wconf 88' lang='lat'>8.</span> <span class='ocrx_word' id='word_1_22' title='bbox 1386 477 1430 510; x_wconf 81' lang='lat'>29</span> <span class='ocrx_word' id='word_1_23' title='bbox 1448 467 1660 501; x_wconf 82' lang='lat' dir='ltr'>November</span> <span class='ocrx_word' id='word_1_24' title='bbox 1680 477 1779 512; x_wconf 82' lang='lat'>1524.</span> 
     </span>
    </p>
   </div>
   <div class='ocr_carea' id='block_1_4' title="bbox 224 544 1830 717">
    <p class='ocr_par' dir='ltr' id='par_1_4' title="bbox 224 544 1830 717">
     <span class='ocr_line' id='line_1_5' title="bbox 270 544 1829 587; baseline 0.001 -11"><span class='ocrx_word' id='word_1_25' title='bbox 270 545 314 585; x_wconf 91' lang='lat' dir='ltr'>[A</span> <span class='ocrx_word' id='word_1_26' title='bbox 338 544 561 587; x_wconf 83' lang='lat' dir='ltr'>rough-draft</span> <span class='ocrx_word' id='word_1_27' title='bbox 586 544 632 586; x_wconf 87' lang='lat' dir='ltr'>by</span> <span class='ocrx_word' id='word_1_28' title='bbox 656 554 677 576; x_wconf 87' lang='lat' dir='ltr'>a</span> <span class='ocrx_word' id='word_1_29' title='bbox 701 548 887 586; x_wconf 85' lang='lat' dir='ltr'>secretary,</span> <span class='ocrx_word' id='word_1_30' title='bbox 912 545 948 576; x_wconf 87' lang='lat' dir='ltr'>in</span> <span class='ocrx_word' id='word_1_31' title='bbox 973 544 1033 577; x_wconf 88' lang='lat' dir='ltr'>the</span> <span class='ocrx_word' id='word_1_32' title='bbox 1057 544 1196 577; x_wconf 83' lang='lat' dir='ltr'><strong>volume</strong></span> <span class='ocrx_word' id='word_1_33' title='bbox 1220 549 1260 578; x_wconf 85' lang='lat' dir='ltr'>at</span> <span class='ocrx_word' id='word_1_34' title='bbox 1284 546 1438 578; x_wconf 85' lang='lat' dir='ltr'>Dresden</span> <span class='ocrx_word' id='word_1_35' title='bbox 1463 546 1553 578; x_wconf 83' lang='lat' dir='ltr'>from</span> <span class='ocrx_word' id='word_1_36' title='bbox 1578 546 1690 579; x_wconf 84' lang='lat' dir='ltr'>which</span> <span class='ocrx_word' id='word_1_37' title='bbox 1714 556 1829 579; x_wconf 83' lang='lat' dir='ltr'>comos</span> 
     </span>
     <span class='ocr_line' id='line_1_6' title="bbox 226 588 1830 633; baseline 0.002 -14"><span class='ocrx_word' id='word_1_38' title='bbox 226 589 288 629; x_wconf 77' lang='lat' dir='ltr'>Ep.</span> <span class='ocrx_word' id='word_1_39' title='bbox 317 590 410 628; x_wconf 85' lang='grc'>1448.</span> <span class='ocrx_word' id='word_1_40' title='bbox 458 589 531 620; x_wconf 85' lang='lat' dir='ltr'>Not</span> <span class='ocrx_word' id='word_1_41' title='bbox 552 588 611 620; x_wconf 86' lang='lat' dir='ltr'>the</span> <span class='ocrx_word' id='word_1_42' title='bbox 633 588 737 620; x_wconf 85' lang='lat' dir='ltr'>letter</span> <span class='ocrx_word' id='word_1_43' title='bbox 757 588 913 629; x_wconf 77' lang='lat' dir='ltr'>actually</span> <span class='ocrx_word' id='word_1_44' title='bbox 933 592 1013 622; x_wconf 81' lang='lat' dir='ltr'>sent</span> <span class='ocrx_word' id='word_1_45' title='bbox 1034 592 1072 621; x_wconf 89' lang='lat' dir='ltr'>to</span> <span class='ocrx_word' id='word_1_46' title='bbox 1093 589 1269 626; x_wconf 84' lang='lat' dir='ltr'>Erasmus,</span> <span class='ocrx_word' id='word_1_47' title='bbox 1292 590 1346 622; x_wconf 83' lang='lat' dir='ltr'>for</span> <span class='ocrx_word' id='word_1_48' title='bbox 1367 591 1396 622; x_wconf 90' lang='lat' dir='ltr'>it</span> <span class='ocrx_word' id='word_1_49' title='bbox 1416 591 1445 621; x_wconf 84' lang='lat' dir='ltr'>is</span> <span class='ocrx_word' id='word_1_50' title='bbox 1466 590 1603 622; x_wconf 76' lang='lat' dir='ltr'><strong>neither</strong></span> <span class='ocrx_word' id='word_1_51' title='bbox 1623 590 1744 633; x_wconf 82' lang='lat' dir='ltr'>signed</span> <span class='ocrx_word' id='word_1_52' title='bbox 1765 600 1830 623; x_wconf 86' lang='lat' dir='ltr'>nor</span> 
     </span>
     <span class='ocr_line' id='line_1_7' title="bbox 224 632 1830 674; baseline 0.002 -11"><span class='ocrx_word' id='word_1_53' title='bbox 224 632 341 664; x_wconf 83' lang='lat' dir='ltr'>folded</span> <span class='ocrx_word' id='word_1_54' title='bbox 359 643 422 664; x_wconf 90' lang='lat' dir='ltr'>nor</span> <span class='ocrx_word' id='word_1_55' title='bbox 439 632 636 664; x_wconf 84' lang='lat' dir='ltr'>addressed.</span> <span class='ocrx_word' id='word_1_56' title='bbox 678 632 714 664; x_wconf 90' lang='lat' dir='ltr'>It</span> <span class='ocrx_word' id='word_1_57' title='bbox 731 642 801 664; x_wconf 83' lang='lat' dir='ltr'>was</span> <span class='ocrx_word' id='word_1_58' title='bbox 818 632 966 673; x_wconf 84' lang='lat' dir='ltr'>delayed</span> <span class='ocrx_word' id='word_1_59' title='bbox 982 633 1019 664; x_wconf 89' lang='lat' dir='ltr'>in</span> <span class='ocrx_word' id='word_1_60' title='bbox 1036 632 1203 674; x_wconf 87' lang='lat' dir='ltr'>delivery,</span> <span class='ocrx_word' id='word_1_61' title='bbox 1222 633 1292 665; x_wconf 81' lang='lat' dir='ltr'>and</span> <span class='ocrx_word' id='word_1_62' title='bbox 1310 633 1371 665; x_wconf 86' lang='lat' dir='ltr'>did</span> <span class='ocrx_word' id='word_1_63' title='bbox 1389 637 1453 665; x_wconf 88' lang='lat' dir='ltr'>not</span> <span class='ocrx_word' id='word_1_64' title='bbox 1470 634 1572 666; x_wconf 86' lang='lat' dir='ltr'>reach</span> <span class='ocrx_word' id='word_1_65' title='bbox 1590 633 1757 666; x_wconf 70' lang='lat' dir='ltr'>Erasmus</span> <span class='ocrx_word' id='word_1_66' title='bbox 1774 633 1830 666; x_wconf 83' lang='lat' dir='ltr'>till</span> 
     </span>
     <span class='ocr_line' id='line_1_8' title="bbox 227 675 1017 717; baseline 0.003 -11"><span class='ocrx_word' id='word_1_67' title='bbox 227 676 403 717; x_wconf 77' lang='lat' dir='ltr'><strong>February</strong></span> <span class='ocrx_word' id='word_1_68' title='bbox 418 686 457 708; x_wconf 84' lang='lat' dir='ltr'>or</span> <span class='ocrx_word' id='word_1_69' title='bbox 472 675 591 707; x_wconf 83' lang='lat' dir='ltr'>March</span> <span class='ocrx_word' id='word_1_70' title='bbox 611 684 690 716; x_wconf 81' lang='grc'>1525</span> <span class='ocrx_word' id='word_1_71' title='bbox 710 687 717 706; x_wconf 75' lang='grc' dir='ltr'><strong><em>τ</em></strong></span> <span class='ocrx_word' id='word_1_72' title='bbox 747 686 802 707; x_wconf 84' lang='lat' dir='ltr'>see</span> <span class='ocrx_word' id='word_1_73' title='bbox 819 675 883 717; x_wconf 87' lang='lat' dir='ltr'>Ep.</span> <span class='ocrx_word' id='word_1_74' title='bbox 906 676 1017 716; x_wconf 83' lang='lat'>1561.]</span> 
     </span>
    </p>
   </div>
   <div class='ocr_carea' id='block_1_5' title="bbox 380 774 1672 858">
    <p class='ocr_par' dir='ltr' id='par_1_5' title="bbox 380 774 1672 858">
     <span class='ocr_line' id='line_1_9' title="bbox 380 774 1672 811; baseline 0.001 -8"><span class='ocrx_word' id='word_1_75' title='bbox 380 774 601 803; x_wconf 79' lang='lat' dir='ltr'>GEORGIVS</span> <span class='ocrx_word' id='word_1_76' title='bbox 632 774 711 802; x_wconf 88' lang='lat' dir='ltr'>DEI</span> <span class='ocrx_word' id='word_1_77' title='bbox 740 775 904 803; x_wconf 76' lang='lat' dir='ltr'><strong>GRATIA</strong></span> <span class='ocrx_word' id='word_1_78' title='bbox 935 776 1027 803; x_wconf 85' lang='lat' dir='ltr'>DVX</span> <span class='ocrx_word' id='word_1_79' title='bbox 1059 775 1298 811; x_wconf 80' lang='lat' dir='ltr'>SAXONIAE,</span> <span class='ocrx_word' id='word_1_80' title='bbox 1331 775 1672 804; x_wconf 86' lang='lat' dir='ltr'>LANDTGRAVIVS</span> 
     </span>
     <span class='ocr_line' id='line_1_10' title="bbox 621 829 1430 858; baseline 0.002 -2"><span class='ocrx_word' id='word_1_81' title='bbox 621 829 914 857; x_wconf 85' lang='lat' dir='ltr'>THVRYNGIAE</span> <span class='ocrx_word' id='word_1_82' title='bbox 947 830 1001 857; x_wconf 87' lang='lat' dir='ltr'>ET</span> <span class='ocrx_word' id='word_1_83' title='bbox 1030 829 1233 857; x_wconf 81' lang='lat' dir='ltr'>MARCHIO</span> <span class='ocrx_word' id='word_1_84' title='bbox 1264 830 1430 858; x_wconf 83' lang='lat' dir='ltr'>MYSNE.</span> 
     </span>
    </p>
   </div>
   <div class='ocr_carea' id='block_1_6' title="bbox 163 888 1831 2840">
    <p class='ocr_par' dir='ltr' id='par_1_6' title="bbox 163 888 1831 2840">
     <span class='ocr_line' id='line_1_11' title="bbox 278 888 1831 936; baseline 0 -7"><span class='ocrx_word' id='word_1_85' title='bbox 278 888 487 929; x_wconf 79' lang='lat' dir='ltr'><strong>SALVTEM</strong></span> <span class='ocrx_word' id='word_1_86' title='bbox 522 894 566 928; x_wconf 91' lang='lat' dir='ltr'>et</span> <span class='ocrx_word' id='word_1_87' title='bbox 599 889 804 936; x_wconf 82' lang='lat' dir='ltr'>fauorem,</span> <span class='ocrx_word' id='word_1_88' title='bbox 841 889 1084 929; x_wconf 86' lang='lat' dir='ltr'>doctissime</span> <span class='ocrx_word' id='word_1_89' title='bbox 1120 890 1307 929; x_wconf 83' lang='lat' dir='ltr'>Erasme.</span> <span class='ocrx_word' id='word_1_90' title='bbox 1377 890 1601 929; x_wconf 88' lang='lat' dir='ltr'>Dominica</span> <span class='ocrx_word' id='word_1_91' title='bbox 1636 903 1661 929; x_wconf 86' lang='lat' dir='ltr'>a</span> <span class='ocrx_word' id='word_1_92' title='bbox 1695 890 1831 930; x_wconf 89' lang='lat' dir='ltr'>natali</span> 
     </span>
     <span class='ocr_line' id='line_1_12' title="bbox 224 942 1830 996; baseline 0 -13"><span class='ocrx_word' id='word_1_93' title='bbox 224 944 264 982; x_wconf 70' lang='lat' dir='ltr'>S.</span> <span class='ocrx_word' id='word_1_94' title='bbox 286 942 468 983; x_wconf 82' lang='lat' dir='ltr'>Simonis</span> <span class='ocrx_word' id='word_1_95' title='bbox 487 948 531 983; x_wconf 91' lang='lat' dir='ltr'>et</span> <span class='ocrx_word' id='word_1_96' title='bbox 550 943 683 983; x_wconf 89' lang='lat' dir='ltr'>Iudae</span> <span class='ocrx_word' id='word_1_97' title='bbox 702 943 912 983; x_wconf 89' lang='lat' dir='ltr'>aduenere</span> <span class='ocrx_word' id='word_1_98' title='bbox 931 949 1031 983; x_wconf 86' lang='lat' dir='ltr'>tuae</span> <span class='ocrx_word' id='word_1_99' title='bbox 1050 944 1182 991; x_wconf 87' lang='lat' dir='ltr'>litere,</span> <span class='ocrx_word' id='word_1_100' title='bbox 1205 944 1360 995; x_wconf 89' lang='lat' dir='ltr'>quibus</span> <span class='ocrx_word' id='word_1_101' title='bbox 1378 944 1606 996; x_wconf 72' lang='lat' dir='ltr'>respondes</span> <span class='ocrx_word' id='word_1_102' title='bbox 1626 944 1830 996; x_wconf 83' lang='lat' dir='ltr'>epistolae</span> 
     </span>
     <span class='ocr_line' id='line_1_13' title="bbox 224 998 1828 1050; baseline 0 -13"><span class='ocrx_word' id='word_1_103' title='bbox 224 1002 393 1037; x_wconf 89' lang='lat' dir='ltr'>nostrae</span> <span class='ocrx_word' id='word_1_104' title='bbox 416 1002 460 1037; x_wconf 90' lang='lat' dir='ltr'>et</span> <span class='ocrx_word' id='word_1_105' title='bbox 483 998 677 1049; x_wconf 85' lang='lat' dir='ltr'>exemplo</span> <span class='ocrx_word' id='word_1_106' title='bbox 700 999 849 1049; x_wconf 88' lang='lat' dir='ltr'>prioris</span> <span class='ocrx_word' id='word_1_107' title='bbox 874 998 928 1037; x_wconf 89' lang='lat' dir='ltr'>ad</span> <span class='ocrx_word' id='word_1_108' title='bbox 951 1002 994 1037; x_wconf 88' lang='lat' dir='ltr'>te</span> <span class='ocrx_word' id='word_1_109' title='bbox 1017 998 1269 1049; x_wconf 87' lang='lat' dir='ltr'>iampridem</span> <span class='ocrx_word' id='word_1_110' title='bbox 1294 1000 1418 1037; x_wconf 88' lang='lat' dir='ltr'>misse</span> <span class='ocrx_word' id='word_1_111' title='bbox 1441 999 1614 1050; x_wconf 83' lang='lat' dir='ltr'>quidem</span> <span class='ocrx_word' id='word_1_112' title='bbox 1638 998 1712 1038; x_wconf 89' lang='lat' dir='ltr'>sed</span> <span class='ocrx_word' id='word_1_113' title='bbox 1734 1011 1828 1039; x_wconf 87' lang='lat' dir='ltr'>nec·</span> 
     </span>
     <span class='ocr_line' id='line_1_14' title="bbox 223 1051 1828 1104; baseline 0.001 -13"><span class='ocrx_word' id='word_1_114' title='bbox 223 1051 326 1091; x_wconf 86' lang='lat' dir='ltr'>dum</span> <span class='ocrx_word' id='word_1_115' title='bbox 350 1056 522 1104; x_wconf 93' lang='lat' dir='ltr'>accepte</span> <span class='ocrx_word' id='word_1_116' title='bbox 543 1066 550 1099; x_wconf 92' lang='lat'>;</span> <span class='ocrx_word' id='word_1_117' title='bbox 590 1057 634 1091; x_wconf 88' lang='lat' dir='ltr'>et</span> <span class='ocrx_word' id='word_1_118' title='bbox 656 1052 772 1104; x_wconf 90' lang='lat' dir='ltr'>quod</span> <span class='ocrx_word' id='word_1_119' title='bbox 795 1052 1028 1091; x_wconf 89' lang='lat' dir='ltr'>Lutherani</span> <span class='ocrx_word' id='word_1_120' title='bbox 1050 1058 1148 1091; x_wconf 89' lang='lat' dir='ltr'>tuas</span> <span class='ocrx_word' id='word_1_121' title='bbox 1171 1053 1227 1091; x_wconf 88' lang='lat' dir='ltr'>ad</span> <span class='ocrx_word' id='word_1_122' title='bbox 1248 1066 1325 1091; x_wconf 89' lang='lat' dir='ltr'>nos</span> <span class='ocrx_word' id='word_1_123' title='bbox 1347 1054 1649 1104; x_wconf 70' lang='lat' dir='ltr'>interceperint</span> <span class='ocrx_word' id='word_1_124' title='bbox 1670 1053 1828 1101; x_wconf 83' lang='lat' dir='ltr'>literas,</span> 
     </span>
     <span class='ocr_line' id='line_1_15' title="bbox 189 1106 1828 1159; baseline 0.001 -14"><span class='ocrx_word' id='word_1_125' title='bbox 189 1106 328 1149; x_wconf 83' lang='grc'>51111111</span> <span class='ocrx_word' id='word_1_126' title='bbox 361 1108 501 1146; x_wconf 87' lang='lat' dir='ltr'>miror.</span> <span class='ocrx_word' id='word_1_127' title='bbox 565 1106 677 1154; x_wconf 83' lang='lat' dir='ltr'>Quid</span> <span class='ocrx_word' id='word_1_128' title='bbox 709 1108 822 1145; x_wconf 90' lang='lat' dir='ltr'>enim</span> <span class='ocrx_word' id='word_1_129' title='bbox 854 1120 941 1146; x_wconf 90' lang='lat' dir='ltr'>non</span> <span class='ocrx_word' id='word_1_130' title='bbox 974 1106 1207 1145; x_wconf 91' lang='lat' dir='ltr'>moliuntur</span> <span class='ocrx_word' id='word_1_131' title='bbox 1240 1107 1356 1158; x_wconf 89' lang='lat' dir='ltr'>quod</span> <span class='ocrx_word' id='word_1_132' title='bbox 1388 1108 1607 1159; x_wconf 85' lang='lat' dir='ltr'>proposito</span> <span class='ocrx_word' id='word_1_133' title='bbox 1639 1108 1828 1158; x_wconf 88' lang='lat' dir='ltr'>ipsorum</span> 
     </span>
     <span class='ocr_line' id='line_1_16' title="bbox 220 1160 1827 1212; baseline 0.001 -12"><span class='ocrx_word' id='word_1_134' title='bbox 220 1168 397 1212; x_wconf 80' lang='lat' dir='ltr'>&#39;quoquo</span> <span class='ocrx_word' id='word_1_135' title='bbox 422 1160 549 1200; x_wconf 89' lang='lat' dir='ltr'>modo</span> <span class='ocrx_word' id='word_1_136' title='bbox 574 1160 814 1200; x_wconf 89' lang='lat' dir='ltr'>subseruiat</span> <span class='ocrx_word' id='word_1_137' title='bbox 836 1164 851 1199; x_wconf 69' lang='grc' dir='ltr'>’ἐ</span> <span class='ocrx_word' id='word_1_138' title='bbox 906 1161 988 1202; x_wconf 85' lang='lat' dir='ltr'>Sed</span> <span class='ocrx_word' id='word_1_139' title='bbox 1013 1166 1158 1200; x_wconf 90' lang='lat' dir='ltr'>tamen</span> <span class='ocrx_word' id='word_1_140' title='bbox 1184 1163 1218 1200; x_wconf 89' lang='lat' dir='ltr'>si</span> <span class='ocrx_word' id='word_1_141' title='bbox 1243 1163 1443 1200; x_wconf 75' lang='lat' dir='ltr'>sciremus</span> <span class='ocrx_word' id='word_1_142' title='bbox 1467 1161 1572 1200; x_wconf 84' lang='lat' dir='ltr'>furti</span> <span class='ocrx_word' id='word_1_143' title='bbox 1595 1161 1707 1201; x_wconf 91' lang='lat' dir='ltr'>illius</span> <span class='ocrx_word' id='word_1_144' title='bbox 1732 1175 1827 1201; x_wconf 92' lang='lat' dir='ltr'>auc-</span> 
     </span>
     <span class='ocr_line' id='line_1_17' title="bbox 225 1215 1828 1268; baseline 0.001 -15"><span class='ocrx_word' id='word_1_145' title='bbox 225 1219 373 1262; x_wconf 88' lang='lat' dir='ltr'>torem,</span> <span class='ocrx_word' id='word_1_146' title='bbox 413 1215 565 1254; x_wconf 89' lang='lat' dir='ltr'>saltem</span> <span class='ocrx_word' id='word_1_147' title='bbox 604 1215 922 1254; x_wconf 79' lang='lat' dir='ltr'>ostenderemus</span> <span class='ocrx_word' id='word_1_148' title='bbox 960 1228 1037 1254; x_wconf 90' lang='lat' dir='ltr'>nos</span> <span class='ocrx_word' id='word_1_149' title='bbox 1076 1216 1251 1255; x_wconf 77' lang='lat' dir='ltr'>moleste</span> <span class='ocrx_word' id='word_1_150' title='bbox 1290 1216 1409 1254; x_wconf 79' lang='lat' dir='ltr'>ferre.</span> <span class='ocrx_word' id='word_1_151' title='bbox 1478 1215 1675 1255; x_wconf 88' lang='lat' dir='ltr'>Ceterum</span> <span class='ocrx_word' id='word_1_152' title='bbox 1713 1216 1828 1268; x_wconf 91' lang='lat' dir='ltr'>quod</span> 
     </span>
     <span class='ocr_line' id='line_1_18' title="bbox 223 1269 1830 1321; baseline 0.002 -14"><span class='ocrx_word' id='word_1_153' title='bbox 223 1270 373 1309; x_wconf 87' lang='lat' dir='ltr'>asseris</span> <span class='ocrx_word' id='word_1_154' title='bbox 396 1273 439 1308; x_wconf 91' lang='lat' dir='ltr'>te</span> <span class='ocrx_word' id='word_1_155' title='bbox 463 1269 576 1308; x_wconf 85' lang='lat' dir='ltr'>Vltro</span> <span class='ocrx_word' id='word_1_156' title='bbox 600 1273 644 1309; x_wconf 90' lang='lat' dir='ltr'>et</span> <span class='ocrx_word' id='word_1_157' title='bbox 667 1274 767 1309; x_wconf 90' lang='lat' dir='ltr'>ante</span> <span class='ocrx_word' id='word_1_158' title='bbox 792 1282 926 1309; x_wconf 88' lang='lat' dir='ltr'>annos</span> <span class='ocrx_word' id='word_1_159' title='bbox 949 1269 1089 1321; x_wconf 89' lang='lat' dir='ltr'>plures</span> <span class='ocrx_word' id='word_1_160' title='bbox 1114 1271 1301 1321; x_wconf 89' lang='lat' dir='ltr'>quinque</span> <span class='ocrx_word' id='word_1_161' title='bbox 1326 1283 1351 1308; x_wconf 92' lang='lat' dir='ltr'>a</span> <span class='ocrx_word' id='word_1_162' title='bbox 1374 1270 1559 1309; x_wconf 82' lang='lat' dir='ltr'>factione</span> <span class='ocrx_word' id='word_1_163' title='bbox 1584 1270 1830 1310; x_wconf 88' lang='lat' dir='ltr'>Lutherana</span> 
     </span>
     <span class='ocr_line' id='line_1_19' title="bbox 224 1323 1828 1376; baseline 0.001 -14"><span class='ocrx_word' id='word_1_164' title='bbox 224 1336 308 1363; x_wconf 92' lang='lat' dir='ltr'>non</span> <span class='ocrx_word' id='word_1_165' title='bbox 330 1323 467 1363; x_wconf 90' lang='lat' dir='ltr'>solum</span> <span class='ocrx_word' id='word_1_166' title='bbox 488 1325 732 1371; x_wconf 83' lang='lat' dir='ltr'>seiunxisse,</span> <span class='ocrx_word' id='word_1_167' title='bbox 754 1324 799 1363; x_wconf 90' lang='lat' dir='ltr'>id</span> <span class='ocrx_word' id='word_1_168' title='bbox 820 1324 936 1375; x_wconf 90' lang='lat' dir='ltr'>quod</span> <span class='ocrx_word' id='word_1_169' title='bbox 956 1325 1112 1363; x_wconf 90' lang='lat' dir='ltr'>nostris</span> <span class='ocrx_word' id='word_1_170' title='bbox 1135 1326 1380 1376; x_wconf 87' lang='lat' dir='ltr'>optauimus</span> <span class='ocrx_word' id='word_1_171' title='bbox 1400 1324 1546 1371; x_wconf 89' lang='lat' dir='ltr'>literis,</span> <span class='ocrx_word' id='word_1_172' title='bbox 1569 1325 1643 1364; x_wconf 90' lang='lat' dir='ltr'>sed</span> <span class='ocrx_word' id='word_1_173' title='bbox 1664 1337 1828 1376; x_wconf 87' lang='lat' dir='ltr'>semper</span> 
     </span>
     <span class='ocr_line' id='line_1_20' title="bbox 166 1377 1827 1430; baseline 0.001 -13"><span class='ocrx_word' id='word_1_174' title='bbox 166 1389 204 1412; x_wconf 88' lang='lat'>10</span> <span class='ocrx_word' id='word_1_175' title='bbox 225 1377 544 1430; x_wconf 83' lang='lat' dir='ltr'>diligentissime</span> <span class='ocrx_word' id='word_1_176' title='bbox 570 1378 839 1425; x_wconf 85' lang='lat' dir='ltr'>abstinuisse,</span> <span class='ocrx_word' id='word_1_177' title='bbox 868 1383 912 1418; x_wconf 92' lang='lat' dir='ltr'>et</span> <span class='ocrx_word' id='word_1_178' title='bbox 939 1383 989 1418; x_wconf 84' lang='lat' dir='ltr'>vt</span> <span class='ocrx_word' id='word_1_179' title='bbox 1015 1392 1236 1430; x_wconf 88' lang='lat' dir='ltr'>nunquam</span> <span class='ocrx_word' id='word_1_180' title='bbox 1263 1392 1348 1418; x_wconf 92' lang='lat' dir='ltr'>non</span> <span class='ocrx_word' id='word_1_181' title='bbox 1375 1378 1517 1425; x_wconf 82' lang='lat' dir='ltr'>fuisse,</span> <span class='ocrx_word' id='word_1_182' title='bbox 1545 1380 1608 1418; x_wconf 85' lang='lat' dir='ltr'>ita</span> <span class='ocrx_word' id='word_1_183' title='bbox 1634 1378 1827 1419; x_wconf 83' lang='lat' dir='ltr'>futurum</span> 
     </span>
     <span class='ocr_line' id='line_1_21' title="bbox 226 1432 1829 1484; baseline 0.001 -13"><span class='ocrx_word' id='word_1_184' title='bbox 226 1432 540 1480; x_wconf 88' lang='lat' dir='ltr'>alienissimum,</span> <span class='ocrx_word' id='word_1_185' title='bbox 580 1446 665 1472; x_wconf 90' lang='lat' dir='ltr'>non</span> <span class='ocrx_word' id='word_1_186' title='bbox 702 1437 768 1472; x_wconf 92' lang='lat' dir='ltr'>est</span> <span class='ocrx_word' id='word_1_187' title='bbox 804 1437 854 1472; x_wconf 87' lang='lat' dir='ltr'>vt</span> <span class='ocrx_word' id='word_1_188' title='bbox 889 1434 933 1472; x_wconf 93' lang='lat' dir='ltr'>in</span> <span class='ocrx_word' id='word_1_189' title='bbox 970 1433 1264 1484; x_wconf 88' lang='lat' dir='ltr'>persuadendo</span> <span class='ocrx_word' id='word_1_190' title='bbox 1301 1433 1423 1472; x_wconf 89' lang='lat' dir='ltr'>nobis</span> <span class='ocrx_word' id='word_1_191' title='bbox 1459 1433 1653 1480; x_wconf 91' lang='lat' dir='ltr'>labores;</span> <span class='ocrx_word' id='word_1_192' title='bbox 1706 1433 1829 1473; x_wconf 87' lang='lat' dir='ltr'>facile</span> 
     </span>
     <span class='ocr_line' id='line_1_22' title="bbox 224 1487 1829 1539; baseline 0.001 -14"><span class='ocrx_word' id='word_1_193' title='bbox 224 1487 337 1526; x_wconf 91' lang='lat' dir='ltr'>enim</span> <span class='ocrx_word' id='word_1_194' title='bbox 375 1487 596 1526; x_wconf 89' lang='lat' dir='ltr'>credimus.</span> <span class='ocrx_word' id='word_1_195' title='bbox 664 1487 751 1526; x_wconf 92' lang='lat' dir='ltr'>Nec</span> <span class='ocrx_word' id='word_1_196' title='bbox 789 1500 838 1526; x_wconf 90' lang='lat' dir='ltr'>eo</span> <span class='ocrx_word' id='word_1_197' title='bbox 877 1488 1019 1526; x_wconf 89' lang='lat' dir='ltr'>animo</span> <span class='ocrx_word' id='word_1_198' title='bbox 1057 1489 1363 1527; x_wconf 89' lang='lat' dir='ltr'>seiunctionem</span> <span class='ocrx_word' id='word_1_199' title='bbox 1401 1489 1658 1539; x_wconf 83' lang='lat' dir='ltr'>optauimus,</span> <span class='ocrx_word' id='word_1_200' title='bbox 1699 1493 1749 1527; x_wconf 89' lang='lat' dir='ltr'>vt</span> <span class='ocrx_word' id='word_1_201' title='bbox 1785 1493 1829 1527; x_wconf 88' lang='lat' dir='ltr'>te</span> 
     </span>
     <span class='ocr_line' id='line_1_23' title="bbox 225 1540 1824 1593; baseline 0.001 -13"><span class='ocrx_word' id='word_1_202' title='bbox 225 1540 423 1580; x_wconf 82' lang='lat' dir='ltr'>factionis</span> <span class='ocrx_word' id='word_1_203' title='bbox 449 1541 560 1580; x_wconf 89' lang='lat' dir='ltr'>illius</span> <span class='ocrx_word' id='word_1_204' title='bbox 588 1546 632 1580; x_wconf 90' lang='lat' dir='ltr'>et</span> <span class='ocrx_word' id='word_1_205' title='bbox 659 1541 925 1580; x_wconf 87' lang='lat' dir='ltr'>tumultuum</span> <span class='ocrx_word' id='word_1_206' title='bbox 953 1554 1060 1593; x_wconf 88' lang='lat' dir='ltr'>quos</span> <span class='ocrx_word' id='word_1_207' title='bbox 1087 1543 1306 1588; x_wconf 84' lang='lat' dir='ltr'>excitauit,</span> <span class='ocrx_word' id='word_1_208' title='bbox 1337 1546 1413 1580; x_wconf 89' lang='lat' dir='ltr'>aut</span> <span class='ocrx_word' id='word_1_209' title='bbox 1439 1555 1558 1580; x_wconf 91' lang='lat' dir='ltr'>reum</span> <span class='ocrx_word' id='word_1_210' title='bbox 1586 1547 1663 1581; x_wconf 87' lang='lat' dir='ltr'>aut</span> <span class='ocrx_word' id='word_1_211' title='bbox 1695 1543 1824 1593; x_wconf 88' lang='lat' dir='ltr'>parti-</span> 
     </span>
     <span class='ocr_line' id='line_1_24' title="bbox 225 1595 1829 1647; baseline 0.001 -13"><span class='ocrx_word' id='word_1_212' title='bbox 225 1596 361 1647; x_wconf 88' lang='lat' dir='ltr'>cipem</span> <span class='ocrx_word' id='word_1_213' title='bbox 376 1608 644 1647; x_wconf 85' lang='lat' dir='ltr'>argueremus</span> <span class='ocrx_word' id='word_1_214' title='bbox 665 1609 673 1642; x_wconf 89' lang='lat'>;</span> <span class='ocrx_word' id='word_1_215' title='bbox 704 1595 777 1634; x_wconf 90' lang='lat' dir='ltr'>sed</span> <span class='ocrx_word' id='word_1_216' title='bbox 792 1600 841 1634; x_wconf 82' lang='lat' dir='ltr'>vt</span> <span class='ocrx_word' id='word_1_217' title='bbox 855 1595 910 1634; x_wconf 90' lang='lat' dir='ltr'>ad</span> <span class='ocrx_word' id='word_1_218' title='bbox 923 1596 967 1634; x_wconf 93' lang='lat' dir='ltr'>id</span> <span class='ocrx_word' id='word_1_219' title='bbox 981 1596 1096 1647; x_wconf 87' lang='lat' dir='ltr'>quod</span> <span class='ocrx_word' id='word_1_220' title='bbox 1111 1596 1265 1635; x_wconf 87' lang='lat' dir='ltr'>abhinc</span> <span class='ocrx_word' id='word_1_221' title='bbox 1280 1596 1497 1635; x_wconf 90' lang='lat' dir='ltr'>biennium</span> <span class='ocrx_word' id='word_1_222' title='bbox 1510 1601 1578 1635; x_wconf 92' lang='lat' dir='ltr'>tot</span> <span class='ocrx_word' id='word_1_223' title='bbox 1592 1596 1829 1636; x_wconf 90' lang='lat' dir='ltr'>rationibus</span> 
     </span>
     <span class='ocr_line' id='line_1_25' title="bbox 167 1648 1827 1701; baseline 0.001 -13"><span class='ocrx_word' id='word_1_224' title='bbox 167 1659 202 1692; x_wconf 83' lang='lat'>15</span> <span class='ocrx_word' id='word_1_225' title='bbox 226 1649 509 1701; x_wconf 83' lang='lat' dir='ltr'>vndequaque</span> <span class='ocrx_word' id='word_1_226' title='bbox 552 1648 796 1701; x_wconf 86' lang='lat' dir='ltr'>perquisitis</span> <span class='ocrx_word' id='word_1_227' title='bbox 839 1650 945 1688; x_wconf 90' lang='lat' dir='ltr'>adeo</span> <span class='ocrx_word' id='word_1_228' title='bbox 988 1650 1250 1697; x_wconf 85' lang='lat' dir='ltr'>detrectasti,</span> <span class='ocrx_word' id='word_1_229' title='bbox 1295 1655 1339 1689; x_wconf 89' lang='lat' dir='ltr'>te</span> <span class='ocrx_word' id='word_1_230' title='bbox 1381 1650 1521 1689; x_wconf 89' lang='lat' dir='ltr'>denuo</span> <span class='ocrx_word' id='word_1_231' title='bbox 1564 1650 1827 1698; x_wconf 88' lang='lat' dir='ltr'>adhortarer,</span> 
     </span>
     <span class='ocr_line' id='line_1_26' title="bbox 223 1703 1828 1755; baseline 0.001 -13"><span class='ocrx_word' id='word_1_232' title='bbox 223 1703 446 1743; x_wconf 88' lang='lat' dir='ltr'>incitarem</span> <span class='ocrx_word' id='word_1_233' title='bbox 478 1708 523 1742; x_wconf 88' lang='lat' dir='ltr'>et</span> <span class='ocrx_word' id='word_1_234' title='bbox 556 1705 708 1755; x_wconf 86' lang='lat' dir='ltr'>quouis</span> <span class='ocrx_word' id='word_1_235' title='bbox 741 1704 868 1742; x_wconf 90' lang='lat' dir='ltr'>modo</span> <span class='ocrx_word' id='word_1_236' title='bbox 900 1704 1172 1755; x_wconf 87' lang='lat' dir='ltr'>impellerem,</span> <span class='ocrx_word' id='word_1_237' title='bbox 1207 1704 1405 1743; x_wconf 87' lang='lat' dir='ltr'>videlicet</span> <span class='ocrx_word' id='word_1_238' title='bbox 1438 1704 1494 1742; x_wconf 89' lang='lat' dir='ltr'>ad</span> <span class='ocrx_word' id='word_1_239' title='bbox 1526 1704 1828 1744; x_wconf 82' lang='lat' dir='ltr'>vindicandam</span> 
     </span>
     <span class='ocr_line' id='line_1_27' title="bbox 225 1757 1664 1809; baseline 0.001 -13"><span class='ocrx_word' id='word_1_240' title='bbox 225 1757 305 1796; x_wconf 91' lang='lat' dir='ltr'>Dei</span> <span class='ocrx_word' id='word_1_241' title='bbox 327 1757 559 1796; x_wconf 88' lang='lat' dir='ltr'>Ecclesiam</span> <span class='ocrx_word' id='word_1_242' title='bbox 582 1771 608 1796; x_wconf 90' lang='lat' dir='ltr'>a</span> <span class='ocrx_word' id='word_1_243' title='bbox 630 1762 698 1797; x_wconf 91' lang='lat' dir='ltr'>tot</span> <span class='ocrx_word' id='word_1_244' title='bbox 720 1757 970 1809; x_wconf 83' lang='lat' dir='ltr'>prodigiosis</span> <span class='ocrx_word' id='word_1_245' title='bbox 992 1762 1037 1797; x_wconf 89' lang='lat' dir='ltr'>et</span> <span class='ocrx_word' id='word_1_246' title='bbox 1058 1758 1356 1797; x_wconf 88' lang='lat' dir='ltr'>abominandis</span> <span class='ocrx_word' id='word_1_247' title='bbox 1378 1758 1664 1809; x_wconf 88' lang='lat' dir='ltr'>dogmatibus.</span> 
     </span>
     <span class='ocr_line' id='line_1_28' title="bbox 281 1811 1827 1864; baseline 0.001 -14"><span class='ocrx_word' id='word_1_248' title='bbox 281 1811 536 1864; x_wconf 80' lang='lat' dir='ltr'>Quanquam</span> <span class='ocrx_word' id='word_1_249' title='bbox 561 1813 719 1851; x_wconf 91' lang='lat' dir='ltr'>etenim</span> <span class='ocrx_word' id='word_1_250' title='bbox 744 1825 830 1852; x_wconf 90' lang='lat' dir='ltr'>non</span> <span class='ocrx_word' id='word_1_251' title='bbox 855 1812 983 1851; x_wconf 90' lang='lat' dir='ltr'>semel</span> <span class='ocrx_word' id='word_1_252' title='bbox 1007 1817 1193 1852; x_wconf 91' lang='lat' dir='ltr'>testatus</span> <span class='ocrx_word' id='word_1_253' title='bbox 1218 1813 1274 1851; x_wconf 88' lang='lat' dir='ltr'>sis</span> <span class='ocrx_word' id='word_1_254' title='bbox 1298 1812 1378 1851; x_wconf 90' lang='lat' dir='ltr'>tibi</span> <span class='ocrx_word' id='word_1_255' title='bbox 1404 1812 1579 1852; x_wconf 89' lang='lat' dir='ltr'>Lutheri</span> <span class='ocrx_word' id='word_1_256' title='bbox 1604 1813 1827 1852; x_wconf 80' lang='lat' dir='ltr'>effrontem</span> 
     </span>
     <span class='ocr_line' id='line_1_29' title="bbox 224 1866 1826 1914; baseline 0.001 -9"><span class='ocrx_word' id='word_1_257' title='bbox 224 1866 560 1913; x_wconf 69' lang='lat' dir='ltr'>immodestiam,</span> <span class='ocrx_word' id='word_1_258' title='bbox 586 1866 759 1906; x_wconf 89' lang='lat' dir='ltr'>cauillos</span> <span class='ocrx_word' id='word_1_259' title='bbox 790 1870 834 1906; x_wconf 91' lang='lat' dir='ltr'>et</span> <span class='ocrx_word' id='word_1_260' title='bbox 865 1872 1114 1914; x_wconf 87' lang='lat' dir='ltr'>scommata,</span> <span class='ocrx_word' id='word_1_261' title='bbox 1147 1880 1196 1906; x_wconf 90' lang='lat' dir='ltr'>ac</span> <span class='ocrx_word' id='word_1_262' title='bbox 1228 1866 1569 1906; x_wconf 89' lang='lat' dir='ltr'>Lutheranorum</span> <span class='ocrx_word' id='word_1_263' title='bbox 1601 1867 1826 1907; x_wconf 87' lang='lat' dir='ltr'>seditiosis·</span> 
     </span>
     <span class='ocr_line' id='line_1_30' title="bbox 163 1920 1828 1974; baseline 0.001 -15"><span class='ocrx_word' id='word_1_264' title='bbox 163 1931 205 1953; x_wconf 83' lang='lat'>20</span> <span class='ocrx_word' id='word_1_265' title='bbox 224 1921 352 1959; x_wconf 87' lang='lat' dir='ltr'>simos</span> <span class='ocrx_word' id='word_1_266' title='bbox 372 1920 584 1960; x_wconf 89' lang='lat' dir='ltr'>tumultus</span> <span class='ocrx_word' id='word_1_267' title='bbox 609 1922 794 1960; x_wconf 84' lang='lat' dir='ltr'>maxime</span> <span class='ocrx_word' id='word_1_268' title='bbox 813 1922 1004 1960; x_wconf 90' lang='lat' dir='ltr'>omnium</span> <span class='ocrx_word' id='word_1_269' title='bbox 1024 1921 1256 1973; x_wconf 87' lang='lat' dir='ltr'>displicere,</span> <span class='ocrx_word' id='word_1_270' title='bbox 1276 1923 1475 1973; x_wconf 91' lang='lat' dir='ltr'>ipsosque</span> <span class='ocrx_word' id='word_1_271' title='bbox 1499 1922 1603 1961; x_wconf 90' lang='lat' dir='ltr'>satis</span> <span class='ocrx_word' id='word_1_272' title='bbox 1627 1921 1828 1974; x_wconf 88' lang='lat' dir='ltr'>grauibus</span> 
     </span>
     <span class='ocr_line' id='line_1_31' title="bbox 224 1975 1826 2028; baseline 0.001 -15"><span class='ocrx_word' id='word_1_273' title='bbox 224 1975 461 2014; x_wconf 86' lang='lat' dir='ltr'>rationibus</span> <span class='ocrx_word' id='word_1_274' title='bbox 505 1975 822 2026; x_wconf 88' lang='lat' dir='ltr'>reprehenderis</span> <span class='ocrx_word' id='word_1_275' title='bbox 867 1975 1198 2028; x_wconf 79' lang='lat' dir='ltr'>confutarisque,</span> <span class='ocrx_word' id='word_1_276' title='bbox 1246 1980 1440 2015; x_wconf 89' lang='lat' dir='ltr'>attamen</span> <span class='ocrx_word' id='word_1_277' title='bbox 1485 1980 1585 2015; x_wconf 89' lang='lat' dir='ltr'>ante</span> <span class='ocrx_word' id='word_1_278' title='bbox 1631 1977 1826 2015; x_wconf 84' lang='lat' dir='ltr'>emissam</span> 
     </span>
     <span class='ocr_line' id='line_1_32' title="bbox 223 2028 1827 2077; baseline 0.001 -10"><span class='ocrx_word' id='word_1_279' title='bbox 223 2028 339 2068; x_wconf 89' lang='lat' dir='ltr'>illam</span> <span class='ocrx_word' id='word_1_280' title='bbox 367 2029 636 2069; x_wconf 90' lang='lat' dir='ltr'>collationem</span> <span class='ocrx_word' id='word_1_281' title='bbox 663 2029 727 2068; x_wconf 92' lang='lat' dir='ltr'>De</span> <span class='ocrx_word' id='word_1_282' title='bbox 752 2029 885 2069; x_wconf 88' lang='lat' dir='ltr'>libero</span> <span class='ocrx_word' id='word_1_283' title='bbox 912 2029 1101 2077; x_wconf 90' lang='lat' dir='ltr'>arbitrio,</span> <span class='ocrx_word' id='word_1_284' title='bbox 1129 2030 1235 2069; x_wconf 89' lang='lat' dir='ltr'>nihil</span> <span class='ocrx_word' id='word_1_285' title='bbox 1260 2029 1344 2069; x_wconf 78' lang='lat' dir='ltr'>fuit</span> <span class='ocrx_word' id='word_1_286' title='bbox 1371 2030 1426 2068; x_wconf 90' lang='lat' dir='ltr'>ad</span> <span class='ocrx_word' id='word_1_287' title='bbox 1461 2043 1538 2069; x_wconf 91' lang='lat' dir='ltr'>nos</span> <span class='ocrx_word' id='word_1_288' title='bbox 1572 2030 1750 2069; x_wconf 89' lang='lat' dir='ltr'>allatum</span> <span class='ocrx_word' id='word_1_289' title='bbox 1783 2032 1827 2069; x_wconf 92' lang='lat' dir='ltr'>in</span> 
     </span>
     <span class='ocr_line' id='line_1_33' title="bbox 224 2084 1826 2136; baseline 0.002 -15"><span class='ocrx_word' id='word_1_290' title='bbox 224 2096 308 2134; x_wconf 87' lang='lat' dir='ltr'>quo</span> <span class='ocrx_word' id='word_1_291' title='bbox 335 2088 480 2135; x_wconf 89' lang='lat' dir='ltr'>aperte</span> <span class='ocrx_word' id='word_1_292' title='bbox 505 2085 791 2135; x_wconf 88' lang='lat' dir='ltr'>potuissemus</span> <span class='ocrx_word' id='word_1_293' title='bbox 817 2097 1065 2136; x_wconf 86' lang='lat' dir='ltr'>cognoscere</span> <span class='ocrx_word' id='word_1_294' title='bbox 1091 2084 1207 2136; x_wconf 91' lang='lat' dir='ltr'>quod</span> <span class='ocrx_word' id='word_1_295' title='bbox 1233 2084 1287 2123; x_wconf 89' lang='lat' dir='ltr'>ab</span> <span class='ocrx_word' id='word_1_296' title='bbox 1312 2085 1445 2136; x_wconf 83' lang='lat' dir='ltr'>ipsius</span> <span class='ocrx_word' id='word_1_297' title='bbox 1470 2084 1650 2124; x_wconf 90' lang='lat' dir='ltr'>decretis</span> <span class='ocrx_word' id='word_1_298' title='bbox 1676 2085 1826 2124; x_wconf 89' lang='lat' dir='ltr'>discre-</span> 
     </span>
     <span class='ocr_line' id='line_1_34' title="bbox 224 2138 1826 2190; baseline 0.001 -14"><span class='ocrx_word' id='word_1_299' title='bbox 224 2138 373 2188; x_wconf 88' lang='lat' dir='ltr'>pantia</span> <span class='ocrx_word' id='word_1_300' title='bbox 411 2142 456 2177; x_wconf 89' lang='lat' dir='ltr'>et</span> <span class='ocrx_word' id='word_1_301' title='bbox 488 2151 540 2176; x_wconf 82' lang='lat' dir='ltr'>ex</span> <span class='ocrx_word' id='word_1_302' title='bbox 572 2151 682 2190; x_wconf 90' lang='lat' dir='ltr'>equo</span> <span class='ocrx_word' id='word_1_303' title='bbox 713 2140 951 2190; x_wconf 87' lang='lat' dir='ltr'>pugnantia</span> <span class='ocrx_word' id='word_1_304' title='bbox 980 2139 1184 2178; x_wconf 89' lang='lat' dir='ltr'>docueris.</span> <span class='ocrx_word' id='word_1_305' title='bbox 1255 2138 1500 2186; x_wconf 79' lang='lat' dir='ltr'>Quinimmo</span> <span class='ocrx_word' id='word_1_306' title='bbox 1529 2152 1616 2178; x_wconf 92' lang='lat' dir='ltr'>non</span> <span class='ocrx_word' id='word_1_307' title='bbox 1652 2143 1826 2178; x_wconf 87' lang='lat' dir='ltr'>tantum</span> 
     </span>
     <span class='ocr_line' id='line_1_35' title="bbox 163 2191 1824 2244; baseline 0.002 -15"><span class='ocrx_word' id='word_1_308' title='bbox 163 2202 202 2234; x_wconf 79' lang='lat'>25</span> <span class='ocrx_word' id='word_1_309' title='bbox 226 2191 351 2242; x_wconf 82' lang='lat' dir='ltr'>vulgo</span> <span class='ocrx_word' id='word_1_310' title='bbox 381 2204 630 2242; x_wconf 88' lang='lat' dir='ltr'>persuasum</span> <span class='ocrx_word' id='word_1_311' title='bbox 658 2192 742 2231; x_wconf 84' lang='lat' dir='ltr'>fuit</span> <span class='ocrx_word' id='word_1_312' title='bbox 770 2197 814 2231; x_wconf 89' lang='lat' dir='ltr'>te</span> <span class='ocrx_word' id='word_1_313' title='bbox 844 2197 893 2231; x_wconf 85' lang='lat' dir='ltr'>vt</span> <span class='ocrx_word' id='word_1_314' title='bbox 922 2194 966 2232; x_wconf 91' lang='lat' dir='ltr'>in</span> <span class='ocrx_word' id='word_1_315' title='bbox 995 2193 1226 2244; x_wconf 88' lang='lat' dir='ltr'>plurimum</span> <span class='ocrx_word' id='word_1_316' title='bbox 1255 2206 1299 2231; x_wconf 87' lang='lat' dir='ltr'>re</span> <span class='ocrx_word' id='word_1_317' title='bbox 1327 2194 1420 2244; x_wconf 89' lang='lat' dir='ltr'>ipsa</span> <span class='ocrx_word' id='word_1_318' title='bbox 1449 2193 1586 2232; x_wconf 89' lang='lat' dir='ltr'>eidem</span> <span class='ocrx_word' id='word_1_319' title='bbox 1616 2194 1824 2240; x_wconf 84' lang='lat' dir='ltr'>assentiri,</span> 
     </span>
     <span class='ocr_line' id='line_1_36' title="bbox 223 2245 1827 2298; baseline 0.001 -14"><span class='ocrx_word' id='word_1_320' title='bbox 223 2245 411 2297; x_wconf 89' lang='lat' dir='ltr'>nihilque</span> <span class='ocrx_word' id='word_1_321' title='bbox 455 2246 570 2284; x_wconf 90' lang='lat' dir='ltr'>aliud</span> <span class='ocrx_word' id='word_1_322' title='bbox 612 2259 742 2297; x_wconf 89' lang='lat' dir='ltr'>quam</span> <span class='ocrx_word' id='word_1_323' title='bbox 784 2247 964 2298; x_wconf 88' lang='lat' dir='ltr'>impium</span> <span class='ocrx_word' id='word_1_324' title='bbox 1005 2247 1125 2285; x_wconf 88' lang='lat' dir='ltr'>illum</span> <span class='ocrx_word' id='word_1_325' title='bbox 1168 2252 1211 2286; x_wconf 92' lang='lat' dir='ltr'>et</span> <span class='ocrx_word' id='word_1_326' title='bbox 1254 2247 1568 2286; x_wconf 87' lang='lat' dir='ltr'>tumultuosum</span> <span class='ocrx_word' id='word_1_327' title='bbox 1610 2247 1827 2287; x_wconf 88' lang='lat' dir='ltr'>tractandi</span> 
     </span>
     <span class='ocr_line' id='line_1_37' title="bbox 225 2299 1825 2353; baseline 0.002 -15"><span class='ocrx_word' id='word_1_328' title='bbox 225 2299 399 2338; x_wconf 91' lang='lat' dir='ltr'>modum</span> <span class='ocrx_word' id='word_1_329' title='bbox 421 2299 636 2347; x_wconf 87' lang='lat' dir='ltr'>damnare,</span> <span class='ocrx_word' id='word_1_330' title='bbox 660 2301 734 2339; x_wconf 89' lang='lat' dir='ltr'>sed</span> <span class='ocrx_word' id='word_1_331' title='bbox 755 2305 799 2339; x_wconf 93' lang='lat' dir='ltr'>et</span> <span class='ocrx_word' id='word_1_332' title='bbox 820 2300 1052 2340; x_wconf 88' lang='lat' dir='ltr'>Lutherani</span> <span class='ocrx_word' id='word_1_333' title='bbox 1073 2302 1153 2352; x_wconf 91' lang='lat' dir='ltr'>ipsi</span> <span class='ocrx_word' id='word_1_334' title='bbox 1174 2302 1218 2340; x_wconf 92' lang='lat' dir='ltr'>in</span> <span class='ocrx_word' id='word_1_335' title='bbox 1240 2301 1318 2340; x_wconf 93' lang='lat' dir='ltr'>hoc</span> <span class='ocrx_word' id='word_1_336' title='bbox 1339 2301 1507 2353; x_wconf 88' lang='lat' dir='ltr'>gloriati</span> <span class='ocrx_word' id='word_1_337' title='bbox 1528 2305 1642 2348; x_wconf 90' lang='lat' dir='ltr'>sunt,</span> <span class='ocrx_word' id='word_1_338' title='bbox 1665 2306 1709 2341; x_wconf 90' lang='lat' dir='ltr'>et</span> <span class='ocrx_word' id='word_1_339' title='bbox 1730 2314 1825 2341; x_wconf 90' lang='lat' dir='ltr'>con-</span> 
     </span>
     <span class='ocr_line' id='line_1_38' title="bbox 224 2354 1826 2406; baseline 0.002 -14"><span class='ocrx_word' id='word_1_340' title='bbox 224 2358 388 2393; x_wconf 88' lang='lat' dir='ltr'>stanter</span> <span class='ocrx_word' id='word_1_341' title='bbox 424 2367 636 2394; x_wconf 88' lang='lat' dir='ltr'>asseruere</span> <span class='ocrx_word' id='word_1_342' title='bbox 670 2360 714 2394; x_wconf 89' lang='lat' dir='ltr'>te</span> <span class='ocrx_word' id='word_1_343' title='bbox 749 2354 804 2394; x_wconf 90' lang='lat' dir='ltr'>ab</span> <span class='ocrx_word' id='word_1_344' title='bbox 839 2356 1028 2406; x_wconf 89' lang='lat' dir='ltr'>ipsorum</span> <span class='ocrx_word' id='word_1_345' title='bbox 1064 2360 1186 2406; x_wconf 87' lang='lat' dir='ltr'>parte</span> <span class='ocrx_word' id='word_1_346' title='bbox 1221 2359 1362 2402; x_wconf 84' lang='lat' dir='ltr'>stare;</span> <span class='ocrx_word' id='word_1_347' title='bbox 1413 2355 1542 2406; x_wconf 89' lang='lat' dir='ltr'>idque</span> <span class='ocrx_word' id='word_1_348' title='bbox 1577 2368 1664 2394; x_wconf 91' lang='lat' dir='ltr'>non</span> <span class='ocrx_word' id='word_1_349' title='bbox 1698 2355 1826 2395; x_wconf 90' lang='lat' dir='ltr'>semel</span> 
     </span>
     <span class='ocr_line' id='line_1_39' title="bbox 223 2408 1824 2462; baseline 0.001 -15"><span class='ocrx_word' id='word_1_350' title='bbox 223 2408 303 2447; x_wconf 88' lang='lat' dir='ltr'>tibi</span> <span class='ocrx_word' id='word_1_351' title='bbox 326 2420 351 2447; x_wconf 89' lang='lat' dir='ltr'>a</span> <span class='ocrx_word' id='word_1_352' title='bbox 373 2410 459 2448; x_wconf 90' lang='lat' dir='ltr'>tuis</span> <span class='ocrx_word' id='word_1_353' title='bbox 482 2409 608 2448; x_wconf 90' lang='lat' dir='ltr'>Zoilis</span> <span class='ocrx_word' id='word_1_354' title='bbox 631 2409 845 2449; x_wconf 88' lang='lat' dir='ltr'>obiectum</span> <span class='ocrx_word' id='word_1_355' title='bbox 869 2414 913 2448; x_wconf 89' lang='lat' dir='ltr'>et</span> <span class='ocrx_word' id='word_1_356' title='bbox 935 2422 961 2448; x_wconf 88' lang='lat' dir='ltr'>a</span> <span class='ocrx_word' id='word_1_357' title='bbox 983 2414 1026 2449; x_wconf 92' lang='lat' dir='ltr'>te</span> <span class='ocrx_word' id='word_1_358' title='bbox 1049 2409 1273 2461; x_wconf 91' lang='lat' dir='ltr'>depulsum</span> <span class='ocrx_word' id='word_1_359' title='bbox 1296 2414 1374 2448; x_wconf 88' lang='lat' dir='ltr'>est.</span> <span class='ocrx_word' id='word_1_360' title='bbox 1426 2409 1485 2448; x_wconf 87' lang='lat' dir='ltr'>At</span> <span class='ocrx_word' id='word_1_361' title='bbox 1508 2423 1633 2457; x_wconf 91' lang='lat' dir='ltr'>nunc,</span> <span class='ocrx_word' id='word_1_362' title='bbox 1658 2415 1824 2462; x_wconf 86' lang='lat' dir='ltr'>postea·</span> 
     </span>
     <span class='ocr_line' id='line_1_40' title="bbox 163 2463 1825 2516; baseline -0.001 -12"><span class='ocrx_word' id='word_1_363' title='bbox 163 2473 205 2504; x_wconf 85' lang='lat'>30</span> <span class='ocrx_word' id='word_1_364' title='bbox 223 2475 354 2514; x_wconf 89' lang='lat' dir='ltr'>quam</span> <span class='ocrx_word' id='word_1_365' title='bbox 393 2463 637 2502; x_wconf 80' lang='lat' dir='ltr'>intellexere</span> <span class='ocrx_word' id='word_1_366' title='bbox 676 2463 792 2515; x_wconf 91' lang='lat' dir='ltr'>quod</span> <span class='ocrx_word' id='word_1_367' title='bbox 831 2468 977 2514; x_wconf 89' lang='lat' dir='ltr'>aperte</span> <span class='ocrx_word' id='word_1_368' title='bbox 1017 2464 1323 2503; x_wconf 81' lang='lat' dir='ltr'>contradixeris</span> <span class='ocrx_word' id='word_1_369' title='bbox 1362 2468 1406 2502; x_wconf 93' lang='lat' dir='ltr'>et</span> <span class='ocrx_word' id='word_1_370' title='bbox 1446 2465 1597 2503; x_wconf 86' lang='lat' dir='ltr'>seriam</span> <span class='ocrx_word' id='word_1_371' title='bbox 1637 2477 1825 2516; x_wconf 87' lang='lat' dir='ltr'>pugnam</span> 
     </span>
     <span class='ocr_line' id='line_1_41' title="bbox 222 2517 1826 2570; baseline 0.001 -15"><span class='ocrx_word' id='word_1_372' title='bbox 222 2517 475 2564; x_wconf 55' lang='lat' dir='ltr'>exhibueris</span> <span class='ocrx_word' id='word_1_373' title='bbox 501 2519 616 2557; x_wconf 91' lang='lat' dir='ltr'>omni</span> <span class='ocrx_word' id='word_1_374' title='bbox 640 2530 713 2569; x_wconf 92' lang='lat' dir='ltr'>spe</span> <span class='ocrx_word' id='word_1_375' title='bbox 737 2518 889 2557; x_wconf 89' lang='lat' dir='ltr'>deiecti</span> <span class='ocrx_word' id='word_1_376' title='bbox 912 2522 1013 2557; x_wconf 91' lang='lat' dir='ltr'>sunt</span> <span class='ocrx_word' id='word_1_377' title='bbox 1036 2522 1079 2557; x_wconf 89' lang='lat' dir='ltr'>et</span> <span class='ocrx_word' id='word_1_378' title='bbox 1103 2519 1254 2557; x_wconf 89' lang='lat' dir='ltr'>animis</span> <span class='ocrx_word' id='word_1_379' title='bbox 1279 2518 1475 2557; x_wconf 90' lang='lat' dir='ltr'>cecidere.</span> <span class='ocrx_word' id='word_1_380' title='bbox 1529 2518 1704 2557; x_wconf 87' lang='lat' dir='ltr'>Vtinam</span> <span class='ocrx_word' id='word_1_381' title='bbox 1729 2531 1826 2570; x_wconf 83' lang='lat' dir='ltr'>ergo</span> 
     </span>
     <span class='ocr_line' id='line_1_42' title="bbox 223 2572 1826 2624; baseline 0.001 -15"><span class='ocrx_word' id='word_1_382' title='bbox 223 2572 371 2610; x_wconf 87' lang='lat' dir='ltr'>statim</span> <span class='ocrx_word' id='word_1_383' title='bbox 408 2584 434 2610; x_wconf 92' lang='lat' dir='ltr'>a</span> <span class='ocrx_word' id='word_1_384' title='bbox 470 2573 677 2623; x_wconf 89' lang='lat' dir='ltr'>principio</span> <span class='ocrx_word' id='word_1_385' title='bbox 714 2572 993 2622; x_wconf 89' lang='lat' dir='ltr'>prodentibus</span> <span class='ocrx_word' id='word_1_386' title='bbox 1030 2586 1073 2611; x_wconf 92' lang='lat' dir='ltr'>se</span> <span class='ocrx_word' id='word_1_387' title='bbox 1110 2572 1326 2611; x_wconf 88' lang='lat' dir='ltr'>heresibus</span> <span class='ocrx_word' id='word_1_388' title='bbox 1361 2573 1490 2611; x_wconf 88' lang='lat' dir='ltr'>istam</span> <span class='ocrx_word' id='word_1_389' title='bbox 1528 2573 1826 2624; x_wconf 88' lang='lat' dir='ltr'>assumpsisses</span> 
     </span>
     <span class='ocr_line' id='line_1_43' title="bbox 223 2626 1826 2678; baseline 0.001 -15"><span class='ocrx_word' id='word_1_390' title='bbox 223 2626 510 2675; x_wconf 86' lang='lat' dir='ltr'>prouintiam!</span> <span class='ocrx_word' id='word_1_391' title='bbox 556 2639 633 2665; x_wconf 92' lang='lat' dir='ltr'>nec</span> <span class='ocrx_word' id='word_1_392' title='bbox 661 2628 774 2665; x_wconf 88' lang='lat' dir='ltr'>enim</span> <span class='ocrx_word' id='word_1_393' title='bbox 802 2627 909 2665; x_wconf 90' lang='lat' dir='ltr'>adeo</span> <span class='ocrx_word' id='word_1_394' title='bbox 935 2626 1066 2665; x_wconf 83' lang='lat' dir='ltr'>factio</span> <span class='ocrx_word' id='word_1_395' title='bbox 1094 2627 1166 2665; x_wconf 90' lang='lat' dir='ltr'>illa</span> <span class='ocrx_word' id='word_1_396' title='bbox 1192 2626 1482 2666; x_wconf 90' lang='lat' dir='ltr'>increbuisset.</span> <span class='ocrx_word' id='word_1_397' title='bbox 1540 2626 1696 2666; x_wconf 89' lang='lat' dir='ltr'>Verum</span> <span class='ocrx_word' id='word_1_398' title='bbox 1725 2628 1826 2678; x_wconf 91' lang='lat' dir='ltr'>quia</span> 
     </span>
     <span class='ocr_line' id='line_1_44' title="bbox 224 2679 1825 2732; baseline 0.001 -15"><span class='ocrx_word' id='word_1_399' title='bbox 224 2679 381 2718; x_wconf 88' lang='lat' dir='ltr'>silentii</span> <span class='ocrx_word' id='word_1_400' title='bbox 425 2681 491 2718; x_wconf 88' lang='lat' dir='ltr'>tui</span> <span class='ocrx_word' id='word_1_401' title='bbox 536 2693 710 2731; x_wconf 89' lang='lat' dir='ltr'>grauem</span> <span class='ocrx_word' id='word_1_402' title='bbox 756 2685 974 2719; x_wconf 89' lang='lat' dir='ltr'>auctorem</span> <span class='ocrx_word' id='word_1_403' title='bbox 1021 2680 1182 2731; x_wconf 86' lang='lat' dir='ltr'>profers</span> <span class='ocrx_word' id='word_1_404' title='bbox 1227 2686 1271 2720; x_wconf 93' lang='lat' dir='ltr'>et</span> <span class='ocrx_word' id='word_1_405' title='bbox 1316 2680 1565 2719; x_wconf 82' lang='lat' dir='ltr'>manifestas</span> <span class='ocrx_word' id='word_1_406' title='bbox 1614 2681 1825 2732; x_wconf 89' lang='lat' dir='ltr'>polliceris</span> 
     </span>
     <span class='ocr_line' id='line_1_45' title="bbox 165 2734 1826 2785; baseline 0.002 -15"><span class='ocrx_word' id='word_1_407' title='bbox 165 2742 203 2775; x_wconf 86' lang='grc'>35</span> <span class='ocrx_word' id='word_1_408' title='bbox 223 2734 422 2780; x_wconf 89' lang='lat' dir='ltr'>rationes,</span> <span class='ocrx_word' id='word_1_409' title='bbox 449 2734 554 2772; x_wconf 86' lang='lat' dir='ltr'>nihil</span> <span class='ocrx_word' id='word_1_410' title='bbox 578 2734 818 2785; x_wconf 90' lang='lat' dir='ltr'>neglectum</span> <span class='ocrx_word' id='word_1_411' title='bbox 844 2735 1159 2782; x_wconf 89' lang='lat' dir='ltr'>arbitrabimur,</span> <span class='ocrx_word' id='word_1_412' title='bbox 1187 2736 1222 2774; x_wconf 90' lang='lat' dir='ltr'>si</span> <span class='ocrx_word' id='word_1_413' title='bbox 1247 2735 1386 2773; x_wconf 88' lang='lat' dir='ltr'>adhuc</span> <span class='ocrx_word' id='word_1_414' title='bbox 1411 2736 1455 2773; x_wconf 92' lang='lat' dir='ltr'>in</span> <span class='ocrx_word' id='word_1_415' title='bbox 1481 2735 1756 2773; x_wconf 88' lang='lat' dir='ltr'>adseruandis</span> <span class='ocrx_word' id='word_1_416' title='bbox 1781 2738 1826 2774; x_wconf 89' lang='lat' dir='ltr'>et</span> 
     </span>
     <span class='ocr_line' id='line_1_46' title="bbox 224 2787 1823 2840; baseline 0.002 -15"><span class='ocrx_word' id='word_1_417' title='bbox 224 2787 458 2826; x_wconf 89' lang='lat' dir='ltr'>asserendis</span> <span class='ocrx_word' id='word_1_418' title='bbox 474 2789 600 2835; x_wconf 87' lang='lat' dir='ltr'>votis,</span> <span class='ocrx_word' id='word_1_419' title='bbox 619 2794 662 2827; x_wconf 90' lang='lat' dir='ltr'>et</span> <span class='ocrx_word' id='word_1_420' title='bbox 679 2789 771 2827; x_wconf 90' lang='lat' dir='ltr'>aliis</span> <span class='ocrx_word' id='word_1_421' title='bbox 788 2802 870 2840; x_wconf 91' lang='lat' dir='ltr'>que</span> <span class='ocrx_word' id='word_1_422' title='bbox 886 2790 1008 2840; x_wconf 88' lang='lat' dir='ltr'>quasi</span> <span class='ocrx_word' id='word_1_423' title='bbox 1025 2802 1098 2840; x_wconf 87' lang='lat' dir='ltr'>per</span> <span class='ocrx_word' id='word_1_424' title='bbox 1115 2802 1267 2828; x_wconf 89' lang='lat' dir='ltr'>manus</span> <span class='ocrx_word' id='word_1_425' title='bbox 1283 2802 1309 2828; x_wconf 92' lang='lat' dir='ltr'>a</span> <span class='ocrx_word' id='word_1_426' title='bbox 1325 2789 1555 2828; x_wconf 89' lang='lat' dir='ltr'>maioribus</span> <span class='ocrx_word' id='word_1_427' title='bbox 1571 2790 1823 2840; x_wconf 88' lang='lat' dir='ltr'>accepimus,</span> 
     </span>
    </p>
   </div>
   <div class='ocr_carea' id='block_1_7' title="bbox 344 2873 554 2877">
    <p class='ocr_par' dir='ltr' id='par_1_7' title="bbox 344 2873 554 2877">
     <span class='ocr_line' id='line_1_47' title="bbox 344 2873 554 2877; baseline 0 0"><span class='ocrx_word' id='word_1_428' title='bbox 344 2873 554 2877; x_wconf 95' lang='lat' dir='ltr'> </span> 
     </span>
    </p>
   </div>
   <div class='ocr_carea' id='block_1_8' title="bbox 269 2913 1763 3087">
    <p class='ocr_par' dir='ltr' id='par_1_8' title="bbox 269 2913 1763 3001">
     <span class='ocr_line' id='line_1_48' title="bbox 273 2913 1763 2957; baseline 0.001 -12"><span class='ocrx_word' id='word_1_429' title='bbox 273 2921 299 2944; x_wconf 91' lang='lat'>1.</span> <span class='ocrx_word' id='word_1_430' title='bbox 327 2914 525 2953; x_wconf 83' lang='lat' dir='ltr'>Dominica]</span> <span class='ocrx_word' id='word_1_431' title='bbox 541 2923 583 2955; x_wconf 85' lang='lat'>30</span> <span class='ocrx_word' id='word_1_432' title='bbox 600 2914 678 2948; x_wconf 87' lang='lat' dir='ltr'>Oct.</span> <span class='ocrx_word' id='word_1_433' title='bbox 698 2924 793 2957; x_wconf 88' lang='lat'>1524.</span> <span class='ocrx_word' id='word_1_434' title='bbox 1106 2925 1154 2955; x_wconf 84' lang='lat'>14.</span> <span class='ocrx_word' id='word_1_435' title='bbox 1180 2915 1308 2948; x_wconf 85' lang='lat' dir='ltr'>abhinc</span> <span class='ocrx_word' id='word_1_436' title='bbox 1323 2913 1516 2955; x_wconf 87' lang='lat' dir='ltr'>biennium]</span> <span class='ocrx_word' id='word_1_437' title='bbox 1530 2914 1572 2947; x_wconf 91' lang='lat' dir='ltr'>In</span> <span class='ocrx_word' id='word_1_438' title='bbox 1586 2914 1650 2957; x_wconf 88' lang='lat' dir='ltr'>Ep.</span> <span class='ocrx_word' id='word_1_439' title='bbox 1670 2923 1763 2955; x_wconf 84' lang='lat'>1313.</span> 
     </span>
     <span class='ocr_line' id='line_1_49' title="bbox 269 2956 1483 3001; baseline 0.003 -14"><span class='ocrx_word' id='word_1_440' title='bbox 269 2966 299 2987; x_wconf 90' lang='lat'>2.</span> <span class='ocrx_word' id='word_1_441' title='bbox 324 2956 438 2995; x_wconf 82' lang='lat' dir='ltr'>litere]</span> <span class='ocrx_word' id='word_1_442' title='bbox 455 2958 519 3000; x_wconf 92' lang='lat' dir='ltr'>Ep.</span> <span class='ocrx_word' id='word_1_443' title='bbox 542 2968 635 2998; x_wconf 85' lang='lat'>1499.</span> <span class='ocrx_word' id='word_1_444' title='bbox 1102 2968 1155 2998; x_wconf 84' lang='lat'>24.</span> <span class='ocrx_word' id='word_1_445' title='bbox 1180 2957 1286 3001; x_wconf 88' lang='lat' dir='ltr'>equo]</span> <span class='ocrx_word' id='word_1_446' title='bbox 1301 2969 1344 2990; x_wconf 78' lang='lat' dir='ltr'>sc.</span> <span class='ocrx_word' id='word_1_447' title='bbox 1360 2969 1483 3000; x_wconf 86' lang='lat' dir='ltr'>aequo.</span> 
     </span>
    </p>

    <p class='ocr_par' dir='ltr' id='par_1_9' title="bbox 271 3001 1672 3087">
     <span class='ocr_line' id='line_1_50' title="bbox 311 3001 1672 3043; baseline 0.001 -12"><span class='ocrx_word' id='word_1_448' title='bbox 311 3001 479 3042; x_wconf 88' lang='lat' dir='ltr'>epistolae</span> <span class='ocrx_word' id='word_1_449' title='bbox 496 3001 652 3040; x_wconf 87' lang='lat' dir='ltr'>nostrae]</span> <span class='ocrx_word' id='word_1_450' title='bbox 669 3002 733 3043; x_wconf 91' lang='lat' dir='ltr'>Ep.</span> <span class='ocrx_word' id='word_1_451' title='bbox 758 3004 851 3042; x_wconf 79' lang='lat'>1448.</span> <span class='ocrx_word' id='word_1_452' title='bbox 1103 3011 1154 3041; x_wconf 87' lang='lat'>30.</span> <span class='ocrx_word' id='word_1_453' title='bbox 1179 3002 1394 3040; x_wconf 85' lang='lat' dir='ltr'>intellexere]</span> <span class='ocrx_word' id='word_1_454' title='bbox 1411 3013 1454 3034; x_wconf 75' lang='lat' dir='ltr'>sc.</span> <span class='ocrx_word' id='word_1_455' title='bbox 1472 3002 1672 3034; x_wconf 87' lang='lat' dir='ltr'>Lutherani.</span> 
     </span>
     <span class='ocr_line' id='line_1_51' title="bbox 271 3043 1653 3087; baseline 0.001 -13"><span class='ocrx_word' id='word_1_456' title='bbox 271 3051 298 3082; x_wconf 84' lang='lat'>3.</span> <span class='ocrx_word' id='word_1_457' title='bbox 325 3043 462 3084; x_wconf 85' lang='lat' dir='ltr'>prioris]</span> <span class='ocrx_word' id='word_1_458' title='bbox 481 3045 543 3085; x_wconf 83' lang='lat' dir='ltr'>Ep.</span> <span class='ocrx_word' id='word_1_459' title='bbox 568 3054 661 3084; x_wconf 77' lang='lat'>1340.</span> <span class='ocrx_word' id='word_1_460' title='bbox 1102 3047 1154 3086; x_wconf 84' lang='lat'>36.</span> <span class='ocrx_word' id='word_1_461' title='bbox 1180 3046 1288 3085; x_wconf 83' lang='lat' dir='ltr'>votis]</span> <span class='ocrx_word' id='word_1_462' title='bbox 1306 3046 1356 3077; x_wconf 75' lang='lat' dir='ltr'>Cf.</span> <span class='ocrx_word' id='word_1_463' title='bbox 1377 3046 1440 3087; x_wconf 89' lang='lat' dir='ltr'>Ep.</span> <span class='ocrx_word' id='word_1_464' title='bbox 1465 3055 1557 3086; x_wconf 77' lang='lat'>1503.</span> <span class='ocrx_word' id='word_1_465' title='bbox 1581 3055 1653 3076; x_wconf 81' lang='lat' dir='ltr'>im.</span> 
     </span>
    </p>
   </div>
  </div>
 </body>
</html>
