2012 3370
160 138 281 186 1347]
630 135 702 173 To
732 134 984 173 ‚ronocus
1015 134 1305 173 cAvsfflus
1673 134 1750 172 239

158 245 463 292 desiderabam,
503 258 554 284 ne
592 244 730 282 nullus
768 248 878 282 esset
915 256 1075 282 naeuus
1112 245 1156 282 in
1193 244 1385 283 Naeuio:
1439 244 1628 282 tenacior
1659 249 1747 282 erat

154 300 423 339 simultatum
441 312 570 350 quam
588 311 663 349 ego
682 297 890 336 volebam.
938 298 1022 337 Eas
1039 311 1125 337 non
1142 298 1264 337 facile
1281 298 1453 349 quidem
1471 298 1750 348 concipiebat,
1769 314 1788 336 2
1793 314 1807 346 5

155 354 230 393 sed
255 354 383 393 semel
409 357 634 404 conceptas
661 365 781 403 aegre
808 353 1008 403 ponebat.
1064 353 1157 391 Hac
1184 366 1269 391 vna
1296 353 1347 391 de
1373 366 1417 391 re
1442 365 1750 402 nonnunquam

155 409 266 447 inter
295 409 458 447 animos
486 412 577 447 tam
607 406 833 445 concordes
863 411 967 453 erat,
998 410 1049 445 vt
1077 407 1170 453 scis,
1201 407 1344 458 aliqua
1374 406 1595 445 discordia.
1653 407 1751 444 Non

155 467 348 513 poteram
368 463 428 501 illi
448 461 697 513 persuadere
719 474 848 511 quam
870 461 991 500 facile
1012 474 1319 512 nonnunquam
1340 474 1489 512 graues
1509 461 1752 499 inimicitias

157 517 286 555 comis
316 516 544 568 appellatio
574 515 769 561 solueret,
801 528 1015 566 quamque
1044 529 1192 554 verum
1223 520 1332 554 esset
1360 515 1465 554 illud
1495 515 1751 554 Graecorum

156 571 441 621 prouerbium,
465 573 611 610 πολλὰς
631 572 760 618 φῐλίιις
780 572 1038 621 ἀπροσηγοριά
1059 571 1219 608 διέλυσε.
1771 584 1813 616 30

211 625 407 665 Solebam
442 625 501 663 illi
535 625 721 663 occinere
753 623 943 662 fabulam
975 624 1026 662 de
1059 624 1218 662 Ioanne
1250 623 1408 669 Coleto‚
1450 624 1539 661 viro
1578 624 1751 674 perenni

156 679 375 718 hominum
407 679 609 718 memoria
647 678 787 729 digno.
851 678 1035 716 Pessime
1061 678 1121 716 illi
1149 678 1430 716 conueniebat
1457 691 1553 716 cum
1580 682 1749 728 patruo,

155 734 245 771 Viro
273 733 503 772 admodum
531 745 628 771 sene
656 745 704 771 ac
727 731 975 782 praefractis
998 731 1198 770 moribus.
1251 731 1321 770 Lis
1350 735 1442 769 erat
1470 744 1555 769 non
1578 731 1630 770 de
1652 731 1751 770 lana

155 788 327 838 caprina
355 801 430 826 nec
460 787 511 826 de
541 787 659 832 asini,
690 786 806 837 quod
835 786 969 832 aiunt,
1000 786 1164 832 vmbra,
1204 785 1278 824 sed
1312 785 1363 824 de
1397 798 1551 837 magna
1585 799 1749 824 summa

154 843 441 892 pecuniarum,
499 841 554 880 ob
610 844 818 891 quantam
875 840 942 879 vel
994 839 1103 878 filius
1160 839 1316 879 bellum
1372 839 1577 878 indiceret
1623 840 1748 890 patri.
1771 855 1808 887 35

155 895 323 934 Coletus
371 908 601 946 pransurus
644 894 759 945 apud
804 894 1206 933 reuerendissimum
1249 896 1419 945 patrem
1463 893 1749 932 Guilhelmum

153 950 515 1001 archiepiscopum
543 949 888 989 Cantuariensem
917 949 1058 987 iunxit
1084 962 1152 987 me
1179 948 1259 987 sibi
1286 949 1330 986 in
1357 948 1525 999 cymba.
1583 948 1751 987 Interea

151 1003 318 1055 legebat
332 1017 384 1043 ex
399 1003 642 1043 Enchiridio
658 1016 750 1042 meo
765 1003 997 1042 remedium
1011 1002 1267 1049 iracundiae,
1282 1016 1359 1042 nec
1373 1007 1519 1041 tamen
1533 1002 1752 1041 indicabat

151 1071 261 1109 quur
289 1071 339 1097 ea
366 1058 534 1109 legeret.
584 1058 817 1096 Accubitus
838 1057 940 1096 ordo
961 1057 1071 1096 forte
1093 1058 1150 1096 sic
1172 1057 1306 1096 dabat
1327 1060 1377 1096 vt
1397 1057 1567 1096 Coletus
1588 1057 1750 1095 sederet

151 1126 173 1151 e
192 1113 359 1164 regione
378 1113 533 1163 patrui,
554 1112 678 1151 vultu
697 1112 904 1157 subtristi,
925 1125 1001 1150 nec
1028 1112 1204 1162 loquens
1230 1125 1306 1150 nec
1332 1111 1556 1162 prandens.
1605 1111 1749 1149 Archi·
1768 1126 1815 1157 40

150 1167 336 1217 episcopi
351 1180 450 1206 vero
471 1179 566 1205 rara
586 1166 796 1217 quaedam
817 1170 881 1205 est
902 1166 980 1204 hac
1000 1167 1044 1204 in
1064 1179 1107 1205 re
1128 1166 1373 1212 dexteritas,
1391 1170 1441 1204 vt
1456 1170 1575 1204 curet
1589 1179 1641 1204 ne
1656 1166 1751 1216 quis

151 1233 302 1271 parum
325 1221 468 1259 hilaris
491 1221 546 1259 sit
568 1222 612 1259 in
635 1221 844 1267 conuiuio,
869 1233 1080 1259 sermones
1103 1220 1158 1258 ad
1181 1221 1371 1259 omnium
1395 1219 1573 1259 affectus
1596 1224 1749 1259 attem-

151 1288 315 1325 perans.
378 1275 565 1314 Iniectus
596 1276 742 1325 itaque
775 1288 911 1313 sermo
945 1274 997 1313 de
1030 1279 1222 1313 aetatum
1256 1274 1508 1313 collatione:
1558 1278 1654 1312 orta
1686 1279 1750 1313 est

150 1330 261 1368 inter
290 1333 433 1367 mutos
463 1329 766 1367 confabulatio.
826 1329 1018 1379 Denique
1049 1333 1228 1379 patruus
1258 1341 1406 1367 senum
1437 1341 1552 1366 more
1582 1328 1749 1378 gloriari

150 1384 302 1434 coepit,
333 1382 449 1433 quod
488 1386 636 1422 tantus
674 1386 781 1421 natu
814 1386 1038 1433 tantopere
1067 1382 1244 1433 polleret
1272 1382 1446 1420 viribus.
1504 1381 1542 1420 A
1570 1382 1749 1432 prandio
1767 1399 1807 1429 45

151 1437 290 1476 nescio
319 1436 424 1488 quid
452 1437 624 1476 seorsim
650 1437 861 1487 agitatum
886 1441 951 1475 est
979 1437 1090 1475 inter
1117 1436 1223 1475 illos.
1277 1436 1360 1475 Vbi
1384 1435 1554 1475 Coletus
1583 1449 1748 1475 mecum

150 1491 371 1542 repetisset
390 1491 603 1542 cymbam,
623 1490 806 1538 ‘Video‚’
827 1491 981 1542 inquit,
1006 1491 1015 1505 ⁶
1028 1491 1216 1537 Erasme,
1233 1494 1276 1529 te
1296 1489 1460 1530 felicem
1481 1503 1569 1529 esse
1585 1490 1608 1528 ⁷.
1659 1490 1749 1542 Ego

148 1545 390 1585 admirabar
419 1558 529 1597 quur
557 1546 770 1584 hominem
799 1545 1131 1584 infelicissimum
1161 1545 1320 1584 diceret
1347 1544 1524 1584 felicem.
1584 1544 1651 1583 Ibi
1680 1545 1748 1584 de-

148 1601 339 1639 narrauit
355 1613 485 1651 quam
503 1600 636 1639 atroci
653 1600 794 1638 animo
811 1599 941 1638 fuerit
956 1600 1000 1638 in
1016 1603 1232 1651 patruum,
1252 1599 1357 1638 adeo
1375 1603 1425 1638 vt
1441 1599 1748 1650 propemodum

148 1655 370 1693 statuisset
409 1655 606 1693 omnibus
646 1654 909 1694 Christianae
950 1654 1183 1693 modestiae
1223 1654 1433 1705 repagulis
1473 1653 1666 1692 refractis
1706 1658 1749 1692 et
1771 1668 1812 1700 5ο

148 1709 411 1760 cognationis
427 1708 583 1747 affectu
596 1712 843 1759 contempto
859 1708 1133 1747 manifestum
1147 1722 1243 1747 cum
1256 1709 1327 1746 illo
1344 1708 1499 1747 bellum
1516 1708 1746 1758 suscipere:

148 1776 281 1814 eaque
313 1763 450 1814 gratia
481 1763 638 1814 cepisse
670 1776 812 1801 meum
845 1763 1119 1802 Enchiridion
1151 1764 1195 1801 in
1226 1776 1391 1808 manus,
1424 1766 1474 1800 vt
1504 1762 1748 1801 iracundiae

147 1817 379 1856 remedium
408 1821 642 1868 quaereret,
673 1822 716 1856 et
744 1816 962 1879 profuisse.
1050 1817 1151 1855 Mox
1179 1831 1231 1855 ex
1260 1830 1309 1856 ea
1337 1794 1622 1867 qualicunque
1651 1829 1746 1854 con-

146 1871 410 1910 fabulatione
437 1885 546 1922 quae
573 1876 668 1910 orta
694 1876 760 1910 est
784 1872 828 1910 in
854 1871 1047 1922 prandio,
1075 1872 1276 1922 vtrinque
1303 1871 1483 1909 dilutam
1512 1870 1746 1909 amarulen-

146 1926 266 1972 tiam,
295 1926 353 1965 sic
381 1930 431 1965 vt
457 1926 605 1965 statim
634 1926 960 1976 Archiepiscopo
987 1930 1205 1976 sequestro
1232 1925 1355 1964 facile
1382 1938 1447 1964 res
1474 1925 1610 1963 omnis
1637 1925 1749 1963 inter
1768 1941 1804 1973 55

145 1993 216 2019 eos
242 1981 478 2031 composita
504 1981 572 2019 sit.
628 1980 767 2018 Huius
792 1980 952 2031 generis
979 1980 1181 2030 exemplis
1208 1980 1323 2031 apud
1347 1979 1466 2017 illum
1494 1992 1745 2018 commemo-

146 2034 289 2073 randis
322 2047 408 2073 non
441 2034 673 2072 admodum
712 2034 1031 2085 promouebam.
1104 2034 1186 2074 Sed
1224 2035 1336 2073 hunc
1370 2038 1550 2072 naturae
1589 2047 1744 2072 neuum

146 2092 253 2139 quot
273 2089 436 2127 eximiis
457 2088 689 2127 virtutibus
709 2088 778 2127 ille
799 2089 1030 2139 pensabat!

201 2143 282 2181 Hic
304 2156 391 2181 non
413 2156 585 2194 pergam
608 2147 651 2181 te
676 2143 894 2189 consolari,
919 2142 1087 2189 Iodoce,
1113 2143 1251 2181 virum
1275 2143 1398 2181 iuxta
1421 2142 1674 2193 prudentem
1699 2155 1746 2181 ac

147 2196 335 2244 doctum,
373 2197 428 2236 ob
464 2202 644 2236 mortem
681 2198 818 2236 amici.
884 2197 1053 2236 Sciebas
1089 2198 1201 2236 enim
1238 2202 1281 2236 te
1317 2197 1471 2236 habere
1508 2196 1810 2242 niortalem,6o

145 2251 506 2302 quemadmodum
535 2252 729 2290 ethnicus
766 2252 834 2290 ille
867 2252 978 2290 dixit
1006 2251 1058 2290 de
1083 2251 1183 2298 filio,
1214 2251 1223 2266 ⁶
1242 2252 1434 2291 Sciebam
1463 2264 1529 2290 me
1556 2251 1747 2302 genuisse

146 2306 368 2345 mortalem
389 2305 397 2321 ⁹
420 2319 427 2344 :
471 2310 515 2345 et
541 2306 595 2345 ab
622 2306 737 2344 omni
764 2306 1031 2357 philosophia
1056 2306 1227 2345 videtur
1254 2306 1427 2351 alienus,
1456 2306 1529 2356 qui
1556 2305 1747 2343 miserius

145 2359 264 2399 ducit
289 2361 395 2399 mori
420 2364 571 2399 natum
597 2374 727 2412 quam
753 2361 868 2399 nasci
895 2361 1161 2405 moriturum,
1189 2374 1321 2411 quum
1349 2364 1563 2411 vtrunque
1589 2360 1747 2410 pariter

191 2457 242 2488 30.
268 2445 412 2477 πολλὰς.
433 2470 440 2476 .
460 2470 467 2476 .
487 2446 612 2477 διέλυσε
631 2449 672 2481 βε
698 2444 808 2487 pollas
825 2445 951 2486 philias
968 2445 1188 2486 aprosegoria
1204 2444 1320 2486 delyse
1339 2458 1369 2475 α.
1523 2457 1574 2486 31.
1603 2448 1643 2477 13:
1671 2456 1743 2485 per-

147 2489 295 2522 11611111α.
365 2501 417 2532 34.
443 2489 538 2530 quod
555 2489 656 2521 aiunt
671 2489 746 2521 add.
773 2492 806 2524 β.
855 2493 906 2531 36.
926 2489 968 2519 R.
992 2488 1028 2520 P.
1048 2492 1081 2524 β.
1140 2488 1403 2523 B:Guiehnu1n
1424 2502 1454 2519 (ι.
1512 2499 1563 2531 43.
1591 2487 1744 2518 Iniectus

145 2534 264 2573 itaque
285 2544 328 2564 a:
362 2533 427 2563 Per
450 2543 530 2564 cum
551 2533 671 2574 itaque
695 2533 842 2564 iniectus
866 2535 920 2563 cst
946 2532 988 2563 H.
1080 2531 1265 2563 collatione
1289 2535 1447 2563 aetatum
1472 2535 1505 2566 pi).
1598 2534 1675 2561 orta
1700 2543 1742 2562 a:

150 2576 236 2607 Hinc
254 2579 331 2607 orta
347 2576 392 2607 H.
510 2589 561 2619 44.
590 2580 705 2607 mutos
722 2580 768 2611 βε
787 2579 928 2607 mutuos
949 2590 979 2606 a.
1106 2587 1157 2617 51.
1185 2585 1264 2606 cum
1280 2575 1339 2606 illo
1360 2574 1486 2606 bellum
1507 2574 1678 2614 suscipere
1699 2587 1716 2603 a
1734 2586 1739 2605 :

147 2619 274 2651 bellum
293 2619 464 2660 suscipere
484 2629 563 2651 cum
582 2623 710 2660 patruo
726 2622 759 2654 β.
863 2630 913 2661 52
936 2618 1178 2651 Enchiridium
1193 2622 1226 2653 β.
1330 2630 1382 2661 55.
1408 2617 1531 2649 statim
1548 2629 1586 2649 ιιι
1612 2627 1690 2648 mox
1708 2622 1741 2652 μ’.

146 2666 196 2705 56.
221 2666 266 2697 B:
290 2666 378 2704 aput
397 2676 426 2693 α.
504 2668 554 2696 61.
577 2662 737 2694 ethnicus
753 2672 814 2693 om.
831 2666 864 2698 β

190 2778 241 2810 24.
268 2767 502 2805 tenaei0r](f.
521 2768 609 2808 Epp.
625 2768 704 2804 606,
720 2769 782 2806 838
1021 2777 1073 2808 37.
1101 2765 1402 2803 Cantnaricnseln]
1428 2766 1494 2796 For
1518 2765 1666 2796 another
1689 2776 1742 2797 or·-

190 2822 241 2853 30.
267 2810 504 2851 prouerbium]
524 2810 576 2842 Cf.
598 2810 660 2851 Ep.
682 2814 774 2850 1320
797 2820 848 2841 1n.
978 2811 1095 2841 casion
1132 2819 1176 2840 on
1214 2809 1324 2840 which
1363 2809 1527 2840 Erasmus
1564 2809 1669 2839 dined
1706 2814 1738 2840 at

191 2865 240 2896 31.
267 2854 400 2893 Goloto]
422 2853 449 2884 1«
451 2863 524 2884 rom
543 2853 602 2885 the
619 2854 774 2884 mention
793 2853 828 2883 of
850 2852 909 2883 1116
982 2853 1155 2884 Lambeth
1172 2852 1258 2883 with
1276 2852 1441 2884 Warhtun
1460 2862 1514 2883 sce
1533 2861 1557 2889 1,
1576 2863 1606 2893 p.
1631 2862 1658 2893 5.

148 2898 370 2930 E'nch'iraedimz
398 2898 477 2939 (Ep.
512 2899 587 2938 164)
616 2898 645 2928 it
672 2896 804 2928 follows
834 2896 914 2927 that
1022 2898 1073 2937 48.
1100 2895 1390 2934 infelicissimum]
1410 2895 1458 2926 Cf.
1483 2896 1546 2937 Ep.
1571 2905 1663 2927 1102.
1685 2901 1741 2927 (ηι,

147 2941 216 2973 this
246 2941 387 2982 episode
419 2944 549 2972 cannot
581 2941 622 2971 be
654 2939 762 2971 dated
793 2940 914 2971 earlier
1024 2942 1075 2980 56.
1102 2939 1215 2979 illnm]
1233 2949 1276 2970 sc.
1301 2939 1484 2971 Naeuium.

148 2985 234 3016 than
252 2985 427 3016 Erasmns’
444 2984 570 3016 second
587 2984 670 3015 visit
687 2987 723 3014 to
740 2983 913 3022 England.
1020 2986 1073 3015 61.
1099 2983 1259 3014 ethnicus
1291 2982 1362 3021 ille]
1395 2983 1620 3024 Anaxagoras
1635 2995 1643 3014 t
1689 2992 1744 3013 sec

149 3029 183 3059 in
206 3030 343 3069 1505-6.
982 3026 1052 3058 Val.
1073 3027 1163 3058 Max.
1184 3036 1211 3067 5.
1234 3036 1284 3064 10,
1300 3032 1370 3058 ext.
1387 3029 1416 3058 6.
