2012 3370
253 152 332 189 414
726 145 980 186 LETTEss
1012 144 1084 184 or
1113 144 1376 184 ERAsMus
1728 145 1850 195 [1524

256 259 535 310 temporibus,
559 256 714 308 quibus
735 254 840 293 nihil
867 255 1002 306 possis
1028 258 1126 294 tuto
1147 255 1337 302 scribere,
1362 255 1509 294 rudem
1533 267 1581 293 ac
1611 254 1851 293 missionem

257 313 505 365 flagitarem,
544 323 629 350 non
665 309 806 348 dicam
843 321 868 347 a
904 308 1240 360 Paraphrasibus
1276 310 1349 349 sed
1385 311 1429 348 in
1465 312 1608 348 totum
1645 308 1699 347 ab
1737 308 1851 347 omni

257 367 465 407 scribendi
498 377 683 412 munere,
717 362 843 402 nullis
875 364 1021 414 aequis
1053 363 1186 403 videri
1219 365 1376 416 possim
1407 364 1451 402 id
1484 362 1553 402 vel
1583 361 1852 413 impudenter

196 439 240 469 40
258 434 429 473 poscere
468 419 536 459 vel
574 417 866 471 imprudenter
903 431 1079 457 sumere.
1142 418 1201 457 At
1239 431 1372 470 quum
1411 418 1535 469 plane
1568 417 1739 456 videam
1772 416 1851 455 hoc

259 479 558 528 argumentum
579 486 750 526 prorsus
770 485 859 512 esse
878 472 1149 512 intractabile
1175 474 1494 524 paraphrastae,
1516 475 1662 510 tamen
1682 484 1735 510 ne
1755 474 1852 521 post

259 531 368 569 hanc
398 534 491 569 tam
511 528 808 568 vehementem
828 530 1004 579 tamque
1024 528 1232 567 minacem
1253 527 1477 578 epistolam
1498 525 1698 565 succedat
1719 525 1854 564 altera

259 584 498 631 violentior,
532 584 578 623 in
611 583 740 622 tertio
769 581 938 620 Psalmo
968 583 1180 633 specimen
1213 582 1311 621 dedi
1347 594 1476 633 quam
1506 580 1666 619 frustra
1701 580 1757 618 sit
1786 579 1852 618 hic

259 638 488 678 sudaturus
518 638 710 689 quisquis
735 637 981 676 tentauerit.
1037 636 1208 675 Etenim
1235 649 1368 687 quum
1396 637 1441 674 in
1467 635 1546 674 hoc
1573 634 1742 673 Psalmo
1761 637 1853 672 tam

198 709 239 741 45
259 693 378 732 breui
410 697 478 732 tot
511 693 660 731 statim
690 695 914 730 occurrant
940 691 1125 742 scrupuli
1151 691 1203 729 dc
1231 692 1398 729 inuerso
1425 690 1624 729 historiae
1655 688 1855 727 ordine——

258 761 358 786 nam
393 747 517 786 multi
546 746 708 787 habent
737 749 1034 797 argumentum
1063 746 1186 784 iuxta
1214 750 1456 796 temporum
1484 744 1707 790 rationem,
1738 743 1854 793 prius

258 802 436 841 historia
468 801 693 841 Absalonis
722 800 865 838 Dauid
885 804 1051 851 patrem
1077 800 1324 850 impetentis
1350 799 1527 846 bello—,
1554 798 1607 837 de
1633 798 1854 836 interiecto

259 856 373 903 sela;
411 856 564 895 deinde
594 869 650 894 an
677 858 797 894 totus
826 854 894 893 hic
924 853 1118 893 Psalmus
1147 855 1282 906 possit
1311 852 1622 893 accommodari
1652 864 1853 903 personae

259 911 572 962 Dauid—quod
602 910 888 960 Hieronymus
921 921 1007 947 non
1034 913 1175 959 negat,
1204 908 1359 948 docens
1387 911 1625 959 competere
1652 919 1854 958 personae

201 981 242 1014 5ο
260 965 402 1005 Dauid
418 965 571 1005 Christi
588 969 633 1003 et
646 977 721 1015 per
735 963 848 1002 hunc
864 963 1053 1002 omnium
1070 967 1327 1009 sanctorum,
1346 962 1610 1014 Augustinus
1624 960 1829 1000 reclamat
1845 974 1852 999 :

259 1020 363 1071 quid
378 1019 678 1071 paraphrastes
692 1018 807 1057 dicet
826 1017 878 1055 de
893 1017 1035 1064 titulo,
1053 1017 1156 1068 quid
1172 1017 1224 1056 de
1240 1018 1450 1056 varietate
1465 1029 1624 1063 sensus,
1641 1016 1715 1067 qui
1730 1028 1855 1066 saepe

259 1074 413 1126 triplex
434 1078 513 1121 est,
540 1085 673 1124 quum
698 1085 785 1111 non
804 1071 930 1110 liceat
950 1084 1174 1122 personam
1193 1071 1321 1110 semel
1343 1075 1585 1122 susceptam
1607 1070 1816 1121 deponere
1837 1072 1853 1108 ⁵?

260 1129 318 1168 Et
333 1132 478 1167 tamen
494 1129 538 1167 in
553 1140 638 1166 vno
654 1126 819 1178 psalmo
838 1130 1015 1165 conatus
1032 1129 1205 1177 gustum
1221 1125 1443 1173 exhibebo,
1461 1130 1511 1164 vt
1526 1125 1737 1176 intelligas
1752 1123 1854 1163 mihi

260 1195 419 1221 morem
440 1182 611 1234 gerendi
633 1181 754 1220 vobis
776 1180 1045 1219 voluntatem
1067 1193 1153 1220 non
1174 1180 1371 1219 defuisse.

202 1253 238 1285 55
315 1236 437 1285 Quod
464 1236 541 1276 abs
566 1240 611 1275 te
637 1235 922 1287 postulabam,
951 1238 1002 1274 vt
1027 1234 1188 1286 aliquid
1215 1234 1376 1286 opellae
1403 1247 1587 1274 sumeres
1613 1235 1657 1273 in
1683 1233 1854 1272 demon-

258 1291 444 1330 strandis
477 1290 725 1342 corruptelis
755 1290 879 1328 istius
911 1289 1151 1328 dialectices
1183 1302 1231 1328 ac
1265 1289 1567 1341 philosophiae,
1602 1301 1712 1339 quae
1743 1300 1856 1326 nunc

258 1347 301 1385 in
326 1345 479 1385 scholis
503 1345 679 1384 moleste
703 1344 829 1384 simul
853 1348 898 1383 et
921 1343 1187 1395 dispendiose
1212 1344 1397 1383 traditur
1421 1344 1574 1395 pueris,
1601 1347 1645 1381 et
1669 1342 1856 1393 aliquam

259 1400 438 1440 docendi
478 1400 688 1439 rationem
728 1398 936 1438 indicares
977 1398 1057 1437 hac
1099 1398 1440 1445 commodiorem,
1483 1398 1578 1437 ideo
1619 1397 1699 1436 feci
1741 1395 1857 1447 quod

259 1455 428 1494 videam
450 1454 587 1493 multa
607 1453 714 1492 bene
735 1457 840 1492 nata
860 1453 1028 1504 ingenia
1049 1452 1104 1492 ab
1126 1452 1360 1492 vtilissimis
1381 1452 1612 1503 disciplinis
1633 1451 1857 1490 abhorrere

198 1519 241 1549 60
259 1509 314 1549 ob
338 1509 582 1549 traditionis
607 1507 750 1547 sordes
775 1511 820 1546 et
842 1507 1063 1558 ineptiam.
1119 1506 1229 1555 Quin
1255 1511 1299 1546 et
1323 1508 1367 1546 in
1392 1506 1601 1558 plerisque
1626 1506 1858 1557 gymnasiis

257 1565 344 1603 iam
362 1563 577 1603 desierunt
595 1562 802 1602 eiusmodi
820 1561 1065 1613 disciplinae
1083 1561 1279 1613 praelegi,
1300 1574 1386 1600 vna
1405 1574 1501 1600 cum
1518 1562 1612 1612 ipsa
1629 1559 1855 1611 theologia.

257 1618 401 1669 Atque
434 1618 604 1656 interim
638 1617 795 1668 frigent
827 1616 958 1655 etiam
991 1616 1159 1667 linguae
1193 1629 1242 1654 ac
1277 1616 1413 1655 bonae
1446 1615 1606 1654 literae.
1669 1614 1857 1653 Tantum

256 1673 407 1712 rixosis
437 1671 785 1711 altercationibus
815 1674 860 1709 et
887 1670 1038 1709 libellis
1068 1670 1343 1709 amarulentis
1374 1674 1492 1709 aetas
1521 1670 1685 1708 teritur.
1746 1668 1857 1707 Huic

260 1730 385 1766 tanto
405 1726 517 1765 malo
536 1738 662 1764 nemo
681 1729 725 1764 te
745 1724 894 1764 melius
913 1728 1084 1776 poterat
1104 1737 1355 1772 succurrere,
1378 1724 1452 1775 qui
1470 1728 1538 1763 tot
1559 1736 1692 1762 annos
1711 1724 1756 1762 in
1774 1725 1858 1761 ista

199 1791 238 1830 65
260 1780 474 1832 palaestra
505 1784 700 1819 versatus
733 1780 803 1826 sis,
837 1792 914 1818 nec
948 1779 1148 1818 mediocri
1181 1792 1277 1818 cum
1309 1778 1448 1818 laude.
1509 1777 1643 1817 Inibis
1675 1778 1857 1829 gratiam

259 1836 472 1887 vtrinque.
531 1834 643 1874 Nam
672 1835 703 1873 ii
732 1835 806 1885 qui
836 1837 1004 1885 praeter
1031 1833 1125 1872 illas
1155 1833 1398 1884 disciplinas
1427 1837 1645 1884 vtcunque
1675 1831 1857 1871 traditas

259 1889 364 1929 nihil
391 1889 644 1936 didicerunt,
674 1888 887 1938 mal[l]ent
915 1888 1037 1927 aliter
1066 1887 1249 1939 praelegi
1276 1889 1321 1927 in
1349 1887 1501 1927 scholis
1529 1900 1659 1938 quam
1688 1899 1858 1938 prorsus

258 1945 505 1991 intermori;
548 1948 593 1983 et
617 1944 818 1982 iuuentus
842 1942 1089 1982 literaturae
1115 1942 1297 1981 melioris
1323 1942 1451 1981 auida
1476 1941 1682 1981 fatebitur
1708 1954 1751 1979 se
1777 1940 1858 1979 tibi

259 1999 411 2038 debere
436 1999 510 2050 qui
536 1999 651 2037 viam
678 1997 1022 2037 commonstraris
1048 1997 1389 2036 commodiorem.
1444 1996 1559 2035 Bene
1585 1996 1692 2035 vale.

198 2071 241 2104 70
315 2053 488 2105 Optimo
515 2053 752 2091 Mecoenati
777 2056 854 2091 tuo
882 2064 979 2090 cum
1006 2051 1306 2090 candidissimo
1332 2055 1376 2090 et
1402 2051 1708 2090 humanissimo
1736 2049 1854 2088 soda-

257 2107 351 2146 litio
383 2107 610 2158 plurimam
642 2120 695 2145 ex
727 2119 794 2145 me
827 2106 1049 2145 nunciabis
1081 2105 1291 2145 salutem:
1340 2119 1425 2157 quo
1457 2106 1627 2144 nomine
1659 2105 1739 2143 tibi
1771 2117 1857 2143 11011

258 2161 525 2201 mediocriter
549 2160 750 2212 gratulor.
805 2160 1015 2208 Quoniam
1040 2164 1185 2200 autem
1209 2161 1254 2199 in
1276 2160 1409 2199 literis
1432 2160 1519 2199 tuis
1543 2159 1855 2210 Colloquiorum

258 2215 548 2255 Familiarium
589 2215 834 2261 meministi,
878 2214 993 2254 subit
1035 2215 1177 2254 animo
1219 2215 1362 2253 mirari
1403 2226 1534 2265 quam
1576 2213 1772 2253 omnibus
1812 2213 1856 2251 in

257 2269 382 2309 rebus
417 2269 660 2309 dominetur
693 2269 880 2307 fortuna.
946 2268 1057 2316 Quid
1092 2269 1171 2308 hoc
1207 2272 1458 2320 argumento
1492 2268 1732 2320 nugacius‘?
1798 2267 1856 2305 Et

194 2342 235 2374 75
257 2328 403 2363 tamen
446 2325 521 2363 vix
565 2323 711 2363 credas
753 2324 798 2362 in
841 2326 948 2374 quot
996 2323 1349 2374 exemplariorum
1393 2323 1510 2362 milia
1556 2325 1853 2374 propagatum,

254 2379 447 2418 nondum
487 2378 658 2430 expleat
697 2378 1048 2429 empturientium
1089 2377 1356 2416 auiditatem.
1426 2377 1519 2416 Hoc
1560 2389 1674 2416 anno
1711 2388 1855 2415 rursus

296 2487 349 2516 40.
376 2476 425 2509 At
440 2486 525 2518 qum
543 2488 561 2505 (ι
578 2488 587 2508 2
616 2475 666 2508 At
682 2479 802 2509 tamen
818 2485 929 2517 quum
946 2478 968 2509 B
985 2486 993 2507 z
1023 2473 1207 2506 Caeterum
1225 2473 1369 2505 tametsi
1385 2474 1412 2504 δ.
1526 2473 1580 2511 46.
1606 2475 1853 2514 argumentum

255 2521 388 2554 habent
404 2523 438 2555 β.
574 2528 627 2560 47.
654 2522 676 2554 Β
693 2531 702 2552 :
731 2519 917 2552 Absolonis
935 2531 965 2550 a.
1089 2517 1143 2556 48.
1168 2516 1241 2549 sela
1257 2519 1279 2552 β
1296 2529 1303 2548 :
1333 2515 1409 2548 siba
1427 2527 1458 2548 α.
1596 2515 1853 2548 accommodari

256 2565 369 2606 possit
384 2566 417 2599 β.
524 2572 580 2603 49.
606 2565 628 2598 β
644 2575 652 2596 :
683 2563 908 2595 Hieronimus
926 2575 957 2594 n.
1116 2568 1165 2601 57.
1192 2564 1230 2592 et
1244 2564 1320 2601 post
1335 2559 1439 2591 simul
1457 2572 1475 2589 α
1492 2571 1500 2591 :
1530 2569 1571 2591 ac
1587 2561 1621 2594 β.
1738 2560 1792 2591 60.
1817 2564 1856 2592 et

253 2612 329 2641 ante
346 2609 381 2639 in
397 2617 460 2639 om.
480 2609 514 2641 β.
629 2607 682 2639 61.
709 2606 880 2639 eiusmodi
898 2608 936 2636 αδ
952 2618 960 2638 :
988 2604 1188 2637 istiusmodi
1204 2616 1237 2644 γ,
1363 2604 1415 2644 63.
1442 2605 1479 2632 αδ
1495 2614 1503 2635 :
1533 2602 1801 2635 alterationibus
1817 2606 1850 2638 β,

252 2651 481 2684 amarulentis
496 2649 621 2682 libellis
638 2653 672 2684 Β.
886 2650 941 2682 66.
966 2649 992 2680 11
1008 2661 1027 2678 α
1045 2660 1053 2680 :
1083 2648 1119 2680 hi
1136 2650 1169 2682 β.
1369 2647 1422 2678 68.
1449 2646 1554 2678 auida
1570 2645 1721 2678 melioris
1735 2645 1850 2679 litera-

253 2700 354 2727 turae
370 2697 403 2729 β.
526 2694 580 2733 69.
606 2694 701 2726 Bene
716 2694 796 2726 vale
812 2704 876 2726 om.
895 2696 928 2728 β.
1045 2701 1098 2732 70.
1123 2695 1161 2724 et
1176 2691 1426 2724 humanissimo
1443 2700 1505 2722 om.
1525 2692 1558 2725 β.
1687 2699 1738 2730 71.
1764 2700 1850 2722 nun-

253 2739 360 2771 ciabis
384 2737 535 2770 salutem
562 2750 581 2767 a
598 2749 606 2769 z
646 2737 796 2770 salutem
821 2736 1041 2770 renunciabis
1068 2738 1102 2770 β.
1242 2745 1313 2776 quo
1340 2759 1347 2766 .
1379 2760 1385 2767 .
1416 2759 1423 2766 .
1455 2743 1508 2774 72.
1531 2733 1690 2776 gratulor
1713 2733 1788 2766 add.
1815 2736 1848 2769 β.

253 2791 305 2822 72.
330 2783 367 2814 in
382 2781 492 2814 literis
508 2781 580 2813 tuis
596 2791 659 2814 om.
679 2784 712 2816 β.
847 2791 899 2821 73.
925 2778 1165 2812 Familiarium
1181 2789 1243 2810 om.
1264 2781 1298 2813 Β,

296 2896 350 2925 49.
376 2884 627 2925 Hieronymus]
642 2882 685 2914 In
700 2882 762 2915 the
778 2884 1020 2923 commentary
1085 2880 1205 2914 trellus
1221 2893 1228 2912 :
1259 2890 1315 2913 see
1332 2879 1396 2921 Ep.
1420 2889 1512 2920 1237.
1532 2889 1610 2920 24n.

254 2939 299 2960 on
319 2928 380 2960 the
400 2928 545 2966 Psalms,
567 2926 707 2969 printed
728 2925 777 2967 by
796 2925 963 2957 Erasmus
982 2926 1019 2957 in
1131 2934 1182 2965 72.
1208 2923 1483 2965 colloquiorum]
1507 2922 1570 2955 See
1594 2922 1659 2963 Ep.
1691 2923 1772 2954 1262
1799 2923 1849 2954 in-

254 2971 307 3004 his
324 2970 394 3004 vol.
412 2971 486 3010 viii,
503 2971 569 3003 but
585 2980 664 3002 now
681 2969 883 3002 considered
900 2972 965 3002 not
982 2972 1020 3001 to
1085 2968 1176 3001 trod.
1193 2980 1202 3006 3
1227 2967 1309 3005 and,
1322 2967 1377 2999 for
1388 2977 1409 2999 a·
1420 2966 1510 2999 later
1520 2966 1612 2997 issue
1623 2966 1660 2997 in
1671 2964 1743 2998 this
1755 2975 1849 3007 year,

255 3016 297 3047 be
313 3015 471 3057 genuine.
1084 3011 1159 3044 still
1172 3010 1310 3044 further
1325 3009 1499 3051 enlarged‚
1516 3008 1582 3050 Ep.
1605 3009 1699 3049 1476.

301 3067 353 3099 70.
378 3057 589 3097 Mecoenati]
617 3056 770 3098 Perhaps
800 3056 903 3088 Peter
933 3056 1018 3088 Cou-
1131 3063 1183 3095 75.
1211 3053 1461 3096 propagatum]
1473 3052 1537 3086 See
1552 3052 1654 3085 ΒΕΓΖ.
