2012 3370
257 142 335 179 412
728 142 981 182 LETTERS
1013 142 1085 182 or
1114 143 1377 183 ERASMUS
1728 144 1851 193 [1524

256 249 332 282 who
357 261 426 283 was
451 261 470 282 a
497 250 667 287 Poitevin,
694 260 763 282 was
787 261 825 283 so
849 261 951 294 eager
974 255 1012 284 to
1037 251 1158 284 obtain
1183 252 1253 285 this
1277 253 1450 294 bishopric
1475 252 1492 284 Ι
1518 255 1648 284 cannot
1670 252 1850 285 discover:

256 294 404 336 perhaps
425 294 569 326 because
589 294 631 326 he
650 294 720 326 had
738 294 828 327 local
847 296 1057 328 connexions
1076 295 1162 328 with
1179 296 1261 329 that
1278 297 1397 339 region
1416 296 1473 336 (ef.
1495 295 1559 337 Ep.
1585 304 1678 336 1407.
1704 298 1792 337 11n).

302 337 343 369 R.
369 338 412 370 de
434 337 574 369 Maulde
597 337 631 369 la
654 337 819 376 mamere,
841 338 963 371 Louisc
985 339 1024 371 dc
1046 339 1167 372 Savoie
1195 343 1225 372 et
1249 340 1415 380 Franqois
1443 340 1506 377 ΙΨ,
1535 340 1629 380 1895,
1650 349 1708 381 pp.
1729 348 1749 371 2
1754 341 1851 381 31-8,

257 381 428 413 describes
447 391 542 413 some
566 381 814 422 compositions
834 382 1021 415 addressed
1045 382 1093 424 by
1112 382 1275 417 Molinius
1295 387 1333 416 to
1354 384 1406 416 his
1426 382 1525 424 royal
1544 382 1654 424 pupil,
1674 392 1752 415 now
1771 391 1850 415 uss.

255 424 290 456 in
308 424 367 456 the
383 424 473 456 Bibl.
491 424 678 456 Nationale
691 428 730 457 at
745 425 842 458 Paris
856 426 924 465 (Fr.
947 428 1040 467 1383,
1062 428 1143 468 1863
1161 439 1168 458 :
1198 427 1277 460 Lat.
1296 428 1417 469 3594&
1433 428 1556 467 8396);
1585 426 1647 458 the
1663 425 1738 458 first
1750 425 1852 468 being

255 478 275 499 a¹
292 467 499 500 translation
514 467 550 500 of
565 468 654 500 Xen.
672 468 749 509 Cyr.
770 478 797 506 1,
814 469 875 501 the
889 470 1017 502 second
1031 480 1053 502 a
1068 469 1178 503 moral
1191 471 1352 514 dialogue
1367 471 1507 503 written
1522 473 1561 502 at
1575 469 1740 502 Amboise
1758 477 1852 511 1505,

255 511 325 543 and
342 511 402 543 the
418 511 539 543 fourth
555 522 601 544 an
618 512 683 544 ode
699 512 754 545 for
771 512 922 546 Francis'
940 513 1144 557 eighteenth
1161 514 1337 556 birthday,
1360 524 1396 546 12
1416 515 1512 556 Sept.
1534 513 1646 555 1512.]

256 615 352 643 DES.
387 615 589 644 ERASMVS
620 616 950 645 ROTERODAMVS
981 618 1022 646 R.
1055 618 1093 646 P.
1127 618 1371 648 FRANCISCO
1404 617 1610 654 MOLINIO,
1642 616 1853 646 EPISCOPO

679 671 990 700 CONDOMIENSI
1020 672 1286 710 DESIGNATO,
1318 674 1352 701 S.
1385 673 1428 700 D.

311 729 529 770 HILARIVS
555 734 699 770 noster
723 735 822 771 tuas
847 733 1059 784 perferens
1083 733 1240 781 literas,
1268 733 1536 772 ornatissime
1560 730 1746 778 Praesui,
1772 730 1856 770 rari

256 784 476 824 cuiusdam
514 785 708 825 candoris
745 790 789 825 et
826 786 1148 827 beneuolentiae
1185 787 1407 839 singularis
1444 799 1544 839 erga
1579 798 1658 825 nos
1693 785 1853 837 plenas,

255 838 446 889 profecto
468 839 694 891 plurimam
717 840 866 880 attulit
887 841 1160 881 hilaritatem.
1213 841 1367 894 Itaque
1389 841 1561 893 quando
1583 845 1633 880 tu
1655 840 1856 892 dignatus

255 906 298 931 es
327 893 450 933 nobis
480 894 714 946 significare
743 895 848 946 quid
876 896 1002 934 isthic
1031 909 1172 935 rerum
1202 909 1333 948 geras,
1366 896 1470 935 mihi
1499 895 1685 934 vicissim
1715 895 1854 934 visum

221 951 321 995 5cst
353 960 499 987 curare
531 961 584 987 ne
617 949 778 988 nescias
811 949 916 1000 quid
947 963 1088 989 rerum
1120 963 1198 990 nos
1231 951 1298 990 hie
1332 950 1575 1002 agebamuS,
1611 961 1745 1001 quum
1777 952 1855 987 tua

254 1001 500 1041 redderetur
536 1003 728 1054 epistola.
793 1003 1012 1051 Horatius,
1049 1017 1184 1056 quum
1219 1017 1269 1044 ea
1304 1005 1583 1044 meditaretur
1617 1016 1728 1055 quae
1763 1015 1854 1055 per-

255 1056 442 1095 tinerent
464 1056 519 1095 ad
541 1057 648 1096 bene
670 1057 916 1106 fluendum,
940 1060 1003 1098 ita
1025 1059 1184 1107 scribit,

420 1121 564 1161 Condo
590 1126 634 1161 et
659 1135 867 1174 compono
893 1136 1003 1175 quae
1028 1137 1129 1163 mox
1153 1124 1399 1176 depromere
1424 1124 1595 1176 possim.

256 1185 349 1225 Hoc
366 1199 535 1226 carmen
551 1187 654 1227 mihi
669 1188 822 1227 iustius
843 1202 1061 1240 vsurparo,
1080 1190 1154 1241 qui
1168 1193 1264 1229 tum
1278 1190 1323 1229 in
1338 1189 1403 1229 his
1423 1202 1539 1228 eram
1559 1201 1670 1240 quae
1689 1187 1855 1228 faciunt

200 1258 238 1280 10
256 1240 311 1279 ad
338 1241 444 1280 bene
472 1242 750 1281 moriendum.
807 1243 919 1282 Nam
946 1244 1050 1283 haec
1077 1248 1143 1283 est
1169 1245 1397 1296 praecipua
1424 1243 1715 1295 philosophiae
1741 1255 1854 1294 pars,

256 1295 525 1347 maximeque
561 1298 681 1336 seria.
749 1297 801 1336 Id
838 1299 1013 1337 tametsi
1048 1311 1123 1350 per
1161 1311 1330 1338 omnem
1367 1299 1505 1338 vitam
1542 1297 1754 1350 agendum
1791 1301 1857 1336 est

256 1350 465 1397 omnibus,
488 1354 635 1390 tamen
655 1352 795 1391 nescio
817 1365 902 1403 quo
923 1356 1051 1403 pacto
1072 1353 1260 1405 Phryges
1281 1366 1427 1392 sumus
1448 1352 1650 1405 plerique,
1671 1365 1749 1391 nec
1769 1350 1856 1390 fere

255 1405 336 1443 nisi
353 1404 487 1456 plagis
504 1405 720 1445 reddimur
737 1406 1058 1446 emendatiores.
1106 1407 1275 1446 Renum
1293 1407 1424 1454 dolor,
1444 1420 1578 1459 quum
1595 1406 1699 1446 alias
1716 1418 1855 1458 saepe,

256 1462 351 1497 tum
381 1471 524 1498 mense
555 1459 664 1499 Iulio
695 1461 885 1511 proxime
916 1465 1027 1508 acto,
1060 1474 1126 1501 me
1157 1462 1216 1501 sic
1246 1461 1398 1501 afflixit
1428 1466 1479 1501 vt
1508 1462 1615 1500 serio
1644 1460 1775 1500 fuerit
1803 1459 1857 1498 de

202 1529 236 1562 15
258 1513 477 1564 migrando
499 1514 797 1566 cogitandum;
828 1528 977 1554 verum
996 1515 1110 1555 idem
1130 1516 1186 1554 ad
1206 1515 1303 1555 Iesu
1324 1515 1511 1555 natalem
1532 1528 1599 1554 me
1619 1515 1677 1554 sic
1697 1515 1857 1554 inuasit

257 1572 307 1606 vt
327 1567 553 1619 desperata
573 1569 679 1616 vita,
701 1582 814 1608 mors
834 1569 963 1609 fuerit
983 1571 1115 1609 etiam
1134 1571 1179 1609 in
1200 1571 1325 1610 votis.

311 1621 499 1661 Acerbus
522 1622 695 1674 quidem
718 1627 762 1662 et
785 1625 962 1675 agrestis
985 1625 1171 1663 monitor
1193 1629 1259 1664 est
1282 1624 1480 1671 calculus,
1505 1628 1550 1663 et
1571 1624 1664 1675 ipsa
1687 1636 1857 1675 quoque

259 1680 394 1715 morte
425 1676 643 1716 crudelior.
703 1677 785 1717 Sed
814 1682 961 1717 tamen
989 1678 1071 1718 hoc
1098 1679 1159 1718 illi
1187 1678 1334 1726 debeo,
1366 1678 1435 1717 vel
1463 1691 1538 1730 per
1565 1678 1686 1717 illum
1714 1678 1858 1729 potius

258 1729 442 1769 Domino
472 1730 582 1778 Iesu,
613 1731 728 1782 quod
757 1745 870 1771 nunc
899 1732 1045 1772 sedulo
1074 1733 1226 1772 damus
1255 1746 1428 1785 operam
1456 1746 1510 1772 ne
1538 1745 1650 1772 mors
1678 1745 1756 1771 nos
1785 1745 1856 1783 op-

199 1802 242 1825 20
258 1785 417 1836 primat
452 1785 700 1836 imparatos,
740 1787 871 1825 etiam
909 1787 944 1826 si
980 1800 1067 1826 non
1104 1787 1270 1826 dederit
1306 1788 1494 1839 spatium
1532 1786 1858 1838 Exomologesi3

258 1851 390 1890 quam
426 1852 539 1878 nunc
565 1839 633 1878 ad
669 1844 713 1880 te
751 1841 977 1888 mittimus,
1016 1841 1136 1881 velut
1173 1842 1452 1894 appendicem
1489 1854 1681 1880 mearum
1719 1841 1776 1880 ad
1813 1844 1857 1879 te

257 1893 490 1932 literarum.
550 1893 644 1942 Qua
672 1895 707 1934 si
735 1899 858 1934 tuam
887 1896 1112 1948 epistolam
1141 1896 1248 1935 bene
1276 1900 1501 1948 pensatam
1528 1895 1749 1942 iudicabis,
1780 1895 1861 1933 erit

259 1960 370 1999 quur
402 1948 676 1988 vehementer
707 1950 929 2001 gaudeam.
991 1950 1105 1990 Nam
1138 1951 1328 1990 animum
1359 1952 1492 1990 istum
1525 1951 1610 1990 scio
1643 1962 1711 1989 me
1742 1948 1859 1988 nullo

259 2015 450 2053 vnquam
470 2003 607 2042 officio
625 2016 802 2054 pensare
821 2017 956 2056 posse.
1005 2005 1097 2053 Eia,
1119 2005 1292 2044 Praesul
1310 2005 1590 2057 integerrime,
1611 2005 1670 2043 sie
1688 2004 1859 2043 interim

201 2074 240 2106 25
259 2056 382 2095 nobis
411 2056 603 2096 fruamur
632 2059 676 2096 in
707 2058 904 2106 Domino,
937 2059 1072 2099 donec
1101 2060 1269 2099 reddita
1299 2064 1541 2111 temporum
1570 2058 1860 2110 tranquillitas

260 2111 452 2161 patiatur
477 2124 554 2150 nos
579 2113 752 2163 propius
776 2113 905 2165 iungi.
960 2114 1075 2153 Bene
1100 2114 1207 2153 vale.

315 2164 505 2203 Basileae
528 2170 648 2205 sexto
671 2166 840 2206 Calend.
864 2168 989 2206 Mart.
1012 2168 1137 2208 Anno
1159 2181 1184 2207 a
1206 2168 1372 2208 Christo
1393 2172 1497 2207 nato
1519 2178 1565 2207 M.
1581 2178 1788 2221 D.XX11115.

625 2297 747 2337 1427.
811 2295 880 2337 To
912 2296 1170 2339 MELOHIOR
1200 2296 1499 2339 VIANDALUS.

311 2385 441 2420 Gouda
459 2385 534 2420 MS.
558 2396 656 2430 1324,
676 2386 702 2421 f.
720 2396 764 2431 73
784 2388 847 2430 (a).
1568 2387 1687 2422 Basle.

309 2442 596 2489 Exomologesis,
618 2452 718 2488 1524,
737 2444 781 2480 1⁰.
800 2444 852 2479 D2
869 2446 923 2489 (β)
941 2459 947 2479 :
981 2445 1055 2480 LB.
1075 2457 1110 2479 v.
1130 2456 1149 2479 2
1154 2455 1172 2490 3
1178 2456 1209 2490 3.
1439 2454 1480 2490 25
1502 2445 1693 2491 February
1712 2454 1812 2490 1524.

309 2523 395 2563 [The
425 2523 574 2566 opening
603 2523 674 2556 and
703 2524 909 2567 concluding
938 2535 1101 2567 passages
1130 2525 1167 2558 of
1195 2524 1371 2558 Erasmus’
1403 2525 1633 2567 Paraphrasis
1661 2525 1700 2557 in
1727 2525 1862 2558 tertium

265 2565 452 2605 Psalmum,
473 2568 549 2600 first
566 2568 705 2609 printed
724 2568 810 2601 with
828 2568 889 2601 the
907 2568 1154 2610 Exomoloqesis
1173 2569 1232 2608 (133
1264 2580 1320 2602 see
1338 2580 1371 2611 p.
1391 2571 1493 2610 411):
1526 2569 1728 2602 mentioned
1744 2569 1782 2601 in
1800 2568 1862 2601 the

309 2644 378 2668 ΤῙΤ.
404 2645 484 2669 nss.
505 2637 580 2669 add.
603 2640 637 2671 β.
816 2647 1024 2672 DESIGNA'IO
1043 2639 1119 2671 add.
1142 2642 1175 2674 β.
1350 2648 1401 2671 21.
1428 2663 1437 2677 ,
1457 2650 1565 2681 quam
1583 2649 1677 2672 nunc
1696 2639 1741 2671 ad
1762 2641 1798 2671 te
1817 2650 1836 2668 α
1853 2649 1861 2669 ;

266 2690 459 2721 supremae,
477 2690 585 2722 quam
601 2691 694 2714 nunc
713 2684 746 2716 β.

314 2793 340 2817 1.
368 2784 537 2826 Hilarius]
579 2786 817 2828 Bertulphus;
872 2797 929 2819 see
963 2787 1027 2829 Ep.
1146 2795 1193 2828 15.
1220 2787 1266 2820 ad
1289 2787 1369 2820 Iesu
1391 2787 1562 2829 natalem]
1584 2788 1647 2821 See
1670 2787 1735 2830 Ep.
1765 2789 1859 2829 1408.

271 2836 488 2913 1257li‘t11e3rras]
502 2872 576 2905 Not
588 2876 725 2906 extant.
1100 2840 1195 2907 3126.
1221 2875 1363 2917 propius
1388 2875 1500 2918 iungi]
1527 2875 1595 2924 For
1620 2874 1680 2906 the
1706 2873 1863 2924 politica]

312 2915 343 2945 6.
369 2914 552 2956 Horatius]
567 2917 631 2957 Ep.
653 2926 680 2949 1.
702 2926 728 2949 1.
751 2926 799 2949 12.
1097 2928 1237 2951 reasons
1263 2918 1376 2951 which
1402 2919 1504 2951 made
1528 2919 1560 2950 it
1583 2917 1783 2959 impossible
1808 2918 1863 2950 for

316 2966 364 2989 12.
391 2957 559 3000 Phryges]
595 2959 646 2993 Of.
684 2960 791 3001 Δάας.
830 2962 896 2994 28:
947 2961 1030 2995 Sero
1097 2961 1264 2994 Erasmus
1288 2965 1327 2994 to
1351 2962 1454 2995 think
1479 2961 1516 2994 of
1537 2961 1641 3003 going
1666 2964 1705 2993 to
1730 2961 1863 2993 Franco

267 3000 411 3042 sapiunt
422 3001 516 3042 Phry
539 3013 585 3034 es.
1096 3014 1152 3038 see
1171 3005 1261 3047 Epp.
1286 3007 1380 3046 1408.
1401 3014 1518 3044 19-21‚
1537 3013 1629 3045 1411.
1647 3014 1746 3044 9-11,
1765 3013 1857 3047 1415.

317 3052 367 3083 14.
393 3054 509 3076 mense
547 3045 631 3086 ulio]
646 3045 709 3079 See
726 3046 790 3088 Ep.
814 3048 905 3088 1376.
927 3056 980 3088 311.
1098 3057 1243 3088 99-100.
