2012 3370
184 136 306 188 1369]
613 137 685 178 To
715 137 1024 177 OUTHBERT
1053 137 1348 178 TUNSTALL
1701 140 1780 178 295

185 249 328 287 venire
350 252 412 296 vt,
437 248 539 287 dum
562 249 718 286 maiore
740 247 883 286 studio
906 260 1035 298 quam
1057 247 1213 286 iudicio
1235 260 1323 286 rem
1345 251 1510 298 gerunt,
1535 260 1620 284 non
1642 247 1778 285 solum

185 315 270 341 vna
304 316 399 341 cum
434 303 603 342 zizaniis
636 301 822 340 euellant
855 303 1058 348 triticum,
1094 301 1210 352 quod
1244 301 1434 340 Christus
1467 302 1512 339 in
1546 301 1778 352 Euangelio

184 356 272 395 fieri
299 358 451 404 vetuit,
479 369 626 396 verum
652 357 782 395 etiam
808 368 886 406 pro
912 357 1082 395 zizaniis
1108 355 1293 394 euellant
1318 356 1509 394 triticum
1530 368 1538 401 ;
1581 355 1685 394 dum
1711 354 1778 393 vel
1802 371 1840 392 10

183 412 299 461 prius
330 411 538 450 damnant
568 423 697 461 quam
727 410 984 461 intelligunt,
1017 410 1085 448 vel
1116 409 1231 461 quod
1262 411 1330 461 pie
1360 410 1523 448 dictum
1555 413 1620 448 est
1650 409 1776 448 inter-

183 466 421 515 pretatione
459 465 724 515 deprauant:
780 464 908 514 idque
947 464 1082 503 videri
1120 464 1273 502 volunt
1311 464 1447 502 zelum
1486 463 1696 514 religionis
1734 467 1779 501 et

182 519 408 558 haereseon
441 519 598 565 odium,
633 531 766 569 quum
800 518 904 557 haec
938 519 1165 569 praecipua
1198 519 1254 557 sit
1286 519 1418 568 pestis
1451 522 1495 557 et
1528 519 1702 569 pietatis
1734 521 1779 555 et

181 574 442 613 concordiae.
499 573 566 613 Sic
588 574 661 624 qui
682 572 956 611 vehementer
977 576 1126 611 amant
1148 573 1405 622 quempiam,
1430 572 1533 611 nihil
1555 573 1599 610 in
1621 585 1670 610 eo
1692 584 1777 610 non

180 627 360 667 laudant
379 641 387 674 ;
423 629 496 678 qui
516 627 787 666 vehementer
806 626 1000 673 oderunt,
1021 626 1126 665 nihil
1145 639 1232 665 non
1250 626 1472 665 damnant.
1531 626 1583 664 In
1602 626 1777 664 Lutheri
1801 641 1834 672 15

180 683 347 733 scriptis
378 682 587 733 quaedam
618 681 745 720 audio
775 681 1004 732 reprobari,
1037 693 1159 731 quae,
1193 681 1227 719 si
1258 680 1398 718 sobria
1424 680 1648 719 collatione
1667 681 1778 719 inter

180 736 368 775 eruditos
383 741 427 775 et
438 737 623 787 integros
635 735 969 786 disputarentur,
983 734 1175 773 nonnihil
1191 734 1431 773 conferrent
1443 734 1498 773 ad
1513 734 1777 785 spiritualem

179 794 223 828 et
236 790 538 841 Euangelicum
549 791 749 841 vigorem,
761 803 787 828 a
799 802 884 841 quo
897 789 1082 828 mundus
1091 790 1270 827 nimium
1280 788 1472 840 profecto
1482 788 1754 840 degenerauit
1767 801 1774 826 :

179 844 307 895 idque
345 857 489 883 eorum
523 857 651 896 opera
681 845 964 895 potissimum,
997 844 1071 894 qui
1102 842 1218 894 apud
1250 843 1383 882 Italos
1415 843 1480 882 ius
1511 842 1777 894 pontificium

180 898 355 948 professi
374 903 486 945 sunt,
507 912 661 950 magna
679 898 851 949 quidem
870 911 967 937 cum
986 897 1111 936 laude
1129 902 1223 937 tum
1242 897 1398 948 ingenii
1416 901 1510 935 tum
1528 897 1776 942 industriae,
1797 913 1840 934 ιο

179 952 253 991 sed
283 954 448 992 vtinam
479 954 571 1004 pari
601 952 743 992 fructu
775 965 900 991 verae
930 953 1117 1003 pietatis
1174 952 1512 991 Constitutiones
1542 951 1777 997 hominum,

178 1008 380 1057 quoniam
403 1008 624 1057 imperitae
648 1007 913 1046 multitudini
936 1006 1022 1045 fere
1045 1010 1265 1057 parantur,
1290 1006 1369 1044 hoc
1394 1009 1540 1057 agunt,
1566 1009 1616 1044 vt
1639 1006 1779 1043 minus

178 1066 375 1111 peccetur
395 1074 402 1100 :
441 1062 595 1101 Christi
617 1061 883 1113 philosophia
905 1061 1027 1112 longe
1048 1061 1177 1099 altius
1198 1064 1340 1107 vocat,
1363 1064 1406 1099 et
1428 1060 1520 1099 aliis
1540 1059 1778 1098 rationibus

177 1116 425 1166 ingreditur.

232 1170 387 1209 Fateor
420 1183 509 1209 esse
543 1171 808 1209 verissimum
842 1170 958 1220 quod
991 1173 1041 1208 tu
1075 1182 1161 1208 non
1195 1170 1335 1207 minus
1368 1169 1615 1219 eloquenter
1648 1180 1778 1218 quam
1798 1184 1836 1215 23

175 1223 339 1263 erudite
356 1224 538 1270 disseris,
557 1226 715 1275 priscos
733 1224 945 1263 Ecclesiae
961 1236 1153 1275 proceres
1167 1235 1379 1274 nusquam
1397 1224 1531 1274 magis
1546 1222 1780 1261 declarasse

176 1277 280 1328 quid
306 1279 487 1329 ingenio,
513 1279 707 1317 doctrina
728 1278 1014 1329 facundiaque
1036 1278 1261 1324 valuerint,
1285 1290 1415 1328 quam
1439 1278 1484 1315 in
1511 1276 1778 1315 conflictibus

175 1331 379 1371 aduersus
399 1333 645 1378 haereticos,
668 1345 744 1371 nec
765 1332 935 1371 aliunde
955 1332 1050 1383 plus
1071 1345 1195 1370 verae
1215 1332 1353 1370 laudis
1373 1331 1566 1370 retulisse
1586 1344 1593 1377 ;
1631 1335 1675 1369 et
1695 1331 1777 1369 huc

175 1399 242 1424 me
270 1399 476 1437 prouocas
503 1386 734 1437 splendidis
763 1399 864 1425 sane
891 1386 1108 1437 exemplis,
1139 1386 1342 1436 Origenis,
1373 1385 1532 1431 Basilii,
1562 1385 1777 1435 Cypriani,

175 1440 438 1492 Hieronymi,
454 1440 694 1491 Augustini.
753 1441 909 1479 Verum
924 1440 997 1479 vbi
1011 1453 1078 1479 me
1093 1453 1189 1479 cum
1203 1440 1268 1478 his
1283 1439 1465 1486 confero,
1482 1451 1549 1478 me
1563 1440 1776 1485 miserum,
1799 1454 1842 1486 30

175 1496 383 1545 probinus,
414 1499 465 1534 Vt·
494 1495 718 1534 ΗΟΙΠΘΓῘΟΘ
748 1495 901 1541 dicam,
934 1497 1048 1545 παραὶ
1083 1496 1176 1533 ποσὶ
1206 1497 1376 1533 κάππεσε
1407 1496 1530 1544 έᾷὐμός.
1602 1493 1778 1532 Vbinanl

174 1562 245 1588 eas
264 1550 374 1588 vires
394 1561 500 1600 quas
520 1550 624 1588 mihi
643 1562 835 1588 sermone
854 1549 1052 1588 tribuunt
1072 1548 1209 1595 multi,
1231 1562 1275 1587 re
1293 1548 1443 1587 itidem
1463 1547 1564 1587 dare
1583 1548 1749 1599 possint
1768 1546 1777 1586 Ι

177 1603 269 1642 Hoc
295 1617 429 1643 vnum
456 1604 666 1655 polliceor,
695 1617 762 1642 me
789 1617 865 1655 pro
892 1617 987 1642 mea
1013 1603 1298 1654 qualicunque
1325 1604 1520 1654 portione
1546 1615 1632 1641 non
1659 1601 1776 1640 defu-

175 1661 319 1696 turum
343 1658 554 1697 Ecclesiae
574 1660 762 1709 negocio.
821 1658 995 1697 Vtinam
1017 1658 1069 1696 de
1091 1659 1209 1697 exitu
1231 1658 1290 1696 rei
1311 1661 1389 1696 tua
1409 1662 1453 1696 te
1473 1656 1597 1695 fallat
1612 1657 1775 1695 diuina·

174 1713 236 1750 tio
256 1712 263 1750 1
322 1713 426 1751 Mihi
449 1726 535 1751 non
559 1712 791 1751 admodum
815 1714 955 1763 sagaci
978 1714 1063 1751 iam
1088 1712 1251 1750 dudum
1275 1711 1388 1750 idem
1412 1711 1593 1750 subolet.
1653 1710 1775 1757 Quod
1798 1726 1834 1758 35

174 1767 209 1804 si
221 1768 404 1813 eueniat,
419 1780 565 1805 vereor
574 1780 627 1805 ne
640 1780 716 1818 pro
729 1768 914 1806 excussis
927 1766 1212 1817 pontificibus,
1224 1766 1431 1816 episcopis
1444 1770 1488 1803 et
1500 1764 1774 1816 principibus,

174 1820 366 1859 sordidos
397 1821 605 1872 quosdam
636 1821 831 1860 dominos
861 1822 1113 1871 recipiamus
1144 1820 1281 1858 multo
1311 1820 1393 1859 illis
1423 1819 1773 1858 inclementiores,

175 1875 287 1913 Nam
316 1878 493 1927 ἀναρχίαν
521 1877 606 1914 iam
637 1876 800 1926 pridem
828 1879 1023 1914 mussant
1051 1876 1080 1913 ii
1110 1888 1216 1925 quos
1245 1874 1555 1924 Anabaptistas
1585 1877 1771 1911 vocant:

174 1929 348 1968 aluntur
374 1934 419 1968 et
446 1930 529 1968 alia
555 1930 805 1980 dogmatum
834 1934 1037 1974 monstra,
1067 1942 1190 1980 quae,
1219 1930 1253 1967 si
1280 1929 1564 1979 proruperint,
1593 1927 1775 1966 efficient

175 1987 224 2022 vt
253 1983 463 2022 Lutherus
492 1984 799 2035 propemodum
829 1984 1092 2023 orthodoxus
1120 1983 1255 2021 videri
1282 1983 1429 2034 possit.
1487 1982 1704 2020 Mussatur
1732 1985 1775 2019 et
1792 1997 1836 2027 40

174 2037 291 2084 illud,
322 2038 583 2089 baptismum
611 2051 687 2077 nec
714 2039 758 2076 in
786 2038 943 2077 adultis
970 2051 1047 2076 nec
1074 2039 1118 2076 in
1145 2037 1334 2088 paruulis
1361 2050 1450 2075 esse
1477 2037 1773 2075 necessarium.

176 2091 299 2139 Quod
329 2093 364 2131 si
394 2094 692 2144 persuaserint,
724 2093 768 2131 id
799 2092 914 2143 quod
945 2093 1179 2131 moliuntur
1209 2091 1397 2142 quidam,
1430 2092 1474 2129 in
1506 2090 1775 2129 Eucharistia

174 2146 278 2184 nihil
310 2159 398 2186 esse
430 2148 510 2186 nisi
542 2160 696 2198 panem
729 2151 773 2186 et
804 2148 966 2194 vinum,
1000 2159 1086 2186 non
1118 2146 1242 2185 video
1275 2146 1379 2197 quid
1410 2145 1533 2184 nobis
1564 2144 1773 2196 reliquum

173 2200 336 2240 faciant
355 2201 408 2240 de
428 2203 704 2240 sacramentis
724 2201 1028 2240 ecclesiasticis.
1087 2201 1248 2239 Extitit
1268 2200 1383 2239 aliud
1403 2200 1593 2239 insaniae
1613 2211 1745 2251 genus
1765 2211 1773 2245 ;

174 2255 407 2306 prophetae
432 2256 585 2295 volunt
609 2256 756 2303 videri,
783 2256 857 2295 sed
881 2255 1074 2294 ridentur
1099 2256 1153 2294 ab
1179 2255 1389 2295 omnibus.
1447 2254 1576 2293 Nulla
1601 2253 1772 2305 quidem
1791 2268 1830 2300 43

174 2309 314 2349 adhuc
343 2314 492 2349 exorta
521 2314 586 2349 est
614 2314 731 2350 secta
760 2323 870 2361 quae
899 2310 952 2349 de
980 2310 1149 2350 Christo
1178 2309 1395 2361 praedicet
1423 2309 1580 2359 impie:
1627 2308 1774 2346 multis

174 2368 319 2403 tamen
358 2364 426 2404 hic
464 2366 712 2416 opinionum
751 2365 964 2404 tumultus
1002 2364 1171 2403 addidit
1208 2365 1385 2410 animos,
1423 2367 1474 2401 vt
1507 2363 1651 2401 ausint
1684 2374 1771 2400 non

173 2418 310 2457 solum
337 2418 390 2458 de
415 2419 572 2459 Christi
598 2420 745 2458 diuina
770 2423 926 2458 natura
954 2419 1202 2470 blasphema
1228 2418 1357 2469 loqui,
1387 2430 1534 2456 verum
1562 2417 1692 2455 etiam
1720 2415 1773 2454 de

174 2472 416 2524 Scripturae
463 2475 597 2513 totius
645 2475 878 2513 autoritate
925 2473 1136 2513 dubitare.
1200 2472 1270 2512 Ita
1318 2471 1379 2518 fit,
1429 2472 1597 2522 quoties
1643 2469 1772 2509 semel

174 2526 359 2566 effractis
401 2528 612 2579 repagulis
655 2541 743 2567 sese
785 2529 830 2567 in
872 2528 1067 2567 licentiae
1111 2539 1310 2578 campum
1354 2525 1507 2564 effudit
1550 2525 1771 2562 hominum
1793 2539 1832 2570 50

174 2583 404 2628 temeritas,
450 2582 613 2621 nullum
655 2582 760 2621 facit
801 2582 1039 2621 insaniendi
1081 2581 1221 2627 finem,
1267 2581 1399 2619 donec
1444 2580 1586 2618 onmia
1629 2591 1771 2617 secum

174 2635 369 2674 inuoluat
390 2637 534 2675 exitio.

229 2689 342 2736 Istis,
362 2693 411 2728 vt
428 2691 642 2729 verissime
659 2690 817 2737 scribis,
837 2691 979 2729 omnia
996 2690 1221 2740 displicent
1240 2702 1248 2735 ;
1283 2688 1356 2727 sed
1373 2687 1548 2738 quidam
1566 2700 1588 2726 e
1605 2686 1772 2725 diuerso

176 2744 319 2782 omnia
354 2744 565 2782 mordicus
600 2745 799 2791 retinent,
837 2758 912 2783 nec
949 2757 998 2783 ea
1034 2743 1206 2795 quidem
1243 2744 1399 2781 mutari
1436 2741 1627 2780 volentes
1662 2753 1771 2793 quae

777 2834 826 2864 13.
855 2822 1043 2854 liacrcscwn
1066 2822 1171 2852 Lond.

220 2915 251 2943 9.
274 2904 310 2934 in
327 2902 531 2942 Euangelio]
547 2903 648 2934 Matt.
670 2912 717 2941 13.
736 2912 854 2942 24—30.
1006 2902 1192 2942 prophcts'
1221 2902 1300 2942 (Ep.
1334 2902 1425 2941 1:58.
1460 2902 1536 2939 1211)
1564 2899 1770 2941 ropudiatml

222 2958 271 2989 31.
298 2946 494 2985 Homerico]
511 2947 554 2979 Il.
576 2955 622 2986 15.
641 2948 716 2977 280.
1004 2946 1119 2976 infant
1133 2945 1285 2985 baptism
1302 2958 1309 2976 ι
1338 2945 1401 2976 but
1414 2945 1484 2976 this
1497 2955 1598 2976 name
1612 2944 1695 2975 does
1708 2947 1771 2974 not

222 2992 273 3032 38.
298 2989 566 3032 Anabaptistas]
588 2990 641 3021 An
663 2989 758 3030 carly
778 2989 937 3030 example
1003 2999 1095 3021 seem
1116 2993 1152 3020 to
1171 2989 1259 3019 have
1279 2989 1364 3020 been
1383 2988 1523 3030 applied
1540 2992 1577 3020 to
1595 2988 1703 3020 thom.

178 3033 212 3066 of
228 3034 287 3065 the
303 3044 362 3066 use
378 3034 413 3066 oi
429 3034 498 3066 this
513 3044 624 3066 namo.
664 3034 737 3064 'Pho
754 3032 762 3045 ‘
777 3033 937 3065 Zwickau
1052 3043 1102 3075 53.
1129 3033 1264 3072 scribis]
1290 3033 1353 3074 Ep.
1376 3035 1469 3073 1367.
1487 3035 1586 3072 68-9.
