2012 3370
176 137 299 187 1381]
747 138 820 177 To
851 138 1057 177 HENRY
1088 139 1195 178 vm
1691 140 1766 178 321

173 248 380 295 doctrina,
412 254 461 288 vt
489 249 613 288 nullis
641 248 872 287 terroribus
901 248 1098 286 humanis
1127 260 1370 299 quenquam
1393 247 1682 299 pertrahebat,
1704 248 1766 286 ita
1785 264 1849 296 350

173 315 302 353 quam
324 303 427 342 nihil
449 303 635 342 habebat
655 303 698 340 in
721 303 901 352 speciem
922 301 1156 352 plausibile,
1180 303 1265 340 imo
1287 315 1417 353 quam
1439 302 1575 340 multa
1596 314 1767 352 prorsus

171 357 432 397 incredibilia
452 358 459 396 1
508 357 753 396 Annunciat
772 355 986 406 quendam
1007 356 1148 394 Iesum
1169 357 1368 395 suffixum
1388 357 1514 403 cruci,
1536 357 1609 407 qui
1629 360 1766 394 morte

173 424 250 450 sua
282 412 502 451 liberasset
534 423 665 462 genus
698 411 932 449 humanum
954 424 961 448 :
1014 410 1125 449 hunc
1160 424 1249 449 esse
1283 411 1422 449 Deum
1457 414 1501 449 et
1534 410 1762 456 hominem,

170 469 322 505 natum
339 479 391 505 ex
408 466 589 517 Virgine,
608 466 682 516 qui
698 465 920 503 reuixisset
937 478 962 502 a
980 469 1115 504 morte
1133 465 1382 516 sederetque
1399 465 1453 503 ad
1471 465 1667 504 dextram
1685 464 1764 503 Dei

170 519 337 567 Patris;
382 521 455 572 qui
481 520 693 559 docuisset
719 532 808 558 esse
836 519 985 558 beatos
1012 520 1086 570 qui
1113 519 1181 558 hic
1216 519 1270 558 ob
1298 520 1362 557 sui
1396 520 1578 558 nominis
1606 518 1761 570 proies·
1783 534 1843 567 355

168 575 328 613 sionem
353 574 556 626 lugerent,
583 574 763 619 sitirent,
790 574 1009 619 esurirent,
1038 573 1334 624 affligerentur,
1363 573 1472 612 male
1498 573 1696 612 audirent
1720 577 1764 612 et

168 628 470 676 occiderentur,
489 628 587 668 olim
602 628 837 667 reuicturos
853 640 998 666 omnes
1019 640 1026 665 :
1059 632 1153 666 tum
1169 628 1261 678 ipso
1277 627 1415 666 iudice
1431 629 1523 678 pios
1540 628 1764 666 sortituros

168 682 547 729 immortalitatem,
568 683 721 733 impios
740 681 974 733 perhennes
994 681 1209 732 gehennae
1231 682 1455 720 cruciatus.
1507 681 1609 728 Quis
1629 681 1762 732 philo-

166 737 324 788 sophus
349 750 475 776 ausus
499 737 649 776 fuisset
673 736 776 775 haec
800 740 892 775 tam
917 735 1149 786 paradoxa,
1176 740 1267 774 tam
1292 749 1379 774 non
1403 736 1643 786 plausibilia
1667 748 1760 787 pro-

166 804 321 842 ponere
341 794 357 830 ?
411 791 469 830 Et
491 795 637 830 tamen
656 791 759 830 haec
782 791 845 829 ita
865 791 1076 841 persuasit
1095 790 1266 828 humilis
1290 790 1513 840 Euangelii
1536 803 1686 836 sermo,
1712 794 1762 828 vt
1781 797 1847 837 360

164 846 338 885 insanus
355 846 564 885 habeatur
581 846 654 896 qui
671 858 758 884 non
776 844 934 891 credat,
955 848 1005 883 vt
1021 848 1090 883 tot
1108 844 1328 883 hominum
1347 844 1463 882 milia
1481 845 1617 882 vitam
1637 845 1761 882 citius

165 899 362 940 deserant
380 913 510 951 quam
530 900 724 939 veritatis
745 899 1025 950 Euangelicae
1046 898 1362 950 professionem.

219 955 277 993 Et
303 967 377 1006 per
403 967 509 1005 quos
535 954 711 993 tandem
738 954 841 993 haec
868 958 994 992 tanta
1021 953 1169 992 mundi
1197 954 1381 991 mutatio
1408 956 1513 991 nata
1540 954 1641 990 est?
1686 964 1761 1002 per

164 1021 321 1059 paucos
335 1008 575 1060 discipulos,
596 1009 777 1060 ignotos,
794 1008 986 1054 humiles,
1008 1012 1170 1055 tenues,
1191 1007 1361 1046 idiotas.
1403 1006 1515 1054 Quid
1534 1007 1692 1045 attinet
1708 1006 1760 1045 de

163 1062 333 1113 reliquis
349 1063 498 1110 dicere,
515 1076 648 1114 quum
664 1063 817 1101 Petrus
831 1062 983 1101 horum
999 1063 1194 1113 princeps
1208 1062 1395 1113 piscator
1406 1061 1538 1099 fuerit
1553 1064 1598 1100 et
1609 1059 1757 1106 idiota,
1780 1068 1840 1108 365

162 1116 319 1156 Paulus
333 1121 452 1156 sutor
471 1118 682 1163 coriarius,
702 1117 842 1156 nullus
861 1118 1051 1156 omnium
1069 1116 1188 1155 diues
1207 1120 1283 1154 aut
1301 1119 1454 1167 potens
1472 1119 1549 1154 aut
1566 1114 1720 1154 nobilis
1741 1117 1756 1152 ’ἓ

161 1170 249 1210 Aut
262 1171 366 1210 nihil
379 1172 597 1211 habebant
610 1172 735 1210 huius
748 1171 910 1217 mundi,
925 1175 1002 1210 aut
1015 1172 1050 1210 si
1063 1170 1167 1222 quid
1179 1170 1432 1216 habuerant,
1446 1168 1757 1220 relinquebant.

162 1225 219 1264 Et
254 1226 470 1277 quomodo
505 1226 613 1265 tales
648 1238 737 1264 rem
773 1230 943 1264 tantam
979 1229 1196 1276 praestare
1231 1228 1466 1276 potuerunt
1487 1226 1502 1262 ⁴?
1557 1225 1757 1262 nimirum

159 1279 410 1319 adferebant
425 1281 702 1331 pharmacum
718 1281 762 1318 in
778 1280 852 1318 vili
867 1280 1038 1331 pyxide,
1056 1279 1130 1318 sed
1145 1279 1292 1318 diuina
1307 1280 1351 1318 vi
1367 1282 1519 1329 potens
1534 1282 1578 1317 et
1593 1277 1755 1317 efficax.

159 1333 346 1384 Simplex
367 1338 410 1373 et
429 1334 673 1373 inconditus
693 1338 758 1372 est
780 1334 1001 1384 Euangelii
1020 1346 1157 1372 sermo
1177 1347 1185 1380 3
1223 1346 1350 1384 quem
1372 1334 1407 1371 si
1427 1333 1522 1384 quis
1542 1331 1758 1383 expendat
1778 1346 1844 1379 370

157 1387 213 1426 ad
239 1388 500 1440 Thucydidis
527 1392 605 1427 aut
630 1388 717 1427 Titi
745 1388 855 1427 Liuii
881 1388 1116 1434 historiam,
1145 1387 1283 1426 multa
1310 1386 1581 1432 desiderabit,
1611 1386 1757 1425 multis

156 1441 408 1482 offendetur.
449 1442 587 1490 Quam
602 1442 739 1481 multa
754 1443 1107 1493 praetermittunt
1122 1441 1422 1493 Euangelistae
1438 1441 1445 1479 ἒ
1474 1453 1604 1492 quam
1620 1440 1757 1479 multa

155 1496 293 1536 tribus
304 1497 445 1536 verbis
460 1498 681 1548 attingunt
697 1496 704 1535 1
727 1509 857 1547 quam
874 1496 1020 1536 multis
1034 1496 1136 1536 locis
1148 1509 1235 1536 non
1247 1496 1448 1535 conuenit
1467 1495 1571 1534 ordo
1587 1494 1594 1533 l
1626 1507 1756 1546 quam

157 1551 303 1590 multis
336 1551 439 1590 locis
472 1553 584 1590 inter
618 1564 662 1590 se
697 1551 899 1590 videntur
933 1551 1144 1602 pugnare!
1196 1550 1314 1589 Haec
1349 1553 1551 1601 poterant
1587 1549 1756 1588 lectoris

156 1606 345 1644 animum
361 1606 543 1645 alienare
560 1619 608 1644 ac
625 1605 752 1644 fidem
769 1606 973 1657 abrogare
988 1605 1173 1645 lectioni.
1219 1604 1390 1651 Contra,
1408 1605 1482 1655 qui
1498 1605 1757 1654 scripserunt
1776 1618 1814 1650 37
1821 1620 1835 1650 5

156 1659 364 1699 humanas
376 1660 587 1707 historias,
605 1673 735 1711 quam
752 1660 920 1699 solliciti
940 1663 1043 1698 sunt
1058 1659 1171 1698 vnde
1186 1672 1275 1698 rem
1291 1659 1569 1698 exordiantur
1585 1659 1591 1697 ἔ
1625 1671 1755 1709 quam

155 1719 307 1753 curant
327 1727 379 1754 ne
400 1714 504 1766 quid
525 1719 693 1766 praeter
714 1714 927 1760 decorum,
950 1727 1003 1753 ne
1024 1714 1128 1765 qnid
1149 1727 1301 1764 parum
1322 1713 1554 1764 probabile,
1577 1725 1630 1751 ne
1651 1712 1755 1764 quid

156 1769 436 1808 inconsistens
473 1774 550 1808 aut
588 1769 821 1808 absurdum
859 1772 1034 1807 narrent
1054 1769 1060 1807 ἕ
1139 1768 1249 1807 Tum
1287 1780 1374 1819 qua
1411 1767 1628 1806 euidentia
1664 1779 1753 1805 rem

154 1823 384 1862 subiiciunt
404 1823 547 1870 oculis,
565 1823 720 1874 quibus
740 1823 895 1862 delitiis
915 1823 1126 1862 deliniunt
1145 1835 1194 1861 ac
1208 1823 1395 1861 retinent
1415 1823 1605 1860 animum
1625 1820 1752 1860 lecto-

154 1878 222 1923 ris,
253 1890 306 1916 ne
335 1877 439 1929 quid
468 1878 648 1929 obrepat
676 1877 781 1916 tedii
804 1878 811 1916 l
881 1877 1016 1928 Atqui
1044 1877 1196 1916 horum
1226 1876 1445 1915 elaborata
1474 1879 1753 1915 monumenta
1773 1881 1838 1921 380

154 1944 308 1983 magna
332 1945 384 1971 ex
409 1936 532 1983 parte
555 1931 875 1978 interciderunt,
902 1936 946 1970 et
971 1944 1080 1982 quae
1106 1935 1346 1982 supersunt,
1373 1943 1450 1969 nec
1475 1930 1530 1969 ab
1556 1929 1753 1969 omnibus

153 1990 197 2024 et
209 1987 297 2025 sine
311 1985 392 2025 fide
405 1986 616 2037 leguntur.
649 1986 751 2033 Quis
763 1989 829 2024 est
842 1987 954 2024 enim
967 1998 1101 2036 vsque
1115 1985 1221 2024 adeo
1236 1985 1430 2024 credulus
1443 1986 1517 2035 qui
1531 1983 1752 2023 confirmet

152 2040 196 2078 in
222 2040 320 2079 Tito
348 2040 469 2079 Liuio
495 2040 600 2079 nihil
627 2053 715 2079 esse
742 2039 874 2079 falsae
900 2041 1157 2079 narrationis
1178 2042 1193 2078 ’ἶ
1250 2039 1408 2079 Verum
1434 2042 1503 2077 tot
1530 2039 1750 2077 hominum

152 2094 268 2132 milia
300 2099 468 2145 reperta
501 2099 614 2141 sunt,
649 2107 758 2146 quae
792 2094 968 2134 mallent
1001 2094 1138 2133 decies
1170 2098 1353 2133 mortem
1386 2097 1586 2144 oppetere
1620 2105 1749 2144 quam

151 2148 377 2187 admittere
396 2150 440 2188 in
460 2149 726 2200 Euangelicis
744 2149 876 2188 literis
895 2150 1064 2188 vnicam
1084 2162 1172 2187 esse
1191 2148 1344 2187 falsam
1364 2148 1634 2187 sententiam.
1683 2147 1750 2185 Ex
1771 2153 1829 2193 385

151 2202 216 2241 his
231 2216 286 2241 an
298 2216 384 2242 non
399 2203 541 2254 palam
560 2204 826 2254 agnoscimus
844 2217 932 2242 rem
951 2216 1037 2242 non
1055 2216 1144 2242 esse
1163 2204 1391 2254 potestatis
1405 2206 1483 2241 aut
1497 2202 1749 2253 prudentiae

150 2257 361 2296 humanae
383 2257 456 2296 sed
479 2259 652 2297 virtutis
673 2258 843 2296 diuinae
864 2260 879 2295 ‘3
932 2257 1090 2297 Latens
1112 2259 1177 2296 vis
1199 2262 1264 2297 est
1284 2259 1328 2296 in
1351 2257 1594 2308 pharmaco,
1619 2256 1747 2307 quod,

150 2311 277 2350 semel
295 2311 483 2351 infusum
503 2313 680 2363 corpori,
701 2325 744 2351 se
763 2313 919 2363 sparsit
938 2325 1012 2363 per
1030 2313 1249 2351 vniuersas
1269 2312 1382 2350 orbis
1400 2312 1595 2350 nationes
1615 2310 1748 2349 veluti

150 2378 224 2416 per
257 2368 399 2405 omnia
428 2366 631 2405 membra.
694 2367 916 2406 Habemus
945 2380 1117 2405 causam
1151 2379 1262 2417 quur
1296 2365 1554 2416 Euangelica
1588 2365 1746 2403 veritas

147 2421 261 2459 intra
290 2425 381 2460 tam
408 2434 566 2472 paucos
590 2434 724 2460 annos
743 2434 818 2472 per
836 2421 1028 2460 homines
1048 2421 1240 2467 humiles,
1262 2421 1377 2459 omni
1398 2421 1573 2458 seuitiae
1596 2431 1746 2469 genere
1767 2432 1832 2463 390

147 2474 377 2514 rebellante
398 2475 572 2522 mundo,
595 2488 684 2514 sese
705 2476 906 2527 sparserit
927 2488 1001 2527 per
1022 2477 1267 2514 vniuersum
1290 2475 1448 2513 orbem.
1498 2473 1539 2512 N
1542 2486 1623 2511 unc
1645 2485 1745 2511 vero

147 2528 324 2568 subierit
338 2529 463 2569 alicui
481 2530 678 2568 demirari
693 2542 780 2580 qua
796 2530 961 2568 ratione
979 2529 1143 2568 factum
1157 2531 1213 2568 sit
1228 2533 1278 2567 vt
1295 2528 1562 2580 propioribus
1580 2526 1742 2571 seculis,

147 2596 279 2634 quum
319 2584 503 2623 mundus
542 2584 718 2623 haberet
758 2585 967 2635 principes
1006 2584 1279 2629 Christianos,
1321 2584 1540 2633 episcopos
1579 2580 1741 2627 doctos,

147 2637 370 2687 opulentos
387 2651 625 2689 magnaque
643 2640 875 2677 autoritate
892 2638 1120 2689 praeditOS,
1140 2639 1198 2676 sic
1215 2639 1258 2675 in
1275 2641 1505 2687 angustum
1523 2639 1743 2674 contracta

147 2692 203 2730 sit
234 2691 341 2730 ditio
374 2691 541 2731 Christi.
599 2692 711 2731 Nam
741 2693 865 2731 huius
894 2694 953 2731 rei
983 2696 1201 2743 comperta
1234 2704 1373 2736 causa,
1406 2691 1584 2729 fortasse
1617 2690 1742 2728 citius
1764 2703 1824 2735 395

145 2747 407 2785 inueniretur
426 2746 673 2784 remedium.

199 2799 281 2839 Sed
294 2812 370 2851 ego
381 2800 633 2839 iamdudum
647 2800 804 2839 oblitus
818 2802 911 2845 mei,
928 2800 1203 2851 praefationis
1215 2798 1372 2837 excedo
1386 2798 1554 2836 limites.
1596 2797 1741 2836 Redeo

145 2866 256 2893 nunc
279 2854 334 2893 ad
356 2858 549 2893 nostrum
573 2854 783 2893 medicum
806 2854 965 2893 Lucam
987 2868 994 2900 ;
1034 2866 1173 2904 quem,
1198 2859 1248 2892 vt
1269 2853 1348 2892 tibi
1371 2865 1456 2891 non
1478 2851 1630 2890 dubito
1651 2851 1741 2890 fore

144 2908 623 2955 commendatissimum,
657 2910 719 2947 ita
752 2908 877 2947 veliin
910 2921 984 2960 per
1016 2914 1058 2947 te
1092 2907 1288 2947 omnibus
1320 2906 1439 2946 reddi
1471 2906 1738 2946 commenda·

188 2999 261 3032 352.
285 2992 330 3025 B:
355 2990 581 3022 Annunciant
599 3003 626 3022 α,
719 3002 792 3033 355.
819 2990 1091 3021 suinominisa:
1121 2989 1271 3020 nominis
1283 2989 1392 3030 ipsius
1407 2992 1440 3023 β.
1519 2992 1591 3031 363.
1617 2988 1739 3020 mundi

142 3046 205 3065 om.
222 3045 248 3065 ε.
385 3038 457 3076 365.
482 3038 573 3067 eta:
599 3046 664 3066 om.
681 3034 705 3073 ς.
842 3045 915 3077 392.
942 3033 1162 3076 propioribus
1183 3032 1305 3064 seculis
1325 3033 1401 3065 add.
1424 3035 1458 3067 β.

202 3105 299 3137 452·5
927 3103 951 3131 ἱ
