2033 3395
122 155 246 206 1260]
593 155 754 195 FROM
780 153 959 194 JAOOB
989 151 1240 193 ZIEGLER
1663 153 1712 193 21

123 265 294 304 habitus
336 266 594 317 compositus
635 264 691 303 ad
732 263 947 316 quandam
991 263 1245 302 modestiam
1288 261 1469 300 videtur.
1528 262 1720 301 Praefert

121 319 252 358 etiam
273 320 514 371 hypocrisin
534 320 579 358 in
599 319 740 358 media
760 331 900 365 causa,
924 318 1092 369 qualem
1114 330 1200 355 non
1221 321 1379 355 temere
1399 315 1582 366 reperias
1604 316 1719 366 apud

122 386 298 425 magnos
327 378 532 412 auctores.
590 373 732 424 Longe
762 374 907 412 abesse
936 376 1115 423 putatur
1145 372 1199 410 ab
1230 371 1519 410 assentacione
1548 374 1593 408 et
1622 383 1717 409 con-

121 428 356 467 sectaeione
389 428 494 466 lucri
528 427 583 466 ad
616 440 756 466 rerum
791 427 997 473 dominos,
1032 426 1154 478 longe
1190 426 1244 464 ab
1279 425 1366 463 odii
1399 428 1443 463 et
1476 423 1719 463 offensionis

121 481 277 521 affectu
306 483 350 520 in
372 482 674 529 aduersarium,
702 481 815 520 vnde
844 482 969 520 rebus
997 480 1101 520 fides
1129 480 1262 519 leuior
1290 479 1518 517 haberetur
1532 491 1541 524 3
1573 491 1719 529 sapere
1736 500 1776 531 95

120 540 278 582 autem,
305 537 442 575 dicere
466 540 511 575 et
533 537 712 575 scribere
732 536 874 574 omnia
898 548 1008 587 quae
1032 535 1226 574 veritatis
1245 546 1396 585 puram
1417 532 1718 579 defensionem,

119 590 306 642 regulam
336 591 612 642 apostolicam
641 595 685 629 et
714 595 906 629 Veterum
935 593 1219 628 tractatorum
1247 588 1433 626 referant
1460 588 1716 626 sententiam

119 648 164 682 et
190 644 331 684 fidem.
390 645 469 683 His
499 645 663 683 artibus
690 645 924 683 instructus
953 643 1115 683 libellos
1144 643 1328 681 Romam
1356 641 1590 680 identidem
1620 641 1716 681 sub·

119 698 247 746 misit,
276 700 533 750 praesidium
561 699 748 738 moribus
775 703 820 738 et
847 698 1117 750 opinionibus
1144 697 1299 736 nostris
1327 696 1533 742 adferens,
1563 696 1718 746 quibus

118 753 197 792 1100
216 754 355 793 seculo
375 767 566 792 summus
585 754 644 792 rei
663 753 926 793 Christianae
946 753 1072 792 cardo
1092 751 1238 790 nolens
1258 751 1489 801 volensque
1508 754 1715 789 versatur.
1740 771 1802 793 100

119 807 212 846 Hoc
237 808 409 847 consilio
433 808 686 847 desiderium
710 808 775 847 sui
797 808 920 859 longe
944 811 1044 846 ante
1067 806 1209 852 foecit,
1234 806 1317 844 isto
1342 805 1475 844 eciam
1498 804 1716 855 insignius,

117 861 233 912 quod
265 863 518 901 vocantibus
549 876 635 901 non
665 862 793 901 semel
825 862 1008 900 dominis
1038 874 1125 900 non
1155 860 1415 912 properauit,
1447 859 1607 898 seilicet
1638 859 1717 898 1100

117 917 394 956 venerabilior
420 930 680 963 occursurus,
708 917 787 955 1100
814 917 1038 968 ampliores
1062 919 1371 967 prouocaturus
1396 914 1604 960 fortunas,
1631 926 1717 964 quo

117 983 160 1009 se
197 971 446 1022 grauiorem,
487 985 571 1023 quo
610 972 676 1010 sui
714 971 880 1022 copiam
919 971 1057 1009 minus
1095 969 1407 1020 impetrabilem
1446 967 1715 1007 ostendisset.

116 1025 203 1064 Nec
229 1038 326 1064 eum
352 1039 430 1064 sua
454 1026 685 1077 prudencia
710 1025 872 1064 fefellit.
931 1025 1166 1064 Fortunam
1193 1037 1219 1062 a
1244 1027 1370 1075 porta
1394 1023 1439 1061 in
1465 1023 1604 1061 sinum
1630 1022 1716 1061 fere

114 1079 328 1127 elicuerat,
368 1080 442 1119 sed
478 1081 762 1119 humanarum
798 1093 938 1119 rerum
976 1092 1098 1118 casus
1134 1078 1195 1116 illi
1231 1090 1377 1117 omnes
1412 1090 1509 1128 spes
1545 1077 1715 1116 euertit.

116 1133 312 1185 Namque
332 1135 411 1173 sub
431 1135 563 1186 ipsius
584 1135 774 1174 aduentu
795 1134 880 1173 Leo
901 1134 1089 1173 decimus
1109 1146 1282 1185 grauem
1304 1133 1491 1171 animam
1512 1131 1687 1170 efflauit.

169 1188 252 1227 Sed
277 1188 438 1236 audias,
465 1202 551 1236 oro,
579 1189 633 1227 ab
658 1202 743 1227 vno
768 1189 975 1240 exemplo,
1002 1201 1112 1239 quae
1135 1188 1219 1226 ista
1243 1187 1330 1225 sint
1353 1199 1488 1237 praua
1513 1186 1717 1237 dogmata

114 1254 224 1293 quae
249 1243 294 1281 hi
318 1243 425 1283 ferre
450 1257 537 1282 non
561 1248 753 1294 possunt.
812 1243 945 1282 Isthio
970 1243 1150 1282 trecenti
1176 1241 1403 1281 Christiani
1428 1241 1611 1292 synaxin
1635 1240 1715 1279 sub

115 1300 296 1348 vtraque
337 1298 474 1348 specie
515 1298 793 1337 celebrarunt.
853 1297 905 1336 Id
944 1298 978 1335 is
1021 1297 1077 1336 ad
1116 1309 1194 1335 nos
1234 1295 1381 1335 retulit
1421 1300 1466 1334 et
1505 1299 1714 1345 tanquam

113 1352 327 1403 sacrilegio
340 1356 585 1403 perpetrato
599 1352 884 1404 exaggerauit.
932 1352 1022 1390 Nos
1037 1355 1087 1390 vt
1100 1363 1188 1390 rem
1202 1350 1417 1389 funestam
1430 1350 1712 1400 excoepimus,

113 1406 418 1453 exhorruimus,
437 1407 602 1446 facinus
620 1408 736 1445 omni
753 1406 915 1445 calamo
934 1410 977 1444 et
995 1418 1171 1444 censura
1188 1404 1481 1442 damnandum
1499 1403 1713 1450 duximus,

112 1464 218 1511 puto
234 1461 336 1511 quia
351 1465 500 1500 contra
519 1462 728 1499 maiorum
749 1473 922 1507 morem,
945 1464 1094 1499 contra
1109 1459 1382 1498 manifestam
1398 1458 1714 1509 Scripturarum

113 1516 372 1554 sentenciam
418 1516 649 1562 foecerunt,
694 1515 702 1530 ⁶
717 1515 866 1561 Amen,
911 1528 1048 1561 amen,
1099 1514 1193 1553 dico
1241 1513 1376 1560 vobis,
1416 1513 1498 1551 nisi
1543 1512 1715 1552 ederitis

113 1581 282 1608 carnem
319 1570 415 1608 Filii
450 1570 633 1608 hominis
661 1574 705 1608 et
742 1570 933 1609 biberitis
961 1570 1050 1608 eius
1086 1568 1348 1620 sanguinem,
1378 1580 1464 1606 non
1500 1567 1714 1606 habebitis

112 1623 248 1662 vitam
277 1624 322 1662 in
350 1624 510 1663 vobis'.
568 1625 711 1676 Atque
740 1625 843 1663 haec
873 1624 1089 1663 sentencia
1108 1627 1261 1674 quater
1289 1623 1485 1673 repetita.
1543 1621 1602 1660 Et
1631 1621 1714 1660 alio

111 1677 217 1725 loco,
238 1678 246 1693 ‘
260 1679 464 1730 Accoepit
481 1679 599 1718 Iesus
616 1691 783 1730 panem,
805 1683 849 1718 et
865 1691 962 1718 cum
980 1679 1159 1730 aegisset
1175 1677 1349 1729 gracias,
1367 1676 1494 1728 fregit
1510 1675 1715 1727 deditque

112 1732 327 1784 discipulis
361 1738 405 1772 et
438 1734 512 1780 ait,
552 1734 574 1748 ‘⁴
594 1734 798 1784 Accipite,
835 1733 1067 1773 comedite:
1109 1733 1188 1771 hoe
1218 1736 1283 1771 est
1312 1744 1464 1782 corpus
1494 1743 1635 1769 meum
1656 1729 1711 1776 '';

111 1791 156 1825 ot
182 1791 383 1839 aeeoepto
411 1788 562 1839 poculo
590 1789 739 1840 graciis
767 1788 873 1826 actis
900 1788 1019 1827 dedit
1044 1787 1126 1825 illis
1153 1787 1308 1832 dicens,
1340 1785 1364 1800 ‘⁶
1382 1785 1526 1824 Bibite
1553 1798 1605 1824 ex
1632 1784 1711 1824 1100

110 1854 256 1881 omnes
271 1842 294 1856 '³
317 1842 340 1880 ².
399 1842 457 1881 Et
471 1842 642 1889 Paulus,
665 1842 846 1882 ‘Probet
865 1847 1009 1881 autem
1029 1842 1155 1880 homo
1175 1841 1372 1892 seipsum,
1393 1844 1436 1879 et
1454 1840 1513 1878 sic
1531 1840 1584 1878 de
1601 1852 1712 1889 pane
1733 1859 1799 1884 120

110 1895 212 1934 edat
231 1900 275 1936 et
294 1897 346 1935 de
366 1897 517 1948 poculo
539 1898 661 1935 bibat
675 1897 698 1936 ².
756 1898 899 1948 Atque
914 1901 959 1936 et
979 1897 1057 1935 hoc
1077 1896 1169 1934 loco
1189 1895 1302 1934 idem
1321 1895 1429 1933 ritus
1448 1894 1579 1933 tocies
1599 1906 1710 1932 com-

112 1955 384 1990 memoratus.
441 1952 508 1991 Sic
532 1952 688 1990 muniti
711 1951 974 1990 descendunt
996 1951 1041 1989 in
1065 1954 1280 1990 certamen
1303 1953 1530 1988 assertores
1553 1948 1712 1999 publici

111 2006 237 2044 moris
277 2010 321 2044 et
359 2006 468 2045 male
509 2006 609 2044 olim
648 2010 941 2057 recoeptarum
981 2005 1242 2056 opinionum.
1302 2004 1336 2043 Ο
1376 2016 1597 2054 nunquam
1637 2003 1711 2054 qui

109 2064 259 2098 sancta
276 2060 379 2111 legit
397 2064 441 2099 et
460 2065 615 2107 versat,
636 2060 710 2099 sed
729 2061 803 2111 qui
821 2060 990 2099 oculum
1009 2059 1255 2111 simplicem,
1276 2058 1479 2097 humilem
1498 2058 1710 2109 spiritum,

111 2118 297 2153 mentem
319 2115 491 2153 doctam
514 2128 539 2153 a
560 2115 651 2153 Deo
674 2115 859 2161 exhibet,
884 2115 989 2154 bene
1011 2115 1105 2165 pius
1127 2118 1205 2153 est.

165 2168 271 2207 Veni
303 2181 379 2220 ego
413 2169 597 2207 Romam
631 2182 742 2207 anno
775 2169 979 2220 superiori
1011 2170 1103 2220 ipso
1137 2168 1204 2207 die
1238 2167 1518 2207 Calendarum
1551 2166 1709 2213 Martii,

109 2227 312 2262 euocatus
331 2236 383 2262 ex
405 2223 588 2274 Vngaria
608 2237 681 2275 per
701 2223 884 2263 Leonem
904 2223 1129 2269 decimum,
1151 2223 1438 2274 cognicionem
1457 2222 1709 2260 instituente

109 2276 347 2329 Hippolyto
380 2278 550 2317 Estensi
582 2278 798 2325 cardinali,
831 2279 906 2330 qui
937 2279 1231 2330 episcopatum
1262 2278 1308 2315 in
1340 2277 1526 2328 Vngaria
1556 2275 1710 2314 habuit

108 2333 298 2371 omnium
329 2332 742 2384 opulentiss<imum>
761 2346 769 2371 :
817 2346 902 2384 quo
932 2333 1025 2372 loco
1056 2333 1091 2371 is
1111 2345 1206 2371 mea
1225 2331 1369 2371 studia
1388 2334 1646 2382 cognouerat
1665 2333 1710 2369 et

107 2390 341 2425 amauerat.
399 2387 593 2426 Salutaui
614 2388 865 2426 Pontificem
887 2387 942 2426 ab
964 2400 1089 2439 opere
1111 2386 1299 2438 quodam
1321 2399 1414 2425 meo
1437 2386 1481 2424 in
1502 2385 1709 2424 hereticos

725 2464 781 2504 98.
807 2465 989 2496 itentidem
1009 2465 1088 2499 MS.

943 2545 962 2576 3
985 2537 1080 2577 Sept.
1108 2537 1219 2576 1520),
1243 2534 1385 2567 brother
1406 2535 1441 2566 of
1465 2533 1523 2565 the
1546 2532 1649 2565 Dukc
1671 2532 1707 2564 of

941 2580 1109 2617 Ferrara3
1135 2579 1298 2611 Cardinal
1326 2587 1422 2618 1492,
1437 2576 1527 2618 Abp.
1551 2577 1587 2607 of
1610 2576 1705 2607 Gran

1738 1043 1796 1075 105

1738 1315 1798 1338 110

1737 1587 1791 1619 115

1732 2403 1792 2436 ¹30

158 2542 230 2576 107.
256 2535 409 2566 animam
426 2535 573 2575 efflauit]
592 2544 603 2566 1
624 2535 707 2566 Dec.
729 2544 821 2575 1521.

159 2587 232 2616 109.
259 2578 384 2619 isthic]
421 2579 464 2610 111
493 2579 693 2620 Germany:
729 2580 772 2610 ct'.
806 2578 871 2619 Ep.

114 2624 206 2662 1258.
232 2632 305 2654 11n.

159 2673 233 2703 114.
259 2666 387 2706 Amen]
401 2665 494 2697 John
510 2670 541 2697 ζ).
563 2675 612 2707 53.
637 2665 679 2697 In
700 2664 759 2696 the
776 2664 872 2696 three

109 2712 262 2741 extracta
294 2709 375 2741 herc
408 2709 538 2750 Ziegler
571 2711 598 2740 is
631 2710 778 2750 quoting
811 2708 871 2740 tho

108 2753 245 2784 version
280 2753 315 2784 of
351 2752 526 2784 Erasmus’
564 2752 692 2784 second
726 2753 870 2788 edition,

112 2804 194 2836 1519
224 2796 281 2836 (cf.
312 2796 381 2827 vol.
412 2797 446 2833 ii,
475 2806 508 2837 p.
543 2798 642 2836 183);
683 2799 808 2836 except
837 2796 872 2826 in

106 2838 131 2870 1.
160 2850 233 2881 115,
261 2839 372 2870 where
396 2840 423 2870 it
446 2839 509 2870 lias
532 2839 668 2871 habetis.
716 2839 788 2870 But
811 2838 872 2870 the

109 2883 255 2924 spelling
271 2883 299 2914 is
314 2882 368 2914 his
385 2894 471 2914 own.

158 2926 232 2957 116.
260 2928 398 2966 quater]
416 2926 451 2958 in
470 2936 526 2957 vv.
548 2927 643 2964 54-8.

197 2969 267 3001 alio
279 2970 370 3011 loco]
385 2969 488 3001 Matt.
507 2972 560 3001 20.
579 2974 668 3009 20‚7.

157 3020 228 3044 120.
255 3013 397 3053 Paulus]
420 3021 431 3042 1
451 3014 525 3045 Cor.
550 3021 597 3043 11.
619 3014 670 3043 26.

156 3057 226 3087 128.
255 3057 466 3098 Hippolyto]
503 3057 537 3088 01
562 3057 646 3088 iss-te
670 3058 712 3096 (0.
742 3060 870 3097 1478-

944 2625 1114 2663 1487-97;
1138 2621 1412 2653 Administrator
1428 2621 1463 2652 of
1487 2621 1565 2652 four
1586 2629 1704 2651 sees——

939 2665 1047 2706 Agma
1078 2665 1148 2696 and
1180 2665 1286 2696 Milan
1323 2676 1418 2707 1497,
1450 2665 1570 2705 Capua
1609 2673 1703 2705 1502,

940 2709 1082 2740 Feri-ara
1124 2709 1343 2750 1503—-until
1384 2709 1437 2739 liis
1472 2707 1589 2739 death.
1650 2707 1705 2740 He

939 2752 1009 2784 had
1031 2754 1162 2794 special
1182 2753 1394 2784 connoxions
1417 2751 1502 2783 with
1518 2751 1703 2791 Hungaiy,

939 2795 1068 2837 having
1082 2799 1186 2837 spent
1195 2805 1301 2827 seven
1316 2805 1417 2836 years
1429 2795 1525 2826 there
1539 2805 1577 2826 as
1588 2805 1609 2825 a
1623 2794 1700 2835 bey,

938 2840 1028 2870 110111
1048 2849 1066 2880 7
1086 2843 1123 2870 to
1145 2849 1194 2879 14.
1236 2841 1299 2872 See
1317 2839 1498 2871 Ciaconius
1516 2839 1562 2870 iii.
1586 2838 1701 2876 170-8.

988 2891 1060 2922 130.
1081 2882 1473 2924 opcre]C'ontralzcrc.sim
1489 2881 1704 2914 l'uldensium

938 2925 1015 2957 libra*
1031 2926 1188 2967 quinque,
1203 2926 1355 2967 Leipzig,
1370 2926 1415 2957 M.
1434 2926 1550 2964 Leter,
1566 2934 1603 2966 31
1625 2926 1701 2956 Oct.

942 2979 1048 3010 1512:
1088 2969 1200 3011 begun
1223 2980 1244 3008 9
1268 2969 1358 3002 Nox‘.
1389 2977 1485 3010 1510,
1512 2969 1575 3001 but
1599 2967 1703 2999 much

939 3013 1155 3054 intcrrupted
1172 3025 1180 3050 ;
1211 3013 1349 3055 printed
1368 3017 1406 3044 at
1424 3012 1483 3044 the
1501 3022 1649 3053 expense
1668 3013 1701 3040 01

939 3059 982 3088 11.
1013 3058 1128 3089 inm-1..
1177 3056 1220 3088 111
1245 3057 1272 3088 it
1298 3056 1427 3098 Zicglcr
1451 3055 1617 3087 attackcd
1643 3054 1701 3086 the
