2012 3370
165 1067 208 1091 20
224 1059 290 1094 est
313 1069 338 1094 a
361 1069 440 1094 me.

225 131 303 169 5308

699 130 954 170 LETTERS
985 131 1056 169 OF
1087 131 1349 171 ERASMUS

1702 136 1824 183 [1523

190 239 590 286 sturbulentissimo
634 240 772 278 seculo
817 240 1073 291 migraturus
1116 252 1248 279 essem
1292 240 1346 279 ad
1390 240 1618 280 Christum.
1676 241 1825 282 Gliscit

224 293 359 332 indies
387 294 490 333 haec
518 294 661 345 pestis,
692 307 767 333 nec
796 294 928 332 vllum
957 294 1081 333 video
1110 295 1285 334 exitum.
1343 295 1599 346 Scripseram
1628 295 1824 336 Pontifici

226 348 446 386 consilium
488 361 629 387 meum
650 362 658 394 3

717 348 790 387 sed
833 348 983 387 Eccius
1025 349 1171 388 scribit
1211 362 1335 388 suum
1378 349 1598 388 consilium
1640 351 1824 390 maxime

225 402 443 453 placuisse,
467 415 594 453 seque
616 402 730 453 apud
752 402 1002 442 Pontificem
1023 403 1162 442 valere
1183 403 1424 454 plurimum.
1484 404 1574 455 Ego
1596 417 1662 444 me
1684 405 1738 444 ab
1760 405 1824 444 his

226 457 569 496 contentionibus
615 457 794 504 abduco,
840 462 885 496 et
929 457 984 496 ad
1028 458 1333 509 tranquilliora.

170 524 211 548 10
225 511 461 549 tractandis
483 511 629 550 videor
652 512 754 550 mihi
776 511 865 550 fieri
888 512 1046 558 melior,
1071 516 1114 551 et
1136 514 1259 551 nemo
1282 513 1476 552 laeditur.

1392 458 1444 497 In
1489 458 1824 510 Paraphrasibus

280 564 540 604 Grauamina
562 565 748 605 reddidit
771 566 874 604 mihi
897 566 1066 617 Syluius
1090 566 1319 618 Aegranus,
1345 567 1417 606 sed
1441 567 1631 605 nondum
1655 568 1823 620 perlegi.

225 618 268 658 Si
296 623 345 658 tu
372 623 485 659 recte
513 621 641 667 vales,
671 625 735 659 est
762 621 878 671 quod
906 633 1159 672 magnopere
1186 621 1407 672 gaudeam.

1467 622 1524 660 Vt
1552 622 1689 669 video,
1719 622 1825 661 alius

225 673 305 712 sibi
327 675 509 725 sumpsit
531 679 674 726 partes
696 675 899 714 reddendi
920 675 1048 714 libros
1072 688 1186 714 meos
1209 676 1490 722 Ferdinando,
1515 681 1565 715 vt
1587 677 1746 728 aliquid
1770 678 1825 716 ab

225 742 275 767 eo
321 733 606 780 extorqueret.
664 730 759 769 Misi
804 734 902 781 post
947 730 1108 769 libellos
1153 731 1384 770 inauratos.

1443 731 1736 770 Ferdinandus
1782 737 1826 771 et

168 795 204 829 15
223 782 377 822 litteris
404 784 719 823 humanissimis
746 785 904 836 gratias
931 785 1030 835 egit,
1060 788 1104 823 et
1131 789 1302 824 centum
1330 785 1509 824 florenos
1537 798 1685 824 aureos
1713 786 1826 825 dono

226 838 355 876 misit.

279 892 486 939 Emoriar,
513 893 571 931 mi
597 893 818 939 Bilibalde,
845 894 879 932 si
905 893 1140 932 crediturus
1165 907 1280 932 eram
1305 894 1349 933 in
1374 895 1580 933 Vniuersis
1605 893 1826 934 Germanis

225 959 313 986 esse
354 950 526 986 tantum
567 948 908 994 inhumanitatis,
950 947 1254 998 impudentiae,
1297 949 1517 995 vanitatis,
1560 949 1824 996 virulentiae,

223 1005 435 1052 quantum
472 1002 603 1041 habet
640 1015 748 1041 vnus
784 1002 948 1041 libellus
986 1002 1184 1041 Hutteni.
1240 1003 1325 1041 Tot
1360 1003 1614 1042 testimoniis
1651 1008 1827 1043 omatus

498 1056 641 1096 Toties
664 1069 739 1107 per
761 1069 828 1095 me
851 1070 928 1095 suo
952 1056 1164 1096 Cardinali
1186 1070 1235 1096 ac
1259 1058 1408 1096 ceteris
1430 1057 1691 1108 principibus
1714 1071 1824 1098 com-

225 1109 452 1149 mendatus
480 1114 557 1150 est.
615 1111 679 1149 De
707 1111 822 1150 nullo
851 1111 1072 1150 candidius
1100 1112 1334 1150 sentiebam
1363 1116 1408 1150 et
1434 1112 1651 1163 loquebar.
1708 1113 1825 1152 Nun·

224 1177 354 1215 quam
374 1178 400 1203 a
418 1177 485 1203 me
503 1165 633 1204 verbo
651 1165 788 1204 laesus
807 1169 884 1204 est.

942 1165 1036 1204 Imo
1055 1179 1152 1205 cum
1171 1166 1238 1205 hic
1257 1170 1379 1213 esset,
1399 1166 1536 1206 obtuli
1555 1166 1825 1218 colloquium,

224 1219 259 1257 si
284 1218 388 1269 quid
413 1223 523 1258 esset
547 1220 606 1258 rei
631 1220 789 1266 seriae3
832 1220 967 1259 detuli
990 1220 1028 1259 ei
1053 1219 1250 1268 officium,
1278 1221 1312 1259 si
1337 1220 1453 1272 quod
1478 1234 1504 1259 a
1528 1234 1595 1260 me
1620 1223 1825 1272 praestari

225 1273 366 1312 vellet.
424 1273 541 1313 Nihil
561 1274 700 1313 minus
721 1274 1002 1326 expectabam
1023 1288 1153 1326 quam
1175 1275 1287 1314 hunc
1309 1275 1517 1314 assultum
1539 1276 1594 1314 ab
1615 1276 1824 1316 Hutteno.

165 1338 205 1371 25
224 1327 371 1367 Multis
402 1329 653 1368 coniecturis
684 1329 872 1368 adducor
902 1333 952 1368 vt
982 1329 1152 1368 credam
1183 1329 1415 1369 Henricum
1446 1329 1825 1382 Epphendorpium

226 1382 350 1421 huius
378 1381 549 1422 fabulae
577 1382 812 1422 artificem:

226 1490 353 1529 velim
392 1491 452 1529 illi
491 1491 755 1542 respondere.

858 1383 963 1422 adeo
991 1384 1059 1422 ille
1088 1384 1230 1423 subito
1258 1384 1398 1423 factus
1427 1388 1492 1423 est
1520 1384 1825 1425 Huttenianus.

227 1435 318 1488 Ego
356 1440 502 1476 tamen
540 1450 626 1476 non
665 1437 855 1477 desinam
894 1451 982 1477 esse
1020 1438 1166 1477 similis
1206 1439 1300 1478 mei.

813 1492 948 1538 Furit,
989 1505 1065 1531 nec
1104 1492 1236 1532 habet
1275 1493 1393 1532 cuius
1432 1493 1641 1532 iacturam
1680 1494 1825 1533 faciat.

1358 1438 1560 1478 Nondum
1599 1440 1733 1478 statui
1772 1453 1826 1479 an

225 1544 403 1596 Fugitat
423 1559 472 1584 ac
492 1546 639 1585 latitat
659 1560 771 1585 nunc
793 1546 908 1597 apud
929 1546 1132 1594 EluetiOS,
1155 1560 1241 1586 non
1262 1547 1422 1598 absque
1442 1548 1641 1598 periculo.
1690 1549 1827 1588 Fouet

168 1609 210 1641 30
224 1599 343 1638 illum
365 1599 589 1651 Zwinglius
609 1601 841 1652 Thurregii,
863 1601 937 1640 sed
958 1601 1079 1640 clam.
1138 1601 1253 1641 Bene
1274 1601 1418 1641 valeat
1437 1615 1556 1641 meus
1576 1602 1825 1642 Bilibaldus.

227 1654 408 1705 Reliqua
427 1668 651 1706 cognosces
672 1668 723 1694 ex
744 1655 927 1707 Egrano.

984 1655 1176 1695 Basileae
1198 1667 1261 1707 14.
1285 1655 1370 1696 Cal.
1392 1656 1500 1708 Aug.
1522 1656 1646 1696 Anno
1668 1657 1812 1707 †1522.

1300 1710 1502 1750 Erasmus
1531 1724 1629 1750 vere
1656 1715 1771 1751 tuus.

280 1778 518 1818 Clarissimo
543 1779 596 1819 D.
622 1779 848 1827 Bilibaldo,
874 1780 1076 1820 Caesareo
1101 1780 1349 1820 consiliario.

272 1884 321 1906 11.
350 1873 408 1906 0²:
434 1871 622 1915 Aegrarius
640 1875 680 1907 P.

228 1928 278 1959 31.
306 1917 346 1949 Ο2
362 1929 369 1948 :
395 1918 572 1959 cognoscis
585 1918 624 1949 P.
718 1918 878 1960 Aegrano
891 1919 939 1950 0².

271 2062 301 2092 7.
328 2049 511 2081 consilium
528 2051 661 2090 meum]
678 2050 742 2091 Ep.
767 2058 778 2080 1
789 2058 866 2091 352.

316 2092 455 2131 Eccius]
479 2093 497 2124 Ι
521 2097 652 2125 cannot
675 2094 748 2125 find
771 2105 842 2136 any
856 2096 994 2136 specific

226 2137 460 2178 composition
482 2136 593 2168 which
618 2137 720 2169 could
744 2138 786 2170 be
809 2138 920 2170 called
943 2139 996 2170 his

227 2179 428 2212 Consilium.
480 2180 552 2211 But
575 2180 618 2212 he
643 2181 712 2213 had
738 2182 894 2224 recently
917 2193 994 2224 pro-

227 2224 340 2256 duced
376 2224 427 2255 De
464 2222 676 2256 Poenitentz'a
712 2229 742 2256 et
779 2225 995 2266 Confessione

225 2272 345 2299 secreta
363 2277 491 2307 semper
508 2267 546 2299 in
562 2267 713 2300 Ecclesia
728 2268 795 2301 Dei
810 2269 994 2306 obseruata,

225 2315 339 2343 contra
363 2311 557 2348 Lutherum,
581 2321 606 2342 S.
620 2311 641 2343 l.
671 2315 708 2344 et
735 2322 780 2350 a.,
808 2313 997 2345 addressed

227 2359 265 2386 to
287 2354 419 2386 Adrian
443 2363 491 2392 w,
514 2354 601 2386 with
622 2365 643 2386 a
665 2356 814 2396 preface,
842 2366 879 2396 13
903 2357 992 2389 Nov.

231 2407 326 2439 1522,
352 2397 389 2429 in
415 2397 528 2429 which
554 2398 597 2429 he
623 2399 731 2440 urged
757 2399 838 2431 that
864 2400 997 2432 Luther

228 2445 323 2473 must
351 2441 394 2472 be
422 2441 610 2473 combated
639 2441 686 2483 by
715 2442 775 2474 the
803 2443 928 2484 appeal
958 2447 996 2475 to

226 2485 417 2526 antiquity.
489 2484 521 2516 A
568 2485 696 2516 second
743 2486 878 2518 edition
926 2497 995 2518 was

227 2528 368 2570 printed
379 2532 418 2559 at
429 2528 552 2566 Rome,
565 2528 589 2561 J
590 2538 620 2559 a.
634 2528 846 2567 Mazochius,
858 2540 899 2569 24
912 2530 995 2571 May

231 2581 324 2612 1523.
381 2571 456 2603 Eck
485 2571 559 2603 also
588 2571 774 2613 published
803 2576 842 2604 at
870 2573 994 2612 Rome,

228 2615 313 2647 with
336 2615 383 2646 M.
408 2615 556 2653 Franck,
580 2615 663 2656 May
686 2616 757 2647 and
780 2616 872 2648 June
899 2626 994 2658 1523,

228 2669 249 2689 a
269 2658 410 2690 defence
431 2658 466 2690 of
486 2658 608 2700 Henry
628 2659 725 2690 Vln’s
746 2659 839 2691 book
857 2661 996 2701 against

228 2702 362 2733 Luther
379 2702 458 2743 (Ep.
482 2711 575 2744 1227.
598 2703 655 2743 5n)
671 2715 679 2740 ;
710 2703 782 2734 and
798 2703 849 2735 De
867 2704 995 2744 Purqa-

226 2745 321 2783 torio,
341 2745 524 2776 dedicated
543 2749 581 2777 to
600 2746 728 2777 Hezius
746 2747 826 2788 (Ep.
849 2748 957 2788 1339).

272 2800 303 2827 9.
331 2788 483 2828 abduco]
501 2789 550 2820 Of.
571 2789 636 2830 Ep.
659 2799 753 2830 1353.
775 2799 874 2832 254n.

277 2842 325 2864 11.
353 2831 581 2870 Grauamina]
598 2832 661 2864 See
678 2833 742 2874 Ep.
765 2843 859 2874 1344.
882 2836 978 2876 165n.

295 2873 513 2915 ἱἈεὲτειηιιε]
525 2875 586 2907 See
605 2876 694 2917 Epp.
712 2878 787 2919 872.
807 2887 883 2916 12n,
900 2888 994 2919 1377.

281 2926 331 2957 13.
357 2918 594 2958 Ferdinando]
615 2919 665 2951 cf.
687 2919 752 2962 Ep.
779 2923 873 2961 1361.

278 2969 327 3000 15.
352 2960 494 3001 litteris]
511 2962 574 3003 Ep.
596 2973 690 3004 1343.

909 1887 957 1916 15.
984 1876 1053 1917 egit
1073 1875 1132 1908 02:
1157 1877 1233 1917 agit
1250 1877 1290 1908 P.

1505 1889 1555 1917 29.
1584 1877 1765 1910 Heluetios
1777 1880 1826 1911 02.

1035 1930 1084 1961 32.
1111 1919 1277 1951 Erasmus
1293 1944 1300 1951 .
1321 1945 1327 1951 .
1346 1944 1352 1951 .
1375 1932 1426 1963 33.
1453 1921 1648 1953 consiliario
1663 1933 1725 1954 om.
1745 1923 1794 1955 0².

1154 2050 1263 2090 dono]
1280 2052 1330 2084 Cf.
1357 2053 1422 2095 Ep.
1450 2056 1543 2094 1386.
1571 2054 1685 2094 36-73
1710 2057 1780 2088 and
1804 2066 1829 2095 1,

1063 2097 1573 2183 Ξ1ᾱῑὲ1..ὲξῑῑ.ἓ.ἕῑέἓὲ.ἓὲ
1589 2103 1831 2183 &gfff-232¹?

1110 2193 1160 2222 19.
1184 2182 1337 2222 libellus]
1368 2183 1441 2215 The
1472 2185 1706 2226 Expostulatz'o
1722 2200 1729 2220 :
1775 2199 1830 2219 see

1065 2226 1130 2267 Ep.
1155 2225 1251 2267 1356.
1274 2226 1355 2265 63n.

1109 2280 1160 2302 20.
1187 2280 1250 2301 suo
1264 2269 1454 2310 Cardinali]
1467 2271 1590 2304 Albert
1603 2273 1639 2305 of
1653 2274 1829 2306 Branden-

1064 2313 1175 2355 burg,
1206 2313 1261 2345 for
1279 2314 1454 2346 Erasmus'
1475 2316 1758 2350 commendation
1774 2328 1830 2349 see

1063 2357 1155 2430 tEpp.
1181 2366 1255 2398 745.
1285 2360 1403 2399 15-18,
1426 2359 1481 2400 67,
1505 2361 1580 2397 968.
1607 2370 1705 2399 20-2,
1733 2371 1826 2400 1009.

1070 2412 1084 2431 J
1110 2420 1127 2423 -
1158 2409 1184 2431 1.

1089 2410 1107 2441 7
1133 2411 1274 2475 7ceteris
1306 2444 1535 2485 principibus]
1570 2445 1620 2478 Cf.
1654 2447 1718 2489 Ep.
1751 2449 1827 2490 967.

1068 2495 1191 2527 105-11
1211 2499 1220 2524 ;
1248 2487 1318 2518 and
1333 2487 1405 2519 Cat.
1422 2489 1502 2520 Iseoe.
1519 2491 1557 2529 (1,
1574 2500 1606 2530 p.
1623 2500 1676 2532 27.
1692 2492 1827 2532 26-31).

1108 2540 1160 2562 22.
1187 2540 1267 2561 cum
1282 2530 1338 2562 hic
1353 2531 1458 2570 esset]
1475 2531 1536 2564 See
1552 2533 1617 2574 Ep.
1636 2543 1730 2574 1331.
1750 2542 1828 2574 57n.

1108 2583 1159 2614 25.
1187 2573 1516 2616 Epphendorpium]
1535 2576 1597 2608 See
1619 2576 1710 2619 Epp.
1740 2586 1828 2608 1122

1063 2616 1207 2654 introd.‚
1228 2625 1329 2656 1371,
1351 2626 1450 2657 1377.

1108 2662 1159 2693 28.
1186 2661 1408 2702 respondere]
1430 2662 1499 2694 For
1520 2663 1696 2696 Erasmus’
1720 2665 1829 2708 reply,

1064 2704 1123 2735 the
1141 2703 1304 2744 Sponyia,
1322 2715 1377 2736 see
1395 2706 1459 2747 Ep.
1482 2709 1575 2748 1378.

1107 2758 1160 2789 30.
1186 2748 1386 2790 Zwinglius]
1397 2749 1447 2781 Cf.
1457 2750 1596 2782 Hutten
1604 2754 1641 2783 to
1652 2751 1830 2790 Eobanus,

1063 2801 1102 2822 21
1119 2790 1216 2832 JuIy,
1229 2791 1319 2823 from
1331 2792 1454 2824 Zurich
1469 2793 1592 2833 (EHE.
1607 2804 1666 2836 pp.
1680 2802 1780 2834 29o‚1
1793 2811 1820 2821 =

1064 2834 1141 2866 HE.
1168 2836 1267 2876 317):
1302 2833 1479 2868 ‘Abstulit
1499 2838 1537 2868 in
1563 2837 1721 2869 Eluetios
1747 2838 1829 2880 fuga

1064 2888 1129 2909 me.
1148 2902 1155 2909 .
1177 2902 1184 2909 .
1204 2878 1291 2910 Cum
1307 2879 1436 2911 scribes
1452 2890 1546 2918 vero,
1564 2884 1628 2912 aut
1642 2881 1710 2912 huc
1727 2882 1830 2914 mitte

1064 2921 1111 2952 ad
1129 2921 1337 2963 Zuinglium,
1355 2926 1418 2954 aut
1439 2923 1634 2955 Basilaeam
1658 2924 1703 2955 ad
1725 2924 1829 2957 Oeco-

1064 2964 1283 3006 lampadium
1295 2965 1302 2978 ’
1320 2978 1328 2998 2
1358 2965 1431 2997 also
1447 2966 1513 2998 Zw.
1533 2966 1585 2999 ΕΞ.
1604 2977 1680 3009 307,
1697 2977 1771 3008 310.
