2012 3370
121 137 243 187 1334]
578 132 651 173 To
680 131 835 172 JOHN
864 129 1249 172 CARONDELET
1634 129 1707 168 181

118 246 270 297 coepit,
300 259 348 284 ac
375 258 481 296 pene
508 247 575 282 tot
600 247 723 282 erant
748 243 851 282 fides
878 247 985 294 quot
1012 242 1215 281 homines.
1273 240 1506 279 Creuerunt
1532 239 1716 285 articuli,

118 300 192 338 sed
236 300 424 339 decreuit
467 299 726 349 synceritas:
788 297 985 336 efferbuit
1029 296 1259 341 contentio,
1306 294 1470 334 refrixit
1514 293 1713 332 charitas.

119 354 325 392 Doctrina
352 353 517 398 Christi,
552 365 661 403 quae
695 352 810 402 prius
843 351 1059 390 nesciebat
1085 352 1329 403 λογομαχίαν,
1360 348 1500 399 coepit
1527 361 1553 386 a
1578 347 1712 398 philo·
1730 363 1793 395 370

117 409 289 459 sophiae
320 407 538 459 praesidiis
568 406 773 457 pendere:
815 406 881 444 hic
914 410 1006 444 erat
1036 405 1196 456 primus
1228 403 1383 455 gradus
1415 402 1626 442 Ecclesiae
1659 400 1715 439 ad

117 462 326 501 deteriora
363 461 634 513 prolabentis.
691 460 979 499 Accreuerunt
1016 472 1116 511 opes
1153 462 1198 497 et
1235 457 1411 497 accessit
1447 457 1525 495 vis.
1583 456 1715 495 Porro

118 516 311 555 admixta
342 516 437 554 huic
468 515 639 566 negocio
672 514 897 553 Caesarum
929 514 1137 553 autoritas
1168 525 1254 550 non
1285 511 1467 550 multum
1500 510 1716 561 promouit

118 570 215 609 fidei
247 571 559 622 synceritatem.
617 568 806 607 Tandem
838 581 903 607 res
935 567 1120 606 deducta
1151 571 1216 605 est
1248 565 1302 604 ad
1335 565 1585 616 sophisticas
1617 577 1714 604 con-

118 625 341 671 tentiones,
368 623 641 662 articulorum
666 622 878 674 myriades
902 625 1198 673 proruperunt.
1258 620 1368 658 Hinc
1394 619 1625 658 deuentum
1651 621 1716 657 est
1731 632 1791 666 375

118 679 173 717 ad
195 683 373 717 terrores
393 691 441 717 ac
466 678 614 716 minas.
674 677 898 728 Quumque
918 677 1010 714 vita
1029 688 1106 713 nos
1130 674 1351 720 destituat,
1376 687 1509 724 quum
1532 672 1637 711 fides
1660 673 1717 711 sit

116 733 160 771 in
185 746 255 771 ore
280 733 412 783 magis
438 745 568 782 quam
592 732 637 770 in
662 732 817 778 animo,
844 743 977 782 quum
1003 729 1138 768 solida
1161 728 1233 767 illa
1258 741 1471 767 sacrarum
1497 727 1716 766 literarum

117 787 301 838 cognitio
336 799 412 825 nos
449 786 646 832 deficiat;
698 790 844 824 tamen
880 784 1111 824 terroribus
1146 783 1228 822 huc
1265 782 1474 833 adigimus
1510 781 1714 826 homines,

117 845 166 879 vt
190 840 366 880 credant
390 840 505 892 quod
529 853 615 879 non
640 840 831 886 credunt,
859 843 909 878 vt
933 842 1079 877 ament
1103 837 1219 889 quod
1243 850 1329 875 non
1349 840 1509 881 amant,
1532 840 1576 874 et
1594 834 1716 874 intel-

116 895 250 946 ligant
290 895 405 946 quod
445 908 531 933 non
570 894 826 946 intelligunt.
884 894 982 933 Non
1022 896 1167 944 potest
1206 904 1295 930 esse
1336 903 1559 942 syncerum
1600 888 1717 940 quod
1734 897 1799 937 380

117 953 312 988 coactum
327 954 403 995 est,
420 963 496 988 nec
511 949 676 988 Christo
691 953 860 1000 gratum
875 952 939 987 est
953 948 1033 986 nisi
1047 946 1163 998 quod
1176 945 1478 984 voluntarium.
1522 943 1718 983 Meminit

118 1004 242 1042 huius
274 1004 410 1055 operis
442 1003 567 1042 diuus
600 1003 886 1054 Hieronymus
917 1003 962 1040 in
994 1001 1173 1053 epistola
1205 999 1261 1038 ad
1293 999 1570 1044 Florentium,
1605 998 1719 1036 hisce

119 1058 285 1097 verbis:
341 1058 349 1073 ‘
369 1058 427 1096 Et
462 1058 673 1108 prolixum
709 1057 834 1096 valde
868 1057 1023 1095 librum
1059 1056 1123 1094 De
1159 1054 1341 1105 Synodis
1377 1054 1515 1092 sancti
1551 1052 1716 1097 Hilarii,

121 1125 248 1163 quem
286 1112 323 1150 ei
361 1112 476 1163 apud
513 1112 708 1151 Treuiros
745 1125 875 1150 manu
913 1124 1008 1150 mea
1044 1110 1134 1161 ipse
1172 1109 1488 1160 descripseram,
1527 1111 1577 1146 vt
1614 1106 1718 1145 mihi

119 1166 348 1205 transferas
371 1170 470 1217 peto
487 1166 510 1205 ’.
1736 1168 1796 1208 385

171 1220 368 1272 Iungitur
382 1221 478 1259 huic
492 1220 596 1259 liber
610 1233 736 1271 quem
751 1220 918 1271 scripsit
933 1218 1133 1257 aduersus
1149 1216 1447 1257 Constantium
1462 1215 1719 1266 Augustum,

117 1274 299 1313 Arianae
323 1274 499 1313 factioni
522 1274 739 1313 fauentem
761 1287 768 1312 :
809 1273 883 1313 sed
908 1274 974 1312 hic
999 1277 1076 1319 est,
1103 1272 1146 1310 ni
1170 1271 1306 1317 fallor,
1332 1283 1459 1321 quem
1483 1269 1652 1320 scripsit
1675 1269 1720 1307 in

118 1342 215 1367 eum
263 1329 348 1367 iam
398 1329 490 1367 vita
539 1328 803 1367 defunctum.
861 1328 1046 1366 Fortiter
1094 1327 1207 1365 enim
1257 1325 1533 1370 conuiciatur,
1584 1335 1719 1374 quum

117 1383 272 1422 caeteri
307 1382 362 1421 ad
397 1382 577 1421 eundem
613 1382 712 1429 duo,
748 1395 930 1433 quorum
966 1381 1147 1419 alterum
1182 1379 1351 1430 scripsit
1386 1379 1499 1424 viuo,
1537 1377 1719 1415 alterum

116 1437 247 1476 etiam
275 1438 507 1488 porrexisse
535 1437 732 1483 creditur,
763 1436 958 1475 blandius
986 1435 1230 1486 loquantur.
1287 1433 1482 1472 Meminit
1508 1431 1634 1470 huius
1660 1431 1720 1469 rei
1738 1448 1802 1480 390

117 1491 243 1530 diuus
270 1491 556 1542 Hieronymus
575 1492 619 1529 in
639 1491 843 1541 Catalogo
860 1504 867 1528 :
915 1490 923 1505 ‘
940 1490 1019 1528 Est
1038 1490 1127 1528 eius
1141 1488 1149 1503 '
1172 1488 1326 1539 inquit,
1349 1487 1356 1501 ⁴
1374 1491 1418 1526 et
1438 1486 1493 1525 ad
1513 1486 1718 1525 Constan-

116 1546 225 1584 tium
250 1545 427 1592 libellus,
455 1559 582 1597 quem
608 1545 772 1584 viuenti
798 1543 1166 1595 Constantinopoli
1191 1544 1450 1594 porrexerat.
1509 1540 1589 1579 Est
1613 1539 1721 1579 alius

117 1601 161 1638 in
203 1600 515 1646 Constantium,
558 1613 685 1651 quem
727 1603 827 1651 post
868 1603 1049 1638 mortem
1091 1598 1181 1637 eius
1222 1597 1391 1647 scripsit
1406 1595 1430 1634 ³.
1497 1594 1719 1634 Hactenus

119 1654 417 1705 Hieronymus.
477 1654 599 1701 Quod
639 1658 783 1693 autem
823 1653 968 1692 durius
1007 1652 1175 1703 scripsit
1212 1651 1256 1689 in
1295 1654 1526 1695 mortuum,
1567 1648 1720 1699 pietati

119 1708 269 1747 datum
297 1713 389 1747 est:
434 1708 550 1759 quod
577 1708 775 1747 blandius
801 1709 889 1759 egit
915 1721 1012 1746 cum
1040 1707 1154 1752 vin,
1184 1705 1449 1744 Christianae
1464 1703 1719 1754 prudentiae
1740 1718 1800 1752 395

118 1762 230 1808 fuit;
272 1776 381 1813 quae
407 1762 573 1801 mauult
598 1762 755 1801 mederi
780 1762 906 1807 malo,
933 1763 967 1800 si
992 1761 1130 1806 liceat,
1157 1772 1287 1810 quam
1313 1758 1577 1797 exacerbare.
1636 1756 1718 1796 Sed

120 1817 271 1856 horum
292 1817 494 1855 librorum
516 1817 619 1855 mihi
639 1817 780 1855 nullus
801 1816 971 1854 videtur
992 1815 1138 1853 haberi
1158 1813 1384 1865 perfectus.
1444 1812 1585 1859 Quum
1606 1811 1719 1849 enim

120 1875 318 1910 exactum
340 1871 545 1922 quiddam
566 1875 610 1909 et
631 1883 853 1922 operosum
875 1869 1167 1921 polliceantur,
1189 1881 1275 1906 non
1296 1870 1518 1918 praestant
1537 1865 1582 1904 id
1603 1864 1719 1916 quod

120 1925 384 1976 pollicentur,
406 1925 479 1964 sed
500 1926 634 1964 veluti
654 1925 796 1964 subito
817 1925 1095 1963 obticescunt.
1155 1922 1220 1962 Ob
1241 1922 1495 1961 affinitatem
1515 1920 1719 1959 materiae

121 1981 310 2030 iungitur
347 1980 412 2018 his
449 1979 629 2030 epistola
665 1992 795 2030 quam
833 1979 1001 2029 scripsit
1038 1977 1241 2016 aduersus
1274 1976 1552 2021 Auxentium,
1591 1986 1718 2025 quem
1736 1991 1803 2023 400

121 2034 348 2073 Mediolani
374 2034 426 2072 de
452 2034 633 2072 Arianae
658 2034 876 2073 haereseos
903 2033 1114 2072 consortio
1139 2043 1258 2070 reum
1284 2031 1473 2082 peregit:
1516 2029 1721 2068 Auxentii

122 2088 302 2138 epistola
345 2088 624 2135 subnectitur,
682 2101 769 2139 qua
813 2101 856 2126 se
901 2091 1056 2139 purgat
1102 2086 1401 2125 Valentiniano
1447 2087 1492 2123 et
1549 2082 1720 2122 Valenti

122 2142 336 2192 Augustis.

178 2196 229 2235 In
251 2197 315 2235 his
337 2196 581 2236 euoluendis
603 2196 708 2236 illud
730 2197 867 2236 obiter
887 2196 1020 2235 subiit
1041 2196 1231 2234 animum
1254 2206 1410 2240 meum,
1433 2192 1613 2231 fortasse
1635 2203 1721 2230 non

123 2250 343 2290 defuturos
361 2252 433 2302 qui
452 2253 657 2290 mirentur
674 2251 802 2302 quod,
822 2264 956 2302 quum
973 2254 1042 2289 tot
1058 2250 1188 2296 libris,
1207 2253 1332 2288 tanto
1350 2247 1494 2287 studio
1511 2250 1720 2296 tantoque
1738 2262 1800 2295 405

123 2305 349 2352 molimine,
383 2310 450 2345 tot
481 2307 753 2357 argumentis,
786 2310 854 2345 tot
885 2306 1118 2350 sententiis,
1151 2307 1220 2343 tot
1251 2302 1538 2342 anathematis
1569 2304 1721 2351 agatur

124 2364 173 2398 vt
200 2360 420 2399 credamus
448 2360 601 2399 Filium
630 2374 718 2399 esse
746 2373 894 2399 verum
922 2360 1061 2398 Deum
1089 2358 1277 2397 eiusdem
1305 2357 1511 2396 essentiae
1539 2355 1641 2400 siue,
1671 2358 1721 2392 vt

124 2414 346 2465 aliquoties
364 2415 552 2466 loquitur
570 2415 769 2462 Hilarius,
789 2414 976 2453 eiusdem
994 2414 1155 2465 generis
1173 2416 1250 2451 aut
1266 2416 1445 2450 naturae
1464 2422 1560 2448 cum
1578 2408 1720 2454 Patre,

123 2469 239 2519 quod
263 2468 410 2508 Graeci
435 2474 592 2508 vocant
617 2473 807 2520 ὁμούσιοιν,
828 2470 1035 2520 potentia,
1056 2468 1279 2518 sapientia,
1309 2466 1513 2510 bonitate,
1542 2463 1720 2502 aeterni-

125 2527 228 2569 tate,
258 2524 582 2562 immortalitate
611 2524 871 2574 caeterisque
890 2523 1015 2561 rebus
1036 2521 1233 2561 omnibus
1253 2532 1466 2571 pareni——‚
1487 2518 1540 2556 de
1560 2517 1722 2568 Spiritu
1738 2534 1804 2565 410

124 2581 272 2616 sancto
306 2579 476 2617 interim
512 2579 584 2617 vix
620 2578 706 2617 vlla
740 2577 817 2616 fiat
852 2578 1036 2623 mentio;
1085 2589 1181 2615 cum
1216 2579 1312 2614 tota
1347 2572 1634 2612 controuersia
1670 2570 1722 2609 de

125 2633 372 2682 cognomine
404 2633 492 2671 veri
525 2633 616 2678 Dei,
651 2632 703 2671 de
735 2633 982 2683 cognomine
1015 2631 1209 2674 homusii,
1244 2629 1296 2667 dc
1329 2627 1601 2678 aequalitate,
1636 2637 1722 2664 non

126 2687 266 2725 minus
303 2687 515 2737 pertineat
552 2687 607 2725 ad
646 2687 851 2737 Spiritum
889 2699 1019 2737 quam
1059 2685 1114 2723 ad
1152 2684 1320 2722 Filium.
1379 2682 1472 2721 'lmo
1510 2692 1722 2731 nusquam

125 2740 271 2779 scribit
299 2740 565 2779 adorandum
594 2741 799 2792 Spiritum
828 2744 1037 2785 sanctum,
1068 2750 1280 2789 nusquam
1308 2736 1462 2775 tribuit
1490 2735 1569 2774 Dei
1598 2747 1721 2774 voca-

126 2794 286 2841 bulum,
312 2796 391 2833 nisi
415 2795 530 2845 quod
555 2807 639 2833 vno
663 2799 740 2833 aut
764 2795 897 2833 altero
920 2794 1012 2833 loco
1035 2794 1078 2832 in
1103 2792 1285 2842 Synodis
1308 2790 1437 2829 refert
1459 2788 1724 2841 improbatos
1740 2805 1801 2837 415

178 2914 250 2945 392.
278 2903 343 2934 Est
363 2915 405 2933 a:
442 2903 489 2934 Et
511 2902 699 2943 Gamloqns.
804 2911 877 2943 402.
904 2911 975 2942 qua
995 2902 1041 2934 B:
1079 2910 1150 2941 quo
1170 2911 1201 2930 α.
1305 2909 1378 2941 405.
1405 2897 1500 2941 quod
1521 2897 1596 2930 add.
1621 2898 1654 2931 β.

668 3030 740 3069 382.
768 3023 1018 3068 Hieronymus]
1034 3026 1098 3066 Ep.
1117 3033 1145 3066 5.
1164 3036 1193 3057 ε.
