2012 3370
106 124 229 176 1287]
581 123 740 163 FROM
769 122 889 162 GUY
919 121 1218 161 MORILLON
1644 119 1692 156 71

99 232 379 283 imposuerint
401 232 614 271 silentium
635 244 643 277 ;
682 230 798 282 quod
819 243 925 269 onus
949 230 1120 268 omnino
1143 229 1186 267 in
1209 242 1279 267 eos
1302 227 1523 272 incumbit,
1549 239 1633 264 non
1655 226 1699 264 in
1717 242 1762 272 40

100 285 334 326 Caesarem.
397 286 565 327 Scribat
592 285 645 324 D.
665 285 714 324 V.
745 297 870 336 super
898 284 976 323 1100
1007 283 1272 332 Leodien<si>
1301 286 1344 321 ct
1372 281 1464 320 aliis
1492 280 1698 331 episcopis

100 353 281 392 quorum
306 339 558 379 interfuerit.
612 339 711 378 Non
737 338 887 378 dubito
913 338 1018 389 quin
1043 337 1122 377 hoc
1147 336 1271 376 facile
1295 336 1425 375 fuerit
1448 335 1697 385 impetratu,

100 395 285 434 maxime
312 394 426 445 apud
454 392 740 439 Leodiensem,
763 393 837 444 qui
857 392 910 431 de
936 392 990 431 D.
1009 391 1059 431 V.
1088 395 1179 430 tam
1208 389 1429 442 magnifice
1455 388 1574 439 loqui
1601 400 1696 426 con-

98 449 251 488 sueuit.
312 449 400 488 Nec
430 447 554 487 credo
583 460 680 486 eum
708 447 960 498 instigatum
990 446 1044 484 ab
1073 445 1310 491 Aleandr03
1360 456 1487 495 quem
1516 441 1698 494 pessime

98 502 201 550 odit,
225 506 275 541 vt
294 502 420 541 audio
441 501 495 541 ab
515 501 579 541 his
599 501 674 552 qui
692 501 771 540 hoc
792 504 1057 552 compertum
1076 500 1251 539 habent.
1718 510 1757 543 45

151 556 389 608 Epistolam
413 555 468 595 ad
490 555 731 594 Barbirium
753 555 832 594 nisi
862 559 960 593 tuto
982 555 1114 604 <11011>
1142 553 1423 593 committam.
1475 550 1700 601 Colloquar

97 623 194 649 cum
215 610 334 649 Moro
355 611 400 650 in
421 609 586 661 Anglia.
638 609 813 649 Vtinam
835 609 1035 648 haberem
1056 608 1200 647 literas
1223 607 1276 646 D.
1296 607 1346 646 V.
1370 606 1426 645 ad
1447 618 1544 645 eum
1567 609 1699 655 atque

96 664 227 703 etiam
253 664 309 703 ad
334 664 387 703 D.
416 663 683 704 Cardinalem
709 663 1043 702 Eboracensem!
1088 661 1274 701 Maxime
1300 660 1528 699 voluissem
1554 658 1698 697 videre

96 718 148 757 D.
161 718 210 758 V.
229 722 329 758 ante
344 722 537 757 nostrum
552 718 597 756 in
612 718 865 769 Hispaniam
882 717 1124 756 discessum.
1181 714 1380 767 Supplico
1394 718 1444 753 vt
1454 713 1698 764 frequenter

95 772 255 812 scribat
272 772 328 811 ad
345 785 491 812 omnes
508 776 730 823 magnates
748 771 910 818 Curiae,
930 775 973 810 et
992 770 1095 810 mihi
1112 769 1309 821 iniungat
1326 769 1361 808 si
1378 767 1483 819 quid
1501 770 1697 806 curatum
1719 781 1761 814 50

96 826 212 866 velit.
261 826 377 866 Bene
397 826 541 866 valeat
560 826 613 865 D.
633 826 682 865 V.

149 881 216 920 Ex
237 880 430 920 cubiculo
452 880 613 920 domini
633 880 796 920 Decani
816 879 1051 919 Donatiani
1071 878 1188 930 apud
1208 878 1386 929 Brugas.

637 935 688 974 E.
707 934 760 973 D.
780 934 829 973 V.
852 933 1143 973 deditissimus
1163 932 1344 972 seruitor
1364 930 1414 971 G.
1436 929 1698 969 Morillonus.

150 989 528 1029 Honorandissimo
549 989 721 1028 domino
742 1002 850 1036 mec,
872 989 924 1029 D.
948 988 1125 1027 Erasmo
1146 985 1451 1027 Roterodamo.
1491 983 1697 1024 Basileae.

445 1127 647 1169 12781288.
710 1127 851 1170 FROM
882 1127 1104 1169 ANDREW
1135 1126 1347 1168 ALcrA'rI.

143 1208 250 1243 Basle
267 1209 341 1245 Ms.
363 1210 405 1244 G.
425 1208 476 1244 ΙΙ.
500 1214 571 1253 13³.
591 1212 647 1254 48.
1304 1203 1620 1253 <Chateauneufi>

1276 1264 1329 1311 (c.
1346 1275 1392 1308 29
1413 1263 1501 1308 May
1522 1262 1647 1309 1522.)

137 1329 181 1379 [ᾼ
208 1339 299 1372 copy
326 1329 373 1372 by
400 1330 566 1362 Boniface
593 1330 801 1368 Amen-bach,
829 1329 1001 1372 probably
1029 1329 1130 1362 made
1158 1332 1196 1360 at
1222 1327 1464 1361 Chateauneuf
1492 1326 1609 1359 before
1637 1326 1696 1358 the

92 1373 236 1415 original
260 1383 330 1405 was
353 1377 432 1405 sent
456 1373 512 1406 off.
563 1374 616 1406 On
640 1374 700 1405 the
724 1384 824 1405 verso
848 1374 890 1405 he
915 1373 1037 1415 copied
1061 1372 1134 1405 also
1158 1373 1223 1414 Ep.
1253 1374 1347 1413 1278,
1373 1370 1583 1412 apparently
1606 1370 1695 1402 from

92 1417 267 1448 Erasmus’
293 1417 525 1458 rough-draft.
573 1417 640 1449 For
662 1427 684 1448 a
708 1420 801 1448 trace
821 1418 856 1449 of
875 1416 1052 1449 Erasmus'
1072 1415 1169 1458 reply
1190 1419 1227 1447 to
1246 1415 1316 1446 this
1334 1414 1438 1446 letter
1456 1424 1511 1446 see
1530 1413 1696 1445 Froben's

90 1459 194 1492 letter
211 1463 249 1492 to
267 1460 432 1492 Boniface
450 1460 583 1502 quoted
600 1461 637 1492 in
655 1461 720 1502 Ep.
744 1470 826 1501 1293
846 1459 991 1499 introd.]

146 1526 291 1566 Vama:
309 1526 485 1566 tandem
501 1526 556 1566 ad
572 1540 639 1566 me
652 1527 962 1566 Amorbachius
981 1530 1125 1566 noster
1143 1529 1326 1576 tuasque
1346 1523 1496 1564 attulit
1513 1523 1695 1570 litteras,

91 1580 359 1632 reddiditque
376 1581 501 1632 plane
518 1581 765 1633 ambiguum
782 1581 895 1620 vnde
911 1582 1046 1632 magis
1062 1581 1243 1619 laetarer
1263 1593 1271 1626 ;
1305 1592 1405 1618 nam
1423 1582 1466 1617 et
1483 1578 1695 1617 aduentus

90 1634 179 1673 eius
213 1635 349 1674 multo
385 1636 489 1674 mihi
523 1636 885 1687 exoptatissimus,
916 1640 961 1675 et
996 1634 1200 1686 quicquid
1235 1647 1260 1672 a
1294 1638 1337 1673 te
1373 1633 1585 1684 prouenit,
1617 1645 1693 1671 ceu

90 1693 420 1737 sacrosanctum,
453 1703 620 1729 summa
651 1690 767 1741 apud
797 1703 864 1729 me
894 1690 939 1729 in
969 1689 1243 1729 veneratione
1274 1692 1352 1727 est.
1412 1687 1479 1727 Sic
1510 1691 1694 1737 viroque

90 1743 260 1783 nomine
281 1757 348 1783 me
369 1744 456 1784 fere
477 1744 624 1784 beauit
646 1745 711 1783 vir
731 1744 800 1784 ille
820 1759 830 1791 ;
868 1748 912 1784 et
933 1748 982 1783 tu
1004 1748 1152 1783 tamen
1172 1756 1270 1782 eum
1286 1741 1559 1782 commendas
1574 1740 1692 1787 mihi,
1713 1762 1728 1794 5

88 1798 211 1848 quasi
230 1811 280 1837 ea
299 1799 474 1837 meritus
495 1799 602 1838 citra
622 1799 752 1838 vllam
773 1799 948 1838 alicuius
970 1797 1383 1838 commendationem
1403 1809 1489 1834 non
1508 1796 1565 1834 sit
1584 1808 1694 1846 quae

89 1852 215 1891 homo
247 1853 409 1891 homini
438 1853 625 1893 tribuere
653 1857 810 1904 potest.
871 1852 954 1892 Sed
983 1853 1063 1891 hoc
1094 1852 1146 1891 de
1176 1856 1220 1890 te
1250 1850 1498 1890 humanitas
1528 1849 1694 1900 egregia

89 1920 349 1958 synceraque
370 1907 556 1946 charitas
576 1907 688 1947 forte
709 1907 901 1954 extorsit,
919 1907 1022 1945 dum
1045 1906 1170 1945 amici
1191 1918 1320 1945 causa
1340 1905 1466 1943 nimis
1487 1903 1693 1942 sollicitus

88 1973 176 2000 esse
196 1974 283 2000 non
303 1961 490 2009 dubitas,
511 1975 818 2013 nunquamque
838 1965 989 2000 mutuo
1010 1961 1055 1999 in
1076 1973 1219 1999 amore
1238 1959 1319 1998 tibi
1338 1959 1420 2010 ipsi
1440 1957 1692 1997 satisfacias.

89 2015 124 2054 O
158 2015 385 2054 candidam
417 2020 605 2055 mentem
638 2029 872 2067 verumque
904 2015 1133 2055 Christiani
1164 2013 1348 2053 hominis
1379 2016 1542 2064 pectus,
1576 2011 1694 2063 quod
1714 2033 1753 2055 10

88 2082 234 2108 omnes
271 2082 427 2117 amare,
458 2070 705 2117 exosculari,
736 2070 1018 2121 omnibusque
1055 2069 1202 2108 officiis
1238 2067 1437 2120 prosequi
1473 2066 1691 2113 deberent,

88 2127 219 2175 atque
242 2123 340 2164 inde
369 2137 490 2163 verae
514 2125 797 2164 institutionis
822 2124 1016 2176 exempla
1040 2127 1197 2175 petere,
1223 2135 1310 2162 non
1335 2134 1454 2161 secus
1479 2125 1610 2172 atque
1637 2120 1691 2159 ab

86 2190 136 2216 eo
165 2191 293 2229 quem
321 2191 527 2219 canonem
556 2179 772 2219 vocabant
800 2179 926 2230 prisci
953 2178 1013 2218 illi
1041 2178 1237 2230 pictores.
1297 2175 1422 2224 Quod
1450 2176 1524 2226 qui
1552 2174 1691 2214 facere

85 2233 293 2279 nesciunt,
333 2232 408 2272 sed
441 2233 585 2284 potius
618 2233 730 2273 vltro
774 2237 819 2273 te
860 2234 1138 2279 insectantur,
1182 2232 1227 2271 hi
1268 2235 1312 2270 et
1356 2229 1513 2270 saeculi
1554 2229 1692 2268 nostri

86 2299 171 2338 quo
203 2290 331 2326 natus
363 2300 407 2326 es
439 2287 552 2327 bona
582 2301 670 2327 non
701 2291 951 2340 agnoscunt,
985 2291 1029 2327 et
1060 2284 1362 2326 immedicabili
1395 2284 1549 2324 mentis
1583 2283 1690 2322 vitio
1713 2305 1747 2336 15

85 2340 296 2380 laborant.

139 2395 251 2434 Nam
283 2395 399 2447 quod
430 2395 650 2435 Luteriani
679 2396 830 2436 libellis
861 2400 905 2435 te
937 2396 1125 2435 dentatis
1156 2393 1424 2446 proscindere
1456 2392 1688 2437 minentur,

85 2462 171 2488 non
205 2453 271 2489 est
305 2449 422 2501 quod
456 2450 613 2497 doleas,
650 2451 685 2490 si
719 2451 799 2489 illis
835 2450 1029 2501 displices
1065 2450 1139 2501 qui
1173 2448 1411 2488 sanioribus
1447 2446 1689 2497 quibusque

84 2503 322 2555 displicent.
371 2504 548 2544 Accedit
567 2505 679 2544 enim
700 2510 744 2544 et
763 2505 842 2544 hoc
864 2505 919 2544 ad
938 2505 1108 2544 laudem
1128 2508 1263 2542 tuam.
1313 2502 1559 2541 Potuissent
1578 2499 1690 2538 forte

85 2558 223 2608 prima
246 2558 319 2597 illa
344 2558 556 2598 aeditione
581 2559 818 2610 plaerisque
846 2559 1098 2611 persuadere
1130 2558 1334 2608 (mihique
1363 2556 1488 2607 plane
1517 2566 1688 2605 persua·
1706 2575 1750 2598 20

85 2613 245 2662 serant)
277 2612 513 2652 Christiane
546 2614 719 2665 pietatis
755 2614 843 2653 zelo
882 2627 926 2653 se
960 2613 1240 2657 commoueri3
1282 2610 1356 2650 scd
1390 2622 1500 2660 quae
1534 2607 1688 2647 deinde

84 2720 161 2752 934.
188 2721 245 2752 3n,
273 2713 365 2753 1256.
394 2713 498 2761 75n):
537 2711 603 2743 but
626 2722 671 2743 an
696 2714 852 2752 attempt
918 2711 1089 2753 probably
1105 2709 1277 2751 complied
1294 2708 1379 2740 with
1395 2707 1466 2740 this
1483 2706 1581 2739 wish.

87 2757 124 2786 to
156 2765 274 2786 secure
307 2754 491 2787 Goelenlus
525 2765 563 2786 as
596 2754 651 2786 his
685 2758 782 2786 tutor
813 2756 850 2786 in
966 2763 1017 2794 52.
1044 2753 1191 2791 Decani]
1206 2753 1343 2784 Marcus
1359 2752 1541 2784 Laurinus.

89 2806 173 2839 1524
195 2799 276 2840 (Ep.
303 2800 400 2840 1457)
423 2808 494 2829 was
515 2797 760 2830 unsuccessful.
808 2798 850 2829 In
967 2805 1018 2837 53.
1045 2797 1102 2836 E]
1120 2797 1254 2829 Eidem.

89 2843 172 2882 1546
189 2841 231 2873 110
247 2851 318 2874 was
341 2852 362 2872 a
385 2841 541 2882 delegate
566 2845 603 2873 to
627 2841 686 2872 the
709 2841 853 2873 Council
967 2842 1061 2872 1288.
1099 2849 1149 2880 13.
1182 2837 1366 2877 canonem]
1404 2838 1478 2870 Tho
1516 2837 1611 2869 work
1652 2835 1688 2868 of

86 2884 121 2916 of
139 2884 257 2917 Trent.
299 2885 361 2917 See
374 2885 442 2917 GC.
460 2885 508 2916 iii.
531 2894 583 2925 52,
604 2885 676 2916 BN.
694 2884 741 2917 iv.
763 2885 836 2926 566.
919 2883 1117 2925 Polycletus
1133 2896 1140 2915 ε
1171 2894 1225 2915 see
1243 2882 1331 2914 Plin.
1350 2883 1396 2914 H.
1412 2883 1457 2913 N.
1478 2891 1531 2921 34.
1549 2883 1579 2912 8.
1602 2888 1655 2921 55.

134 2929 229 2961 1287.
275 2928 332 2967 46.
368 2929 415 2961 ad
446 2927 659 2968 Barbirium]
690 2928 752 2961 See
783 2928 848 2970 Ep.
965 2936 1018 2959 20.
1045 2927 1233 2969 primailla
1250 2924 1439 2965 aeditione]
1456 2924 1611 2966 Perhaps
1629 2923 1688 2955 the

91 2979 184 3012 1302.
207 2981 259 3004 111.
919 2971 1112 3013 composito
1139 2971 1279 3002 volume
1307 2969 1343 3002 of
1372 2970 1449 3001 Oot.
1484 2969 1590 3008 1318:
1633 2977 1687 2998 see

132 3015 188 3053 48.
214 3015 484 3055 Eboracensem]
504 3015 652 3057 Wolscy.
687 3015 852 3048 Erasmus
922 3016 987 3057 Ep.
1006 3024 1082 3055 904.
1106 3024 1180 3053 19n.
