2012 3370
149 165 271 215 1438]
659 164 818 204 FROM
847 163 1077 203 CLEMEN
1080 164 1114 202 T
1145 163 1228 202 VII
1662 159 1741 198 439

149 274 268 316 finally
284 285 329 307 an
346 275 487 308 address
507 273 514 286 ‘
528 285 550 307 a
567 277 664 316 tergo
678 273 698 309 ³,
716 273 748 306 it
763 284 833 306 was
850 284 895 306 no
913 273 1026 306 doubt
1042 273 1174 314 copied,
1192 272 1246 304 for
1264 270 1476 304 Cranevelt‘s
1495 270 1634 307 benerit,
1651 269 1741 302 from

147 318 209 350 the
229 318 334 351 letter
355 318 466 351 which
487 318 652 351 Erasmus
673 317 828 359 actually
849 317 1015 350 received.
1061 317 1133 349 The
1155 316 1378 349 mouth-date
1399 315 1436 348 of
1456 314 1520 356 Ep.
1549 317 1649 354 14432L
1670 323 1740 344 cor-

148 361 328 394 roborates
345 362 427 395 that
445 361 481 394 of
500 374 512 392 ε
529 374 538 399 ;
569 361 639 393 and
658 361 740 393 thus
759 361 819 393 the
838 361 998 393 Louvain
1016 369 1074 392 Ms.
1096 370 1179 401 may
1197 362 1374 401 represent
1391 370 1413 391 a
1431 358 1608 400 duplicate
1627 356 1664 389 of
1681 356 1742 389 the

148 405 294 447 original
312 405 427 442 letter,
448 408 526 438 sent
545 405 592 446 by
611 403 759 436 another
778 414 973 446 messenger
991 404 1061 436 and
1081 407 1121 436 at
1139 414 1160 435 a
1179 403 1268 435 later
1287 403 1381 435 date.
1423 402 1442 434 1
1461 402 1552 435 have
1571 399 1742 434 therefore

147 448 251 489 given
264 449 472 490 precedence
485 452 523 480 to
536 447 729 481 Sadoleto‘s
743 448 887 482 minute.
925 448 997 480 The
1009 446 1096 489 sigla
1110 458 1167 479 are
1180 457 1219 479 so
1232 447 1371 479 various
1385 446 1466 478 that
1477 445 1508 478 it
1518 446 1549 477 is
1560 453 1743 484 necessary

148 495 187 523 to
204 492 324 524 record
342 492 438 524 them
455 493 491 523 in
507 491 600 531 full.]

849 552 1039 580 ERASMO.

203 613 400 653 DILECTE
423 613 495 660 fili,
520 617 600 653 etc.
653 613 719 651 Ex
740 612 895 651 litteris
917 613 1003 652 tuis
1026 616 1070 651 et
1093 625 1145 650 ex
1168 625 1216 650 00
1238 611 1346 651 111010
1370 624 1496 663 quem
1519 611 1574 650 ad
1597 624 1674 651 nos
1696 611 1740 650 in

148 667 448 720 Apostolorum
481 668 590 707 Acta
624 667 908 718 conscriptum
942 667 1107 712 misisti,
1141 665 1264 705 facile
1297 667 1587 717 perspeximus
1619 669 1740 705 tuam

148 735 246 774 erga
279 736 355 762 nos
390 722 704 762 obseruantiam
740 721 1011 760 coniunctam
1045 721 1137 772 pari
1173 720 1487 759 beniuolentia:
1539 733 1741 772 spemque

149 789 347 828 magnam
367 778 580 828 coepimus
598 780 654 823 te,
676 788 803 827 quem
822 775 937 814 Deus
957 776 1225 826 omnipotens
1244 774 1462 813 doctrinae
1481 775 1741 813 ornamentis

147 831 353 882 insignem
379 844 467 870 esse
494 830 709 877 voluisset,
736 843 813 881 pro
838 829 1026 869 eiusdem
1053 828 1132 868 Dei
1159 841 1285 867 causa
1311 841 1430 867 arma
1455 832 1739 879 sumpturum,
1765 836 1780 869 5

149 898 257 935 quae
289 889 428 924 essent
458 889 534 924 tuo
564 888 688 924 tanto
719 884 886 935 ingenio
917 888 961 922 et
991 884 1030 923 ei
1060 884 1213 934 pietati
1244 895 1373 934 quam
1405 882 1614 934 profiteris
1645 895 1740 921 con-

149 943 363 978 sentanea.
420 939 487 979 Sic
514 939 626 978 enim
653 939 784 978 etiam
812 938 867 977 ad
893 950 970 977 nos
998 937 1144 976 multis
1171 950 1223 976 ex
1249 937 1351 976 locis
1378 936 1635 976 afferebatur
1662 936 1742 975 tibi

148 993 211 1032 ita
238 1006 359 1044 agere
385 994 430 1033 in
458 994 600 1032 animo
627 1006 728 1039 esse,
757 993 928 1044 iamque
956 995 1200 1043 susceptum
1228 991 1295 1030 vel
1323 992 1467 1043 potius
1494 991 1742 1030 institutum

149 1047 365 1099 quoddam
395 1060 514 1099 opus,
546 1060 630 1099 quo
660 1046 893 1086 multorum
922 1059 1052 1098 praue
1081 1046 1356 1086 sentientium
1385 1045 1594 1085 erroribus
1623 1048 1741 1096 pate·

148 1101 351 1141 faciendis
377 1105 478 1141 tuae
505 1102 703 1141 scientiae
730 1101 874 1140 lumen
901 1100 1146 1140 accederet:
1189 1100 1305 1152 quod
1331 1099 1454 1139 nobis
1480 1099 1564 1139 fuit
1591 1099 1742 1138 auditu
1766 1107 1805 1130 10

147 1155 511 1195 iucundissimum.
563 1156 706 1208 Magni
729 1156 841 1195 enim
864 1168 1028 1207 semper
1050 1155 1226 1194 fecimus
1247 1154 1413 1194 litteras
1436 1158 1481 1193 et
1503 1153 1742 1193 doctrinam

148 1213 269 1249 tuam
288 1224 298 1257 ;
338 1211 467 1262 inque
492 1210 572 1249 hac
597 1211 809 1249 sententia
834 1213 879 1249 et
902 1214 1048 1249 nostro
1073 1213 1252 1260 paterno
1277 1209 1420 1248 animo
1445 1221 1544 1260 erga
1568 1212 1625 1255 te,
1652 1208 1741 1247 siue

146 1265 191 1303 in
206 1264 316 1304 hanc
333 1264 489 1304 Vrbem
505 1268 548 1303 te
566 1264 804 1310 contuleris,
823 1265 912 1303 siue
928 1264 1168 1303 constiteris
1184 1263 1285 1303 alibi
1302 1263 1480 1315 vspiam,
1500 1262 1741 1314 vbicunque

147 1322 259 1358 certe
284 1318 425 1365 fueris,
452 1331 529 1358 nos
554 1318 761 1369 intelliges
787 1331 957 1357 manere
982 1322 1239 1358 constantes.
1294 1317 1448 1369 Itaque
1474 1320 1518 1356 et
1544 1316 1660 1368 quod
1686 1315 1741 1355 ad

146 1376 190 1412 te
217 1372 272 1411 ab
301 1372 683 1413 obtrectationibus
707 1372 975 1412 liberandum
1001 1373 1171 1419 attinet,
1200 1372 1531 1423 interposuimus
1560 1371 1740 1410 auctori·
1766 1378 1802 1411 Ι5

146 1430 283 1466 tatem
315 1430 534 1473 nostram3
579 1430 624 1465 et
657 1427 859 1478 quoniam
890 1439 977 1466 non
1009 1430 1075 1466 est
1106 1427 1240 1465 nostri
1268 1438 1405 1477 neque
1432 1425 1578 1465 iudicii
1605 1437 1742 1476 neque

146 1482 289 1528 animi,
310 1484 432 1520 tuam
452 1481 656 1520 virtutem
676 1485 721 1520 et
739 1494 833 1520 eam
853 1493 982 1532 quam
1001 1481 1046 1519 in
1065 1493 1141 1519 nos
1161 1480 1426 1519 demonstras
1446 1479 1570 1518 huius
1590 1479 1743 1531 egregii

146 1535 372 1575 voluminis
388 1535 599 1574 dicatione
617 1536 824 1586 optimam
842 1535 1110 1574 voluntatem
1125 1536 1476 1573 irremuneratam
1492 1533 1739 1585 relinquere,

146 1589 444 1630 mandauimus
475 1589 630 1629 dilecto
661 1589 747 1629 filio
780 1589 1008 1629 Laurentio
1039 1589 1157 1629 tituli
1188 1589 1341 1629 Sancte
1373 1588 1597 1628 Anastasie
1628 1600 1740 1639 pres·

146 1644 296 1696 bytero
330 1644 532 1683 cardinali
566 1644 804 1696 Campegio,
839 1648 986 1684 nostro
1019 1648 1064 1683 et
1096 1643 1338 1695 Apostolice
1373 1643 1491 1684 Sedis
1524 1642 1577 1682 de
1609 1641 1740 1681 latere
1760 1651 1804 1674 20

146 1698 319 1750 Legato,
349 1702 399 1737 vt
426 1699 461 1737 is
488 1698 568 1738 tibi
596 1703 742 1738 nostro
770 1700 941 1738 nomine
969 1698 1187 1750 quoddam
1216 1697 1514 1737 munusculum
1542 1696 1738 1742 deferret,

144 1766 197 1792 ex
223 1766 308 1804 quo
333 1766 446 1792 1111110
473 1752 658 1804 quidem,
687 1757 737 1791 vt
761 1753 1031 1799 arbitramur,
1059 1753 1194 1804 quieti
1219 1756 1319 1792 tuae
1346 1752 1614 1803 aliquantum
1641 1763 1736 1790 con-

145 1807 320 1846 sulatur.
367 1807 468 1846 Mox
486 1819 585 1846 vero
603 1807 781 1846 honesta
797 1807 920 1846 nobis
937 1808 1154 1846 occasione
1172 1806 1329 1853 oblata,
1350 1805 1591 1845 consuletur
1608 1806 1739 1844 etiam

144 1861 357 1913 dignitati.
415 1860 538 1908 Quod
565 1865 614 1899 vt
641 1862 879 1912 promptius
906 1865 951 1900 et
978 1862 1134 1900 maiore
1161 1861 1292 1900 etiam
1319 1865 1396 1900 tuo
1424 1860 1574 1899 merito
1601 1858 1738 1898 facere

144 1915 386 1962 debeamus,
418 1920 542 1954 tuum
572 1916 652 1954 erit
680 1916 724 1954 in
755 1915 835 1954 Dei
864 1916 1045 1967 gratiam
1075 1928 1124 1954 ac
1154 1919 1345 1954 nostram
1374 1918 1419 1953 et
1447 1914 1737 1953 leuamentum
1758 1923 1798 1955 23

143 1969 298 2009 laboris
320 1970 467 2016 nostri,
493 1982 562 2008 eos
586 1970 659 2021 qui
682 1983 707 2008 a
730 1982 855 2009 sensu
878 1982 1002 2008 verae
1025 1970 1198 2021 pietatis
1221 1970 1358 2008 auersi
1381 1972 1493 2015 sunt,
1520 1968 1736 2019 corrigere,

142 2023 363 2063 nobiscum
383 2037 481 2071 vna,
503 2028 547 2063 et
567 2023 757 2063 docendo
777 2028 821 2064 et
840 2023 1050 2063 monendo
1073 2027 1118 2062 et
1140 2023 1373 2070 scribendo,
1395 2027 1445 2062 vt
1465 2027 1509 2062 et
1528 2035 1605 2062 nos
1625 2021 1737 2061 beni·

143 2078 331 2118 uolentia
349 2082 426 2117 tua
445 2082 490 2117 et
509 2078 747 2118 Christiana
765 2091 831 2117 res
850 2078 1044 2117 doctrina
1063 2078 1383 2129 eruditioneque
1398 2077 1556 2129 perfrui
1575 2076 1723 2128 possit.

197 2132 359 2172 Datum
383 2132 544 2172 Romae
567 2137 646 2172 etc.
669 2133 747 2172 iiia.
771 2132 927 2184 Aprilis
951 2141 1055 2183 1524
1077 2136 1156 2172 ete.
1182 2132 1305 2172 Anno
1327 2133 1477 2183 primo.

1269 2186 1545 2236 Sad<oletus>
1566 2184 1680 2224 fecit.
1761 2195 1803 2227 30

197 2263 363 2357 {ilecto
398 2263 483 2303 filio
519 2263 735 2303 Desiderio
772 2264 949 2303 Erasmo
986 2263 1287 2310 Roterodamo,
1325 2275 1466 2302 sacrae
1502 2262 1738 2312 theologiae

142 2331 218 2370 pro
237 2331 378 2358 essori.

186 2401 254 2424 rir.
273 2400 416 2424 ERASMO
437 2393 519 2425 αβδε
551 2402 613 2423 om.
636 2404 657 2432 7
673 2403 680 2423 ε
714 2400 881 2424 cLEMENs·
895 2399 989 2424 PAPA
1008 2400 1059 2422 vn
1077 2404 1101 2422 ε.
1182 2400 1207 2422 1.
1235 2394 1300 2422 etc.
1318 2390 1394 2422 add.
1414 2392 1477 2429 1375
1494 2401 1501 2421 ;
1533 2388 1682 2420 salutem
1699 2391 1737 2419 et

140 2435 368 2478 apostolicam
388 2434 664 2467 benedictionem
685 2447 709 2466 ε.
801 2436 872 2468 tuis
889 2435 999 2467 literis
1020 2447 1045 2466 ε.
1189 2444 1220 2472 4.
1248 2434 1401 2475 cepimus
1421 2436 1453 2467 β.
1587 2441 1615 2470 7.
1642 2431 1734 2463 enim

140 2490 202 2512 orm.
222 2492 246 2510 ε.
383 2488 431 2510 10.
457 2478 582 2511 auditu
596 2478 667 2510 fuit
681 2492 705 2510 ε.
842 2488 853 2510 1
864 2488 889 2510 1.
915 2479 1060 2511 fecimus
1075 2487 1210 2519 semper
1226 2490 1249 2509 ε.
1392 2486 1439 2515 14.
1468 2486 1605 2507 maneto
1622 2477 1709 2514 αβγδ
1725 2486 1732 2505 :

140 2533 213 2555 esse
229 2535 253 2554 ε.
310 2523 359 2554 16.
384 2532 496 2563 neque
512 2523 708 2562 postnostri
723 2533 785 2554 om.
805 2534 829 2553 ε.
882 2531 930 2561 19.
956 2522 1105 2554 dilecto.
1124 2546 1130 2552 .
1153 2547 1158 2553 .
1176 2531 1227 2553 21.
1256 2521 1387 2563 Legato
1403 2522 1482 2559 βγδε
1500 2519 1611 2558 (tituli
1624 2528 1686 2549 om.
1708 2530 1732 2549 ε.

141 2575 193 2598 20.
218 2566 367 2607 Oopegio
400 2579 424 2597 ε.
482 2570 520 2599 ίτῖε
537 2578 544 2597 :
602 2566 692 2598 sodis
728 2565 941 2607 apostolicae
973 2567 1026 2605 Ὑδ)
1044 2577 1050 2597 :
1108 2564 1168 2596 dil.
1203 2565 1234 2596 fi.
1269 2564 1415 2595 Lauren.
1450 2563 1636 2603 Campegio
1668 2561 1731 2603 leg.

140 2611 199 2642 810.
223 2624 253 2641 α.
335 2618 385 2640 21.
411 2608 590 2650 quoddam
609 2633 616 2640 .
639 2633 647 2641 .
673 2634 679 2641 .
696 2619 747 2648 24.
770 2609 938 2651 dignitati
956 2611 1000 2643 (ιβ
1018 2608 1253 2648 (aliquantum
1272 2607 1347 2639 add.
1371 2620 1401 2645 α,
1422 2610 1497 2647 post
1514 2605 1735 2645 conscriptam

138 2651 337 2693 epistolam:
375 2662 437 2684 om.
464 2654 524 2692 β);
561 2662 654 2684 1111110
677 2652 819 2693 quidem
842 2652 982 2684 interim
1005 2652 1184 2693 quoddam
1204 2650 1448 2683 munusculum
1468 2649 1629 2685 deferret,
1650 2648 1734 2680 dum

139 2697 286 2729 honesta
298 2695 398 2727 nobis
411 2696 589 2727 occasione
602 2695 721 2728 oblata
733 2695 851 2737 aliquo
865 2695 968 2727 modo
980 2695 1148 2737 dignitati
1160 2699 1241 2727 tuae
1254 2694 1457 2726 consulatur
1470 2696 1510 2733 715
1526 2705 1533 2724 ε
1559 2691 1736 2734 quoddam

140 2739 385 2772 munusculum
401 2739 565 2771 differret.
605 2739 687 2770 Mox
704 2739 850 2771 honesta
866 2739 966 2770 nobis
982 2739 1161 2770 occasione
1178 2738 1297 2770 oblata
1312 2738 1421 2769 etiam
1438 2741 1520 2769 tuae
1536 2735 1735 2768 consuletur

137 2783 306 2826 dignitati
327 2794 352 2814 ε.
504 2791 554 2820 24.
582 2783 703 2814 maiori
726 2795 749 2813 ε.
902 2789 952 2821 25.
979 2785 1016 2814 et
1038 2785 1147 2822 αβγδε
1183 2792 1224 2813 ac
1245 2794 1269 2812 ε.
1436 2789 1484 2819 27.
1513 2779 1686 2812 mouendo
1709 2791 1733 2810 ε.

140 2836 193 2866 29.
218 2830 284 2859 etc.
308 2850 314 2857 .
340 2850 346 2857 .
370 2849 378 2857 .
408 2834 490 2867 1524
513 2828 621 2865 (ιβ’γδι
657 2826 751 2867 apud
771 2829 933 2857 sanctum
955 2825 1098 2857 Petrum
1119 2825 1184 2856 sub
1205 2824 1310 2856 anulo
1332 2824 1512 2865 piscatoris
1535 2823 1658 2855 vltima
1679 2822 1735 2855 die

138 2870 257 2912 aprilis
270 2869 451 2901 M.1).xxiiii
466 2882 490 2900 (.
700 2873 765 2901 etc.
797 2881 815 2898 a
834 2881 840 2900 :
869 2880 931 2900 om.
949 2871 1013 2905 βγδ
1030 2881 1037 2900 :
1065 2869 1292 2910 pontificatus
1306 2868 1416 2900 nostri
1432 2880 1456 2898 ε.
1641 2876 1733 2898 anno

139 2914 251 2955 primo
273 2918 358 2946 atie:
392 2923 454 2944 om.
478 2914 528 2951 75-
680 2922 730 2951 30.
755 2912 836 2945 Sad.
858 2912 942 2944 fecit
962 2912 1036 2943 add.
1061 2917 1081 2946 β
1100 2924 1106 2943 ;
1143 2911 1368 2952 Duplicatum
1390 2916 1426 2943 et
1445 2912 1674 2943 immutatum
1696 2912 1736 2941 vt

135 2967 252 2999 supra.
292 2956 342 2988 Ia.
359 2956 440 2989 Sad.
458 2958 497 2996 75
518 2966 602 2987 :Om-
622 2967 660 2986 a:
690 2956 739 2987 Ia.
757 2955 941 2988 Sadoletus
957 2968 981 2987 ε.
1032 2963 1081 2994 31.
1110 2955 1245 2987 Dilecto
1259 2980 1267 2987 .
1286 2980 1292 2987 .
1315 2981 1320 2986 .
1338 2964 1388 2994 32.
1416 2954 1600 2996 professori
1614 2954 1690 2986 add.
1709 2965 1733 2991 ε,

186 3069 233 3101 15.
260 3061 546 3102 interposuimus]
561 3061 610 3093 Of.
631 3060 691 3102 Ep.
708 3070 799 3102 1431.
821 3069 894 3100 ¹3¹¹·
943 3071 993 3093 21.
1021 3060 1279 3101 munusculum]
1297 3070 1362 3092 200
1377 3060 1514 3099 florins;
1539 3071 1593 3092 sec
1612 3070 1644 3101 p.
1660 3063 1735 3099 359.
