2012 3370
128 139 250 187 1320]
506 136 665 176 FROM
695 135 944 174 HERMAN
975 133 1344 173 LETHMATlUs
1648 131 1722 169 139

124 247 221 286 rimi
252 246 503 298 exemplaris
536 245 651 285 dicar
684 243 1018 295 haudquaquam
1051 244 1230 295 ignauus
1264 245 1462 282 sectator.
1525 240 1725 278 Beaueris

125 314 308 352 prorsus,
329 302 365 340 si
383 313 532 352 pergas
551 300 630 339 hoc
651 298 777 338 modo
798 311 959 337 ornare.
1009 298 1098 337 Illis
1116 298 1218 349 ipsis
1236 296 1389 336 litteris
1409 295 1496 334 tuis
1514 294 1603 345 ipse
1624 294 1728 333 mihi

125 355 272 396 videor
295 355 446 395 debere
469 354 620 393 referre
645 357 881 404 acceptum,
907 352 1023 403 quod
1046 365 1158 391 nunc
1177 353 1222 390 in
1242 351 1340 390 aula
1359 361 1522 389 verser:
1553 361 1638 399 quo
1659 360 1726 386 me

124 409 496 449 reuerendissimus
522 408 575 447 D.
602 407 945 453 Panormitanus‚
973 407 1116 445 arcani
1141 406 1302 446 Cesaris
1328 404 1492 444 concilii
1517 403 1726 454 princeps,

125 477 200 515 per
230 464 502 503 suauissimas
533 462 698 501 litteras
729 461 915 512 pellexit.
977 461 1053 500 Cui
1085 460 1247 511 aliquid
1277 472 1330 499 ex
1360 458 1510 498 feturis
1542 456 1610 496 vel
1641 456 1727 495 tuis
1750 471 1788 493 ω

124 518 256 569 ipsius
286 517 530 569 propediem
559 516 744 567 primum
773 515 1022 554 enascituris
1052 514 1120 554 vel
1149 518 1342 553 veterum
1372 526 1446 564 per
1475 516 1518 551 te
1547 510 1726 550 renasci-

125 572 233 611 turis
271 572 451 618 dedices,
491 583 650 622 precor.
717 569 886 609 Nomen
922 569 983 608 illi
1021 569 1174 608 Ioanes
1212 567 1477 608 Carondelet.
1545 564 1727 611 Laudes,

125 626 320 673 arbitror,
343 626 411 665 vel
430 625 614 664 hominis
634 623 702 663 vel
721 624 851 663 etiam
872 635 1130 674 proauorum
1150 626 1220 662 sat
1237 622 1328 673 ipse
1347 621 1475 667 nosti,
1496 623 1548 659 vt
1566 632 1654 658 non
1672 619 1731 658 sit

124 693 232 732 opus
255 693 322 720 me
346 683 577 719 narratore.
629 678 710 718 Tui
733 681 846 718 certe
869 689 1144 729 sepenumero
1168 675 1444 715 honorificam
1468 674 1727 713 mentionem

123 734 241 782 facit,
264 739 314 774 vt
332 734 437 773 nihil
456 734 591 785 possit
609 745 737 784 supra
758 745 766 771 ε
801 731 845 771 1(1
866 731 982 783 quod
1000 736 1046 771 et
1065 731 1192 771 ceteri
1212 730 1338 769 aulici
1356 729 1522 769 faciunt
1541 728 1730 779 plerique
1750 742 1785 773 15

125 802 284 835 omneS,
308 801 556 840 quanquam
579 787 737 839 alioqui
759 790 933 837 ἄμουσοι.

181 842 295 891 Quos
320 844 432 882 inter
457 855 532 894 ego
559 846 717 881 memet
742 841 889 888 inseui‚
918 844 968 879 vt
994 853 1091 879 vere
1117 839 1270 886 dicam,
1298 851 1385 878 non
1409 836 1584 876 inuitus.
1640 835 1729 876 Scis

126 900 338 936 curnam?
396 897 608 936 Nimirum
637 896 693 935 ad
721 895 897 947 predam
925 895 1122 934 inhians:
1168 906 1298 945 quam
1327 892 1401 931 vbi
1428 894 1581 931 nactus
1609 890 1728 929 fuero

126 952 327 1003 opimam,
352 952 518 990 animus
541 954 619 998 est,
644 951 703 989 mi
725 951 913 997 Erasme‚
937 949 1072 989 redire
1095 948 1151 987 ad
1172 948 1329 995 Musas,
1353 946 1528 986 tametsi
1550 949 1594 984 et
1616 957 1729 983 1111110

127 1006 231 1044 mihi
250 1006 294 1044 in
314 1005 411 1044 aula
430 1018 600 1057 quoque
619 1005 712 1056 ipsa
731 1017 817 1043 non
837 1003 1069 1043 admodum
1089 1003 1199 1042 male
1219 1015 1315 1041 cum
1335 1001 1466 1040 Musis
1487 999 1729 1039 conueniat.
1747 1014 1790 1036 20

129 1060 253 1108 Quod
274 1061 308 1099 si
330 1073 396 1099 me
418 1060 489 1098 illa
510 1059 665 1111 predae
685 1072 780 1110 spes
801 1058 936 1105 ludat,
960 1062 1054 1097 tum
1077 1071 1177 1096 sane
1197 1057 1382 1108 idipsum
1404 1067 1609 1107 perquam
1632 1066 1730 1092 vere

127 1114 279 1153 fuerim
316 1118 547 1161 assecutus,
585 1113 701 1164 quod
738 1113 872 1152 altera
907 1113 1011 1151 mihi
1048 1125 1176 1151 causa
1210 1110 1295 1150 fuit
1330 1109 1533 1161 sequendi
1572 1108 1728 1153 aulam,

127 1168 287 1208 scilieet
312 1181 461 1215 mores,
488 1168 645 1214 studia,
671 1168 886 1219 ingenium
912 1171 1042 1218 atque
1069 1166 1174 1205 adeo
1201 1169 1245 1204 et
1269 1165 1445 1204 technas
1469 1163 1583 1215 ipsas
1610 1161 1732 1201 aulae

128 1223 390 1274 experiundi.
454 1222 680 1274 Tantisper
715 1226 859 1260 autem
895 1225 939 1260 et
975 1221 1087 1260 orbis
1123 1220 1323 1272 pleraque
1358 1232 1456 1270 pars
1492 1217 1596 1256 mihi
1632 1229 1730 1254 vere

129 1278 299 1329 cognita
334 1276 411 1323 fit3
463 1290 593 1327 quam
628 1277 765 1327 ipsam
800 1289 888 1315 rem
923 1275 1133 1326 putabam
1167 1287 1290 1325 posse
1324 1286 1391 1312 me
1427 1276 1471 1311 et
1506 1271 1729 1323 cupiebam
1747 1285 1786 1317 25

129 1344 298 1382 quoque
315 1331 461 1370 venari
477 1332 522 1369 in
538 1330 648 1377 aula,
666 1330 824 1381 quippe
839 1330 884 1368 in
900 1342 986 1380 qua
1002 1329 1137 1380 possit
1153 1328 1279 1374 orbis,
1296 1328 1360 1366 ita
1375 1331 1425 1366 vt
1442 1330 1557 1366 certo
1573 1328 1732 1376 potest,

129 1385 248 1424 velut
273 1399 325 1424 ex
350 1385 439 1424 alta
463 1384 634 1436 specula
657 1384 780 1436 longe
804 1383 975 1434 lateque
1000 1396 1075 1434 per
1099 1395 1245 1422 omnes
1264 1382 1470 1427 nationes,
1493 1392 1568 1431 per
1586 1391 1733 1418 omnes

128 1439 306 1491 linguas,
334 1443 521 1491 quantus
548 1442 737 1488 quantus
761 1442 838 1485 est,
860 1437 1119 1490 perlustrari.
1177 1436 1403 1487 Tantisper
1429 1439 1473 1474 et
1503 1433 1732 1473 arduarum

129 1507 268 1533 rerum
289 1494 548 1546 agendarum
568 1493 757 1545 preclara
776 1492 971 1544 exempla
993 1492 1174 1531 intueor.
1223 1490 1453 1530 Enimuero
1473 1501 1582 1528 1711118
1602 1487 1734 1526 Athe-

130 1561 273 1595 naeus,
285 1562 394 1588 vnus
404 1548 565 1587 Plinius
575 1548 732 1587 artium
742 1547 915 1598 quidem
929 1545 1226 1598 cyclopaediae
1239 1557 1439 1596 magnam
1454 1542 1735 1595 suppeditant
1753 1557 1794 1589 30

130 1606 309 1654 partem.
365 1602 488 1651 Quod
512 1602 547 1641 si
570 1606 615 1642 et
638 1603 719 1654 ipsi
742 1602 963 1641 hominum
988 1605 1106 1640 cetus
1129 1600 1226 1639 libri
1249 1599 1425 1652 quidam
1446 1601 1558 1644 sunt,
1582 1601 1626 1636 et
1645 1595 1735 1634 viui

130 1657 224 1697 libri
258 1661 371 1704 sunt,
405 1657 451 1696 id
481 1656 598 1709 quod
630 1670 728 1696 vere
760 1660 884 1702 sunt3
925 1669 1010 1695 vna
1043 1655 1141 1694 aula
1167 1654 1278 1693 illius
1308 1652 1568 1705 agendarum
1592 1663 1732 1690 rerum

131 1712 480 1752 immensissimae
528 1712 807 1752 κυκλοπαιὸείας
854 1714 1022 1762 partem
1069 1709 1255 1748 absoluit
1301 1708 1437 1747 multo
1482 1706 1731 1746 maximam.

133 1766 268 1815 Quem
283 1779 426 1818 queso,
441 1779 568 1817 quem
583 1766 804 1805 hominum
819 1765 899 1804 hae
913 1778 977 1804 res
992 1768 1084 1803 tam
1096 1762 1342 1815 splendidae
1355 1775 1441 1801 non
1453 1760 1697 1812 pellicerent
1716 1762 1732 1797 ’Β

132 1821 401 1871 potissimum
430 1821 465 1860 si
493 1821 665 1872 insuper
693 1824 738 1859 et
765 1819 970 1866 11111116118,
1001 1822 1046 1857 et
1073 1817 1300 1857 honorifice
1329 1829 1498 1868 quoque
1526 1814 1733 1859 inniteris,
1754 1829 1770 1861 3
1777 1829 1791 1861 3

132 1879 176 1914 et
199 1875 253 1914 ab
276 1875 347 1914 illo
370 1875 562 1914 inuiteris
585 1875 659 1926 qui
682 1874 738 1913 sit
761 1874 916 1913 summi
939 1872 1103 1913 concilii
1126 1876 1256 1923 atque
1279 1871 1385 1910 adeo
1409 1870 1543 1909 totius
1565 1880 1736 1920 prorsus

133 1929 255 1969 aulae
275 1930 475 1969 Cesareae
495 1930 703 1980 princeps.

187 1984 270 2024 Sed
292 1988 396 2030 este,
419 1983 590 2022 frauder
611 1984 677 2022 his
698 1996 808 2034 quae
829 1982 918 2021 dixi
940 1980 1172 2021 commodis
1194 1980 1403 2019 omnibus.
1463 1978 1507 2018 Si
1536 1976 1663 2016 modo
1692 1975 1736 2014 id

133 2051 208 2090 ego
234 2051 308 2089 per
333 2038 474 2076 aulam
500 2038 567 2077 vel
591 2037 728 2076 solum
753 2049 999 2088 consequar,
1026 2040 1076 2075 vt
1098 2036 1143 2074 in
1167 2035 1364 2086 Angliam
1388 2033 1512 2084 leger,
1538 2031 1737 2071 videlicet-

133 2093 306 2132 huiusce
334 2092 508 2131 ditionis
534 2092 618 2131 illic
646 2092 820 2143 negocia
847 2095 1054 2143 gesturus,
1084 2103 1171 2129 non
1199 2090 1279 2128 erit
1306 2087 1422 2140 quod
1450 2099 1640 2138 vnquam
1670 2098 1737 2123 1116
1754 2104 1797 2134 40

134 2147 258 2185 11111118
278 2146 382 2186 facti
402 2147 458 2186 sit
478 2146 755 2198 penitendum
776 2159 784 2185 ;
820 2146 865 2185 id
884 2145 1000 2197 quod
1020 2157 1114 2184 meo
1135 2143 1307 2195 quidem
1327 2142 1483 2181 iudicio
1503 2154 1590 2180 non
1609 2140 1739 2178 fuerit

134 2200 366 2240 admodum
392 2201 559 2240 difficile
583 2200 715 2248 factu,
743 2200 859 2252 quod
883 2204 928 2239 et
951 2200 1091 2251 ipsum
1117 2199 1271 2238 mirum
1296 2198 1341 2236 in
1365 2196 1541 2236 modum
1567 2194 1737 2240 affecte,

134 2269 284 2306 nempe
307 2255 540 2294 doctissimi
561 2254 688 2307 Regis
711 2255 852 2294 aulam
875 2254 1165 2294 doctissimam
1186 2252 1497 2304 exploraturus.

189 2310 333 2349 Habes
365 2310 585 2349 eonsilium
617 2323 772 2357 meum,
806 2322 957 2361 magne
989 2309 1178 2347 Erasme.
1238 2307 1363 2346 Nunc
1394 2305 1579 2344 vicissim
1611 2307 1734 2342 tuum

134 2365 214 2403 erit
231 2365 309 2403 hoc
329 2365 456 2403 etatis
474 2364 683 2404 lubricum
700 2368 777 2403 tuo
795 2364 968 2403 consilio
986 2363 1166 2402 firmare.
1213 2362 1339 2408 Nam,
1359 2365 1409 2399 vt
1426 2360 1554 2398 libere
1571 2358 1735 2408 loquar,
1754 2377 1792 2407 45

135 2418 262 2458 debes
296 2419 374 2458 hoc
409 2423 458 2458 tu
493 2432 611 2458 meae
645 2419 772 2458 etatis
806 2418 1062 2464 hominibus,
1098 2418 1178 2456 hoc
1211 2420 1277 2455 est
1310 2418 1527 2466 quotquot
1561 2416 1734 2463 peracto

136 2473 444 2512 adolescentiae
486 2473 691 2512 curriculo
733 2474 818 2512 iam
866 2473 1034 2511 litterae
1081 2471 1376 2522 Pithagoricae
1424 2481 1518 2507 eam
1565 2470 1731 2518 partem

136 2528 400 2579 attingimus,
439 2541 524 2579 qua
560 2541 603 2567 86
639 2531 755 2567 secat
792 2527 986 2574 bicornis,
1018 2530 1068 2565 vt
1096 2530 1191 2564 tum
1222 2529 1315 2563 tum
1345 2523 1467 2562 nobis
1498 2520 1731 2560 identidem

137 2582 342 2622 occlames
358 2582 557 2629 celeuma,
574 2595 684 2621 vnus
698 2583 830 2622 nostri
847 2581 975 2621 seculi
990 2594 1039 2620 ac
1055 2593 1179 2619 verus
1199 2579 1361 2623 Vlisses„
1379 2589 1530 2627 nempe
1545 2575 1732 2614 omnium

138 2636 261 2688 plane
284 2637 555 2687 questionum
578 2650 660 2688 que
683 2636 925 2675 hominibus
947 2637 991 2674 in
1013 2635 1105 2673 vita
1126 2639 1217 2673 tam
1241 2631 1441 2677 difficiles,
1466 2635 1557 2669 tam
1578 2629 1733 2674 variae,
1757 2648 1797 2680 50

137 2695 228 2729 tam
260 2691 482 2742 perplexae
512 2695 751 2737 occurrunt,
784 2689 963 2729 articulo
991 2689 1112 2740 longe
1142 2688 1331 2726 omnium
1360 2684 1736 2737 periculosissimo:

139 2757 224 2796 quo
252 2750 296 2784 ct
335 2745 569 2783 Lucianum
609 2747 753 2783 παιδεία
794 2764 831 2783 τε
874 2747 931 2783 καὶ
972 2745 1153 2796 γλυφική,
1195 2746 1326 2792 atque
1368 2740 1474 2779 adeo
1513 2743 1556 2778 et
1595 2739 1735 2790 ipsum

182 2863 213 2892 9.
240 2853 523 2893 Panormitanus]
543 2854 604 2888 See
624 2854 689 2895 Ep.
709 2856 783 2894 803.
809 2864 883 2886 1211.
970 2864 1070 2886 22111.

187 2906 237 2930 12.
264 2897 415 2937 dedices]
481 2898 564 2930 This
630 2902 768 2939 request
834 2907 903 2929 was
1014 2906 1068 2938 47.
1096 2895 1248 2935 litterae]
1269 2896 1341 2928 The
1358 2895 1469 2928 Greek
1491 2899 1538 2927 T:
1576 2894 1618 2927 cf.
1643 2895 1734 2926 Pers.

139 2941 317 2984 promptly
332 2941 515 2984 gratified:
545 2951 600 2973 sce
617 2941 682 2982 Ep.
704 2951 796 2982 1334.
972 2952 1000 2980 3.
1025 2943 1076 2982 56,
1097 2941 1194 2972 Lact.
1212 2941 1296 2973 [nst.
1315 2939 1396 2972 Diu.
1413 2941 1444 2971 6.
1464 2949 1494 2981 3.
1513 2939 1595 2971 Aus.
1611 2940 1683 2979 348.
1703 2947 1736 2976 9,

188 2993 239 3025 13.
263 2986 337 3026 ipse
353 2984 462 3024 nosti]
479 2986 551 3017 But
565 2995 620 3017 866
637 2985 702 3026 Ep.
725 2994 816 3026 1345.
973 2985 1067 3017 Hier.
1087 2985 1151 3025 Ep.
1170 2988 1222 3018 66.
1245 2996 1296 3021 11.
1316 2995 1387 3026 107.
1405 2987 1436 3017 6.

185 3037 238 3068 43.
266 3029 380 3060 aulam
401 3028 652 3068 doctissimam]
671 3028 719 3061 Cf.
743 3029 807 3070 Ep.
829 3041 902 3068 991).
1021 3037 1070 3068 52.
1103 3027 1305 3066 Lucianum]
1329 3027 1515 3059 Somnium.
