2012 3370
143 137 261 183 1344]

455 132 614 171 FROM
644 131 970 170 WILLIBALD
1000 127 1416 169 PIRCKHEIMER

1651 125 1729 164 233

138 241 367 280 discessum
387 254 510 280 suum
530 240 760 291 expediret,
783 244 831 278 vt
850 240 938 290 ipse
960 252 1088 278 manu
1108 239 1278 290 propria
1298 236 1558 276 subscribere
1578 238 1734 286 posset.
1757 254 1814 287 135

139 295 181 334 Is
197 296 339 347 igitur,
356 296 454 335 licet
470 295 734 346 negotiorum
752 294 861 332 mole
877 294 1137 339 obrueretur,
1156 293 1311 344 paruit,
1330 296 1374 330 et
1391 295 1490 330 ante
1507 290 1736 328 discessum

139 350 173 388 F
175 349 396 388 erdinandi
416 353 558 389 totum
579 348 796 400 negotium
818 347 1186 398 absoluit—idque
1207 347 1338 398 gratis
1359 350 1403 384 et
1424 346 1512 383 sine
1533 343 1735 395 pecuniis,

139 404 255 454 quod
283 404 399 455 apud
425 416 502 442 nos
530 403 789 441 rarissimum
819 406 948 448 est—,
981 415 1067 440 non
1100 406 1191 440 tam
1220 401 1303 439 mei
1331 413 1461 451 quam
1490 399 1555 437 tui
1584 397 1734 449 gratia.

139 458 182 497 Si
207 458 337 509 igitur
361 470 426 496 res
451 461 549 496 acta
574 461 639 495 est
665 460 714 494 vt
740 457 907 507 cupitis,
937 456 1042 494 bene
1068 456 1211 501 habet,
1240 468 1372 505 quum
1399 454 1478 492 tibi
1505 465 1669 502 semper
1695 454 1739 489 et

139 511 296 562 vbique
317 524 476 550 morem
504 523 645 562 gerere
665 511 743 548 sim
765 514 953 560 paratus,
976 523 1052 548 nec
1074 510 1212 548 minus
1234 509 1441 547 Frobenio
1471 505 1739 545 commodare
1760 522 1822 554 140

140 565 371 605 desiderem
400 566 454 604 ob
484 578 751 604 communem
781 564 1018 602 studiorum
1048 563 1280 602 vtilitatem
1310 576 1358 601 ac
1388 562 1570 600 hominis
1598 559 1737 611 probi-

140 623 288 659 tatem.
349 620 464 658 Bene
494 619 640 658 feceris
671 623 817 657 tamen
849 618 883 656 si
915 618 1110 656 Vdalrico
1142 617 1210 655 vel
1241 617 1387 667 paucis
1417 615 1549 654 literis
1581 614 1739 665 gratias

141 687 253 725 agas,
282 678 326 712 et
351 674 548 712 Frobenii
573 673 743 711 nomine
769 671 985 723 exemplar
1010 672 1048 710 ei
1074 684 1150 722 pro
1178 670 1473 709 beneuolentia
1500 682 1576 707 sua
1602 673 1738 707 trans-

141 729 301 766 mittas.
354 728 454 766 Tale
477 728 589 766 enim
613 727 813 778 diploma,
839 726 1062 777 praecipue
1086 725 1290 776 generale,
1316 725 1404 762 sine
1428 724 1579 774 viginti
1604 722 1740 761 aureis

140 782 359 832 impetrari
379 795 464 820 non
485 782 706 832 potuisset.

1762 793 1820 826 145

196 835 390 875 Ceterum
421 835 601 874 libenter
631 835 710 874 tibi
740 834 972 880 illuderem,
1005 833 1121 884 quod
1151 832 1408 884 quibusdam
1440 831 1634 877 confisus,
1668 830 1742 880 qui

142 889 221 928 tibi
258 889 424 928 fumum
462 890 702 940 promisere,
742 889 864 927 nobis
902 888 981 927 hoc
1019 888 1237 939 negotium
1275 887 1490 937 iniungere
1528 885 1741 929 nolueris;

142 944 299 982 etenim
313 944 347 982 si
362 944 533 995 ipsimet
548 943 852 989 interfuissent,
871 955 999 993 opera
1018 946 1165 980 nostra
1179 941 1473 992 indiguissent.
1514 939 1612 978 Non
1627 939 1740 977 enim

144 998 400 1037 Ferdinandi
430 999 642 1037 secretarii
671 999 760 1036 eius
791 997 906 1048 apud
935 996 1054 1035 illum
1085 1000 1186 1035 sunt
1216 995 1462 1034 autoritatis
1492 994 1610 1033 cuius
1641 992 1740 1031 olim

145 1052 259 1103 apud
296 1052 633 1091 Maximilianum
661 1052 806 1090 fuere:
850 1055 1110 1102 quapropter
1138 1063 1289 1102 parum
1317 1049 1457 1088 abfuit
1485 1049 1589 1099 quin
1616 1060 1740 1098 nego·
1764 1064 1826 1096 150

145 1107 253 1144 tium
277 1105 426 1145 fuisset
449 1107 700 1158 neglectum.

755 1106 914 1153 Quodsi
938 1105 1041 1144 mihi
1064 1104 1315 1156 respondere
1340 1103 1535 1149 volueris,
1560 1102 1742 1140 noluisse

146 1165 188 1199 te
218 1161 321 1199 mihi
350 1161 575 1200 molestum
605 1174 706 1206 esse,
738 1160 962 1211 praecipue
991 1172 1124 1210 quum
1154 1159 1330 1198 haberes
1360 1158 1433 1208 qui
1462 1170 1550 1196 rem
1581 1156 1741 1207 egregie

146 1218 288 1265 posset
309 1215 517 1266 expedire,
539 1228 625 1253 non
646 1215 805 1265 accipio
826 1215 1142 1253 excusationem
1162 1227 1171 1260 ς
1208 1225 1341 1264 quum
1362 1216 1405 1251 et
1425 1211 1492 1250 ille
1513 1211 1593 1249 tibi
1614 1210 1745 1249 verba

146 1268 322 1315 dederit,
349 1269 535 1320 mihique
560 1269 633 1307 vix
658 1268 773 1307 aliud
797 1268 901 1319 quid
925 1268 1086 1319 gratius
1110 1267 1327 1318 obtingere
1352 1267 1486 1317 possit
1510 1278 1640 1316 quam
1665 1264 1745 1303 tibi

146 1335 234 1361 rem
258 1327 425 1374 gratam
449 1323 599 1369 facere,
626 1327 670 1362 et
694 1323 883 1361 animum
909 1335 1050 1360 meum
1074 1335 1161 1360 non
1184 1325 1276 1360 tam
1301 1321 1440 1359 verbis
1465 1332 1595 1370 quam
1620 1318 1746 1357 factis
1768 1336 1824 1368 155

145 1376 378 1415 ostendere.
432 1377 623 1416 Remitto
647 1377 776 1427 igitur
799 1376 878 1414 tibi
902 1380 999 1414 tuas
1022 1376 1186 1414 litteras
1211 1375 1265 1413 ad
1288 1375 1406 1413 illum
1428 1387 1436 1420 ;
1477 1374 1545 1412 cui
1566 1373 1746 1411 forsitan

149 1431 319 1469 minime
340 1444 417 1469 sua
437 1431 571 1470 deerit
591 1431 821 1469 excusatio.

202 1485 330 1523 Mitto
358 1489 403 1524 et
431 1484 579 1536 Legati
608 1485 663 1523 ad
690 1488 734 1523 te
762 1484 919 1530 literas,
948 1497 1025 1522 nec
1053 1496 1140 1522 non
1168 1487 1212 1522 et
1241 1483 1343 1521 alias
1372 1481 1605 1533 quasdam3
1650 1484 1749 1519 tuas

150 1552 248 1578 vero
265 1542 378 1578 recte
397 1539 458 1577 illi
474 1539 731 1590 consignaui.
776 1538 875 1578 Non
890 1538 1122 1589 respondit,
1141 1537 1242 1588 quia
1261 1538 1401 1576 itineri
1422 1550 1465 1575 se
1485 1534 1747 1587 accingebat,

151 1606 226 1632 nec
255 1592 371 1632 abire
399 1606 526 1633 ausus
555 1598 620 1632 est
647 1594 727 1632 nisi
755 1593 799 1631 in
826 1592 1084 1632 Ferdinandi
1111 1592 1319 1631 comitatu
1340 1605 1348 1638 ;
1392 1592 1455 1629 ita
1482 1589 1677 1642 periculis
1705 1592 1749 1628 et
1772 1601 1834 1630 160

151 1647 341 1686 ludibriis
378 1661 421 1687 se
458 1648 643 1687 reddidit
680 1647 925 1686 obnoxium.

992 1646 1141 1685 Refert
1177 1646 1374 1685 Pontifici
1411 1645 1649 1696 principum
1687 1656 1747 1682 re-

152 1702 432 1763 sponsionem,
482 1702 651 1753 qualem
698 1702 878 1740 forsitan
924 1700 1064 1739 nullus
1112 1713 1303 1751 vnquam
1350 1700 1600 1750 reportauit,
1649 1698 1748 1736 licet

152 1757 357 1807 eplscopis
383 1756 639 1807 quibusdam
666 1755 1014 1806 repugnantibus.

1070 1754 1246 1793 Blandis
1273 1758 1476 1793 contexta
1502 1757 1567 1792 est
1593 1751 1746 1797 Verbis,

153 1809 225 1848 sed
246 1811 308 1849 ita
330 1810 481 1849 acerba
502 1815 551 1849 vt
572 1811 645 1848 vix
668 1810 828 1860 aliquid
849 1809 1045 1848 auditum
1066 1809 1195 1847 fuerit
1217 1809 1416 1859 asperius.
1467 1807 1629 1846 Addita
1649 1810 1750 1844 sunt

153 1863 412 1903 Grauamina
435 1865 620 1903 nationis
644 1864 917 1904 Germanicae
940 1864 1213 1914 septuaginta
1235 1863 1366 1901 ferme
1390 1866 1467 1900 aut
1489 1861 1616 1912 paulo
1640 1860 1750 1911 plus,
1774 1871 1830 1910 105

153 1932 262 1969 quae
286 1932 362 1958 nee
387 1919 568 1970 amplius
592 1919 756 1970 perpeti
781 1918 887 1957 velle
912 1921 988 1956 aut
1012 1930 1133 1968 posse
1158 1930 1200 1956 se
1226 1917 1359 1955 nostri
1384 1920 1578 1955 asserunt
1598 1929 1606 1961 3
1647 1914 1751 1953 satis

154 1973 233 2011 sibi
268 1973 493 2012 verborum
527 1974 744 2023 hucusque
778 1972 929 2011 datum
963 1985 1051 2010 esse
1085 1975 1255 2022 putant,
1292 1985 1340 2010 ac
1374 1975 1544 2021 tempus
1578 1982 1666 2008 esse
1700 1972 1749 2007 vt

155 2027 382 2077 aliquando
405 2027 616 2079 euigilent.

669 2027 760 2074 Quo
783 2030 936 2066 cuncta
957 2026 1059 2065 haec
1081 2030 1288 2076 spectent,
1311 2029 1405 2064 tute
1427 2024 1656 2064 considera.

209 2081 290 2120 Sed
323 2082 531 2120 calamum
564 2082 787 2133 reprimere
820 2094 985 2119 necesse
1018 2084 1109 2127 est,
1159 2080 1261 2131 quid
1294 2081 1404 2119 enim
1438 2078 1554 2118 aliud
1585 2090 1750 2129 agerem

202 2183 272 2220 136.
300 2178 334 2208 Is
358 2203 364 2208 .
391 2202 397 2208 .
424 2203 430 2209 .
461 2182 531 2222 138.
556 2179 670 2220 gratia
693 2191 735 2210 a:

773 2188 879 2219 quam
903 2187 974 2208 rem
992 2177 1030 2209 V.
1051 2188 1219 2218 perquam
1236 2179 1396 2219 gnauiter
1412 2180 1447 2208 et
1468 2177 1539 2208 cito
1559 2175 1751 2217 expediuit,

155 2224 203 2259 et,
228 2224 268 2252 vt
282 2221 416 2253 videres
433 2225 605 2263 quantum
629 2222 693 2253 tibi
711 2221 871 2258 deferret,
895 2220 1049 2262 diploma
1072 2221 1136 2252 hoc
1153 2222 1262 2262 gratis
1277 2224 1314 2252 et
1328 2221 1401 2252 sine
1425 2220 1586 2251 omnibus
1605 2218 1753 2250 tradidit

157 2264 321 2305 pecuniis,
339 2265 433 2306 quod
450 2266 504 2298 hic
522 2266 627 2297 mitto
643 2269 676 2301 β.

156 2308 331 2339 sententia
346 2309 510 2350 expedita
526 2312 591 2347 est,
606 2308 741 2350 gaudeo
755 2321 763 2346 3
789 2267 1007 2343 1181301181ἳὲἑέ

1029 2291 1034 2297 .
1053 2288 1060 2295 .
1080 2264 1144 2296 tibi
1163 2278 1181 2295 α
1199 2277 1205 2295 :
1235 2275 1278 2296 ex
1294 2264 1402 2295 animi
1420 2263 1472 2295 tui
1489 2275 1527 2295 ac
1546 2261 1748 2301 F<robenii>

1169 2320 1240 2351 140.
1266 2308 1330 2338 sim
1349 2333 1354 2337 .
1376 2331 1382 2339 .
1402 2332 1408 2338 .
1432 2320 1491 2349 142
1529 2307 1690 2338 Ydalrico
1706 2316 1746 2335 cz:

157 2351 269 2392 cupio,
287 2351 371 2393 quin
387 2355 424 2383 et
445 2352 594 2384 libenter
617 2351 823 2389 Frobennio,
849 2353 973 2392 vtpote
989 2352 1064 2383 viro
1083 2351 1174 2382 bono
1190 2355 1227 2382 et
1243 2350 1399 2382 comodo.
1442 2351 1493 2382 Tu
1511 2354 1630 2380 antem
1650 2349 1747 2379 bene-

157 2394 277 2425 feceris
293 2395 320 2426 si
340 2395 377 2428 V.
398 2400 431 2430 β.

283 2438 289 2444 ,
483 2408 553 2440 142.
579 2396 710 2438 gratias
726 2406 808 2436 agas
826 2409 845 2425 ιι,
862 2407 868 2426 :

161 2450 230 2481 143.
261 2449 291 2470 01
312 2463 318 2469 .
336 2463 343 2470 .
361 2463 368 2470 .

160 2539 223 2580 Ep.
255 2549 337 2579 1343
362 2539 521 2571 followed
545 2543 630 2571 next
654 2539 747 2580 day3
786 2539 828 2570 ef.
857 2538 920 2579 Ep.

165 2591 418 2631 1353·227-39-

162 2626 447 2700 P‘1413i1ylginffi]
477 2627 517 2657 In
542 2626 594 2657 his
618 2626 725 2667 rougb
751 2625 847 2657 drast
870 2625 920 2663 (β)

191 2679 238 2699 irc
289 2679 396 2700 elmer
412 2679 451 2700 sa
466 2680 491 2699 's
513 2680 543 2700 x.

210 2714 279 2753 146.
307 2680 532 2753 quibusdyam]
551 2712 623 2743 The
640 2712 810 2743 reference
834 2711 862 2741 is
888 2714 924 2741 to

163 2754 318 2795 spiegel:
368 2755 506 2796 against
542 2755 655 2786 whom
692 2754 926 2786 Pirekheimer

163 2799 275 2830 shows
294 2808 388 2829 some
407 2798 542 2839 feeling.

210 2844 280 2883 156.
306 2841 457 2881 litteras]
469 2842 552 2873 This
569 2841 673 2873 letter
691 2844 727 2872 to
746 2840 879 2882 Spicgel
897 2840 926 2870 is

163 2889 226 2916 not
243 2888 378 2916 extant.

212 2930 281 2970 158.
306 2928 440 2967 literas]
458 2928 530 2960 Not
545 2931 670 2959 extant
686 2940 692 2959 :
717 2926 926 2969 apparently

166 2971 303 3004 written
321 2972 436 3003 before
454 2972 583 3013 receipt
601 2972 635 3003 of
654 2972 716 3012 Ep.
742 2981 777 3011 13
782 2972 832 3011 36.

254 3015 346 3054 tuas]
372 3016 435 3057 Ep.
466 3018 560 3056 1330,
585 3015 619 3047 of
644 3015 702 3046 the
725 3024 820 3046 same
844 3014 926 3045 date

899 2405 962 2435 pro
975 2394 1196 2426 humanitate
1209 2405 1272 2426 sua
1286 2394 1417 2435 gratias
1433 2394 1552 2436 egeriS,
1567 2394 1698 2434 pariter
1715 2395 1748 2425 β.

394 2451 465 2483 172.
498 2448 651 2472 Mnxxm
677 2451 715 2470 a:
748 2441 880 2471 mittas,
926 2438 1001 2470 Nisi
1025 2438 1117 2469 enim
1143 2438 1218 2476 tibi,
1244 2448 1296 2470 res
1320 2437 1451 2479 absque
1473 2449 1494 2468 x
1520 2437 1656 2468 florenis
1680 2445 1750 2467 non

991 2548 1028 2569 as
1061 2538 1120 2569 the
1149 2538 1224 2569 first
1254 2537 1358 2569 letter
1389 2536 1565 2568 answered
1597 2536 1675 2567 here
1707 2534 1754 2575 by

992 2581 1237 2613 Pirekhcimer.

1039 2628 1109 2656 161.
1137 2624 1409 2665 responsionem]
1434 2624 1468 2654 of
1494 2632 1508 2664 5
1537 2623 1617 2654 Feb.
1648 2632 1755 2663 1523:

992 2667 1130 2708 printed
1152 2668 1188 2698 in
1211 2668 1336 2708 Peyp's
1360 2667 1463 2698 Latin
1485 2666 1640 2697 volumes
1663 2676 1755 2696 men-

992 2711 1111 2742 tioned
1132 2711 1167 2741 in
1191 2711 1209 2741 l.
1233 2714 1310 2751 6311.
1358 2711 1418 2741 See
1442 2710 1600 2741 Deutsche
1623 2709 1754 2740 1³02·ch-

993 2754 1174 2793 taysaktcn,
1190 2754 1238 2791 iii,
1263 2764 1319 2795 pp.
1338 2762 1494 2794 435e.;3;
1524 2753 1596 2784 also
1611 2762 1755 2794 417-35,

993 2807 1113 2837 443—7-

1042 2844 1111 2880 165.
1139 2839 1367 2878 Grauamina]
1395 2840 1445 2880 By
1470 2840 1528 2870 the
1553 2840 1636 2870 time
1661 2839 1757 2870 these

996 2894 1080 2914 were
1094 2883 1244 2924 printed,
1258 2883 1484 2924 Nuremberg,
1498 2883 1533 2914 F.
1550 2883 1657 2924 Peyp,
1676 2892 1757 2923 1523

996 2927 1143 2966 (Panzer
1156 2927 1213 2958 vii.
1226 2928 1319 2967 465),
1335 2927 1418 2968 they
1432 2926 1502 2958 had
1515 2927 1604 2958 risen
1619 2930 1656 2957 to
1673 2936 1733 2957 100
1749 2937 1757 2957 :

995 2981 1049 3001 sec
1074 2971 1112 3001 Β.
1136 2971 1167 3001 J.
1196 2970 1302 3008 Kidd,
1324 2971 1524 3002 Iken-»mnis
1545 2968 1581 3010 of
1600 2970 1649 3001 tlte
1673 2969 1756 3001 Con-

996 3013 1135 3045 tinental
1156 3012 1393 3054 Ix'csovmalimz,
1420 3023 1514 3052 1911,
1535 3025 1566 3055 p.
1593 3015 1662 3045 100.
