2012 3370
240 135 319 172 338
715 133 970 172 LETTERS
1003 132 1074 172 OF
1105 133 1369 172 ERASMUS
1721 133 1844 182 [1523

287 244 354 275 For
374 244 546 276 Vlatten's
565 244 623 274 lite
641 252 696 273 see
716 242 822 273 ADB.
844 242 889 273 xl.
910 243 1009 282 87-9‚
1028 242 1098 273 and
1117 252 1161 273 an
1180 242 1347 274 excellent
1368 242 1489 273 article
1509 242 1556 283 by
1576 241 1614 273 Ο.
1635 241 1677 272 R.
1698 241 1845 273 Redlich

242 288 278 319 in
304 288 360 319 Zs.
387 288 418 320 d.
449 288 529 327 berq.
560 285 889 325 Geschichtsvereins,
916 285 963 317 xli
990 286 1120 326 (1908),
1150 287 1291 326 160—84‚
1318 285 1473 327 prefixed
1500 289 1537 316 to
1563 294 1658 316 some
1682 285 1846 317 intimate

243 331 363 364 letters
382 336 419 363 to
436 331 509 362 him
527 331 617 362 from
635 329 773 363 Conrad
792 329 1005 368 Heresbach‚
1028 331 1202 370 1524-36;
1233 330 1306 362 also
1325 330 1385 362 EE
1406 330 1476 361 and
1492 329 1576 360 Mas.
1595 328 1652 368 E.]

244 437 459 467 ERASMVS
495 436 600 466 ROT.
639 435 921 465 CLARISSIMO
958 436 1003 464 D.
1040 435 1214 465 IOANNI
1247 434 1515 472 VLATTENO,
1550 432 1846 464 PRAEPOSITO

288 494 546 524 ECCLESIAE
564 492 1029 524 CRANENBVRGENSIS
1048 494 1105 523 ΕΤ
1123 493 1445 522 SCHOLASTERI
1461 490 1684 530 AQVENSI,
1703 490 1739 521 S.
1760 492 1806 520 D.

299 556 431 603 QVVM
452 555 635 595 Ioannes
655 555 903 602 Frobenius,
926 556 992 594 vir
1021 556 1344 606 ornatiss<ime>,
1369 554 1597 593 adornaret
1626 554 1712 593 suis
1732 554 1849 604 typis

244 610 451 650 excudere
475 610 738 649 Tusculanas
764 610 1042 657 Quaestiones
1066 609 1123 649 M.
1149 609 1289 657 Tullii,
1316 622 1468 660 meque
1492 612 1682 659 rogasset
1707 612 1756 647 vt
1782 607 1848 646 hic

245 664 407 716 aliquid
444 664 645 704 adderem
683 665 845 716 opellae
882 677 1013 711 meae,
1052 677 1138 715 quo
1174 664 1280 702 liber
1317 665 1453 702 exiret
1490 663 1633 714 aliqua
1669 663 1850 701 recentis

244 719 446 758 Vtilitatis
469 720 706 759 accessione
730 718 1054 758 commendatus
1075 733 1082 765 ;
1123 732 1172 757 eo
1194 718 1411 757 lubentius
1434 717 1544 756 hanc
1567 718 1732 767 suscepi
1755 729 1850 767 pro-

207 791 223 824 5
244 775 444 821 uinciam,
469 774 585 825 quod
608 774 801 826 pluribus
823 775 909 813 iam
934 775 1056 812 annis
1080 773 1183 812 mihi
1207 772 1311 812 nihil
1336 777 1412 811 aut
1436 771 1713 823 perpusillum
1738 784 1849 810 com-

246 829 389 868 mercii
419 841 515 868 eum
544 828 676 868 Musis
705 827 1063 867 mansuetioribus
1091 827 1255 866 fuisset.
1313 826 1469 877 Itaque
1499 825 1847 865 conferendorum

246 882 552 935 exemplarium
565 884 739 934 negocio
751 882 923 922 famulis
936 881 1144 933 delegato,
1156 881 1373 920 iudicandi
1383 882 1542 932 parteis
1553 880 1655 919 mihi
1666 881 1826 931 sumpsi
1841 894 1848 925 ;

246 942 426 989 totoque
459 951 584 989 opere
617 951 703 976 non
736 938 968 976 oscitanter
999 936 1199 988 perlecto,
1234 935 1387 987 digessi
1419 948 1566 974 versus
1599 935 1848 981 carminum,

246 1005 356 1043 quae
373 992 443 1031 ille
461 992 634 1043 quidem
653 1005 739 1031 non
758 993 847 1030 sine
865 990 1060 1042 exemplo
1079 989 1270 1029 Platonis
1289 994 1332 1029 et
1351 989 1591 1029 Aristotelis
1610 1003 1662 1029 ex
1681 988 1851 1029 Graecis

192 1062 230 1085 10
247 1046 496 1098 Latinisque
527 1047 679 1097 poetis,
711 1046 784 1085 sed
815 1044 1125 1097 propemodum
1157 1044 1213 1083 ad
1243 1044 1435 1084 taedium
1466 1057 1614 1095 vsque,
1648 1045 1851 1095 congerit.

246 1101 328 1140 Vbi
343 1100 573 1140 variabant
587 1100 859 1152 exemplaria,
874 1100 941 1139 vel
957 1099 1073 1151 quod
1088 1099 1353 1150 probabatur
1373 1099 1558 1150 amplexi
1573 1111 1719 1138 sumus
1734 1111 1742 1144 ;
1769 1097 1850 1145 vel,

246 1156 280 1194 si
322 1155 552 1194 Videbatur
593 1167 749 1207 anceps
788 1154 1008 1201 iudicium,
1051 1158 1264 1205 vtranque
1305 1153 1531 1193 lectionem
1573 1154 1851 1200 seruauimuS,

246 1209 426 1249 alteram
454 1211 499 1249 in
528 1213 748 1257 contextu,
778 1208 958 1248 alteram
986 1210 1031 1248 in
1059 1209 1200 1260 spatio
1229 1209 1444 1259 marginis.
1500 1207 1718 1247 Nonnulla
1746 1208 1854 1246 citra

248 1264 442 1304 codicum
472 1263 721 1316 suffragium
751 1264 1030 1310 restituimus,
1063 1263 1137 1302 sed
1166 1276 1243 1302 nec
1274 1262 1507 1302 admodum
1538 1262 1688 1309 multa,
1720 1265 1765 1301 et
1793 1261 1852 1300 ibi

192 1334 225 1367 15
248 1319 465 1358 duntaxat
494 1319 568 1358 vbi
598 1332 664 1358 res
694 1319 857 1358 homini
887 1318 1015 1357 docto
1046 1322 1091 1357 et
1120 1318 1355 1357 exercitato
1384 1330 1472 1356 non
1501 1321 1613 1356 esset
1643 1316 1850 1356 obscura:

247 1373 440 1412 nonnihil
456 1374 587 1413 etiam
604 1373 859 1413 scholiorum
877 1373 1120 1412 adiecimus.
1166 1371 1282 1411 Dum
1299 1372 1402 1411 haec
1420 1385 1512 1423 ago,
1531 1371 1650 1410 bidui
1666 1370 1852 1410 triduiue

248 1427 518 1479 dispendium
536 1427 676 1467 facere
693 1440 863 1467 necesse
880 1427 964 1466 fuit
982 1428 1027 1466 in
1046 1426 1138 1465 aliis
1158 1426 1324 1473 studiis,
1345 1426 1500 1477 quibus
1519 1439 1607 1465 rem
1627 1424 1850 1477 Euangeli-

250 1495 344 1521 cam
364 1486 583 1533 vtcunque
602 1495 915 1533 promouemus.

303 1536 446 1587 Atque
470 1537 596 1575 huius
621 1536 832 1587 dispendii
856 1536 962 1575 adeo
988 1548 1055 1574 me
1079 1548 1165 1574 non
1189 1536 1416 1586 poenituit,
1442 1539 1493 1574 vt
1515 1536 1561 1573 in
1585 1535 1698 1573 votis
1723 1535 1791 1580 sit,
1819 1535 1852 1573 si

190 1606 233 1628 20
249 1591 388 1638 liceat,
411 1591 466 1629 ad
485 1595 649 1630 veteres
668 1591 762 1630 illos
782 1592 940 1629 amicos
959 1591 1197 1641 remigrare,
1219 1602 1268 1628 ac
1288 1602 1452 1628 menses
1472 1589 1637 1640 aliquot
1656 1601 1752 1628 oum
1772 1588 1853 1627 illis

249 1645 516 1684 familiariter
530 1647 687 1684 viuere.
734 1645 922 1684 Tantum
937 1644 1104 1684 fructus
1120 1657 1186 1682 me
1202 1645 1313 1683 sensi
1330 1644 1564 1694 percepisse
1583 1657 1635 1682 ex
1653 1643 1720 1682 his
1736 1643 1853 1682 libris

249 1699 428 1747 relectis,
457 1712 543 1738 non
570 1704 744 1739 tantum
773 1699 827 1738 ob
855 1699 941 1738 stili
967 1698 1205 1749 rubiginem
1233 1697 1559 1749 abstergendam
1590 1700 1853 1748 (quanquam

251 1754 331 1793 hoc
357 1767 528 1805 quoque
547 1754 740 1793 nonnihil
759 1758 837 1800 est,
859 1766 953 1792 meo
983 1752 1156 1804 quidem
1181 1752 1355 1801 iudicio)
1376 1765 1525 1791 verum
1555 1752 1691 1791 multo
1721 1753 1854 1803 magis

252 1808 306 1848 ob
337 1809 467 1847 animi
497 1808 756 1860 cupiditates
788 1807 1072 1847 moderandas
1103 1806 1476 1858 refrenandasque.
1536 1806 1711 1854 Quoties
1743 1807 1854 1845 inter

191 1876 229 1909 23
250 1862 476 1914 legendum
489 1863 728 1914 expuebam
741 1864 786 1902 in
798 1862 976 1902 stolidos
987 1863 1105 1909 istos,
1121 1862 1251 1913 quiin
1264 1861 1461 1901 Cicerone
1473 1861 1578 1900 nihil
1590 1860 1853 1912 praeclarum

251 1930 341 1956 esse
375 1917 579 1957 dictitant
612 1922 782 1969 praeter
814 1916 1042 1956 verborum
1077 1916 1296 1967 phaleras!
1347 1915 1485 1963 Quam
1518 1915 1602 1955 illic
1636 1919 1702 1954 est
1735 1917 1853 1954 varia

251 1971 377 2011 lectio
395 1972 675 2019 voluminum,
695 1985 805 2023 quae
823 1972 1058 2011 doctissimi
1075 1970 1224 2010 Graeci
1241 1970 1294 2009 de
1311 1975 1425 2010 recte
1442 1970 1652 2021 beateque
1670 1969 1855 2008 viuendo

251 2026 514 2078 reliquerunt
534 2027 541 2065 !
576 2030 741 2078 quanta
757 2027 835 2073 vis,
854 2030 1019 2078 quanta
1036 2027 1158 2077 copia
1175 2025 1408 2064 salubrium
1425 2038 1475 2064 ac
1492 2025 1854 2064 sanctissimorum

253 2085 577 2132 praeceptorum
597 2081 605 2120 !
662 2085 827 2132 quanta
867 2082 1052 2132 cognitio
1091 2084 1340 2131 quantaque
1379 2080 1583 2118 memoria
1621 2080 1854 2131 priscarum

194 2147 237 2180 30
254 2135 379 2174 simul
403 2139 448 2174 et
470 2136 704 2174 recentium
728 2135 1003 2174 historiarum
1023 2135 1030 2174 !
1084 2135 1194 2174 Tum
1219 2138 1378 2181 autem,
1405 2147 1536 2185 quam
1560 2133 1673 2173 altae
1698 2135 1853 2185 cogita-

253 2190 391 2228 tiones
420 2189 472 2228 de
501 2203 602 2228 vera
630 2189 813 2228 hominis
840 2189 1058 2236 felicitate,
1089 2202 1200 2240 quae
1227 2188 1353 2240 plane
1381 2188 1602 2228 declarant
1627 2188 1748 2226 illum
1776 2188 1855 2226 hoc

254 2245 386 2295 egisse
407 2243 522 2295 quod
542 2243 725 2282 docebat
745 2244 752 2282 !
803 2243 897 2282 Iam
918 2257 1019 2282 vero
1038 2245 1083 2282 in
1103 2243 1365 2294 explicandis
1384 2243 1510 2282 rebus
1530 2243 1677 2294 procul
1698 2256 1724 2281 a
1744 2255 1854 2281 com-

255 2299 374 2336 muni
390 2311 515 2337 sensu
532 2311 581 2337 ac
598 2311 788 2337 sermone
805 2297 1000 2349 populari
1017 2299 1203 2344 semotis,
1221 2310 1413 2348 quasque
1430 2297 1555 2336 multi
1572 2297 1857 2348 desperabant

256 2352 453 2391 Romana
474 2352 619 2404 lingua
641 2353 819 2392 tractari
841 2365 977 2403 posse,
1002 2365 1112 2403 quae
1135 2352 1427 2403 perspicuitas,
1454 2353 1526 2402 qui
1550 2351 1721 2398 candor,
1747 2364 1856 2402 quae

197 2418 233 2451 35
255 2406 452 2454 facilitas,
473 2419 584 2458 quae
603 2408 738 2459 copia,
759 2419 870 2458 quae
889 2406 1072 2458 denique
1090 2405 1304 2445 festiuitas
1325 2406 1331 2444 !

309 2461 641 2513 Philosophiam,
662 2474 772 2513 quae
790 2462 976 2512 primum
993 2462 1039 2500 in
1056 2473 1197 2499 rerum
1215 2460 1477 2499 naturalium
1496 2459 1856 2510 contemplatione

256 2520 467 2567 occupata
489 2515 636 2567 procul
660 2516 810 2555 aberat
833 2528 859 2554 a
882 2517 974 2554 vita
998 2516 1226 2562 communi,
1252 2514 1446 2554 Socrates
1470 2515 1631 2565 primus
1654 2515 1699 2553 in
1722 2517 1857 2552 terras

257 2573 388 2621 atque
406 2571 536 2610 etiam
554 2572 599 2610 in
617 2570 767 2610 domos
785 2569 1010 2609 deduxisse
1027 2569 1194 2620 legitur.
1241 2568 1366 2608 Plato
1384 2573 1429 2608 et
1447 2567 1696 2608 Aristoteles
1714 2570 1856 2607 conati

258 2629 359 2663 sunt
387 2637 482 2663 eam
512 2629 557 2664 et
585 2626 629 2664 in
659 2625 778 2664 aulas
807 2637 953 2676 regum
983 2628 1027 2663 et
1056 2625 1100 2662 in
1129 2627 1326 2662 senatum
1357 2627 1400 2662 et
1429 2624 1473 2662 in
1502 2624 1596 2674 ipsa
1624 2621 1856 2662 tribunalia

303 2728 371 2751 rrr.
398 2728 611 2752 cmmssmo
636 2729 670 2752 D.
697 2722 740 2752 αΒ
763 2720 1103 2761 (GRANEBVRGENSIS
1119 2721 1181 2761 β);
1217 2730 1280 2751 om.
1306 2719 1350 2751 N.
1530 2727 1751 2751 PRAEPOSITO
1777 2744 1783 2750 .
1811 2743 1818 2750 .
1846 2743 1853 2750 .

260 2772 419 2799 AQVENSI
441 2765 484 2797 αβ
505 2763 843 2803 (CBANEBVRGENSIS
859 2763 895 2803 Β)
913 2776 921 2796 :
945 2774 1009 2796 om·
1026 2763 1073 2795 N.
1205 2771 1232 2794 1.
1260 2762 1502 2796 ornatissimus
1524 2765 1557 2797 β.
1687 2771 1717 2793 2.
1742 2762 1787 2794 M
1811 2774 1854 2793 a:

259 2806 367 2838 Marci
389 2809 422 2841 Β.
529 2820 559 2850 4.
586 2807 675 2839 hanc
692 2808 909 2849 prouinciam
931 2817 971 2840 eo
994 2806 1172 2839 lubentius
1188 2808 1324 2849 suscepi
1339 2808 1373 2841 β.

308 2952 334 2982 7.
359 2940 516 2979 famulis]
552 2941 621 2972 For
656 2941 833 2973 Erasmus’
871 2942 1026 2983 employ-
1097 2951 1152 2973 see
1168 2942 1233 2983 Ep.
1256 2942 1377 2982 1766n.

262 2987 356 3015 ment
379 2983 415 3014 of
436 2984 711 3026 servant-pupils
734 2989 772 3016 to
793 2985 874 3026 help
895 2985 968 3017 him
989 2986 1026 3017 in
1143 2996 1192 3028 17.
1218 2984 1295 3015 aliis
1310 2982 1451 3022 studiis]
1465 2982 1515 3015 Cf.
1533 2982 1624 3024 Epp.
1645 2991 1739 3022 1391,
1760 2991 1852 3023 1393,

261 3027 313 3058 his
328 3025 422 3058 work
433 3026 475 3058 ef.
491 3027 563 3059 Cat.
578 3028 654 3059 Luc.
671 3031 716 3067 (1,
732 3039 765 3070 p.
780 3039 835 3068 44.
849 3031 908 3068 40)
924 3041 932 3066 ;
957 3029 1025 3059 and
1100 3038 1182 3068 1400
1214 3037 1308 3068 1414,
1328 3029 1421 3067 1426,
1440 3035 1533 3066 1427.
