2012 3370
150 124 272 174 1334]
609 121 681 160 To
710 120 866 160 JOHN
895 120 1280 160 OARONDELET
1668 125 1742 163 179

144 233 323 271 descunt
349 237 563 279 tractata;
608 231 740 270 veluti
766 232 819 271 de
844 232 1006 271 fabrica
1032 233 1230 279 vniuersi,
1259 232 1311 271 de
1336 236 1492 271 natura
1519 246 1741 284 corporum

145 287 402 334 coelestium,
419 287 471 326 de
487 285 682 325 concordi
697 285 907 325 discordia
921 286 1240 334 elementorum,
1256 286 1308 326 de
1322 286 1526 326 scatebris
1541 286 1739 334 fontium,
1759 301 1825 335 270

143 341 195 380 de
221 355 345 380 cursu
371 341 572 386 amnium,
600 339 652 379 de
677 341 841 379 Vicibus
867 354 1056 380 accessus
1083 354 1131 380 ac
1156 354 1341 380 recessus
1367 341 1507 388 maris,
1535 341 1587 380 de
1613 342 1741 380 variis

142 400 279 434 terrae
304 395 513 434 foetibus:
555 407 692 445 neque
719 407 813 433 raro
840 408 974 446 vsque
1001 395 1056 433 ad
1082 396 1243 446 tragica
1269 396 1487 434 schemata
1513 395 1738 442 attollitur,

141 450 439 501 prosopopeias
460 453 504 488 et
523 449 816 499 apostrophas,
838 449 993 501 quibus
1014 449 1081 488 vel
1101 449 1333 489 haereticos
1354 449 1421 489 vel
1441 450 1580 489 Deum
1600 451 1740 502 ipsum

144 504 387 555 alloquitur.

195 558 253 597 Et
291 557 406 597 haud
443 557 528 595 scio
567 570 622 595 an
661 557 764 596 haec
803 557 1173 608 grandiloquentia
1212 557 1428 597 Gallorum
1466 559 1644 610 ingeniis
1683 559 1739 598 sit
1759 573 1820 605 275

140 612 372 663 peculiaris.
430 611 576 649 Habet
626 611 869 649 huiusmodi
920 611 1125 662 quiddam
1177 615 1221 650 et
1271 611 1478 662 Sulpitius
1529 613 1736 659 Seuerus;

139 666 269 705 habet
289 670 333 705 et
354 665 584 704 Eucherius
605 665 735 704 etiam
756 665 835 704 hoc
856 665 1123 712 elaboratior‚
1146 665 1220 704 sed
1241 679 1341 704 cura
1361 665 1556 713 feliciore,
1579 667 1614 706 si
1634 667 1738 720 quid

137 724 283 759 tamen
327 733 403 771 ego
446 719 599 758 iudico.
657 719 745 758 Nec
791 719 1018 771 degenerat
1062 719 1117 758 ab
1162 719 1241 758 hac
1286 720 1429 771 phrasi
1474 720 1738 760 Guilhelmus

136 774 349 821 Budaeus,
379 774 444 812 vir
470 774 581 812 inter
609 773 734 812 huius
762 775 857 812 aeui
885 774 1109 825 scriptores
1137 773 1459 820 celeberrimus;
1505 775 1611 814 adeo
1639 776 1735 814 sub-

135 828 248 866 limis
268 832 318 866 vt
348 828 499 867 tubam
530 840 681 867 sonare
711 827 871 875 credas,
906 841 994 867 non
1025 828 1271 874 hominem;
1303 827 1411 867 adeo
1440 829 1622 868 feliciter
1651 830 1733 868 ela-
1755 837 1820 868 280

136 883 311 921 boratus
337 886 388 921 vt
412 881 627 921 eruditum
652 882 853 921 lectorem
879 895 1099 934 nunquam
1126 883 1267 929 satiet,
1295 882 1521 922 triuialiter
1545 884 1737 923 literatos

135 937 282 988 procul
326 937 594 976 submoueat.
650 935 783 975 Porro
828 937 1033 976 sermonis
1076 936 1312 976 obscuritas
1358 938 1531 977 tametsi
1578 939 1736 989 partim

134 991 232 1030 inde
256 994 332 1038 est,
358 990 474 1042 quod
496 990 739 1042 frequenter
762 992 997 1030 orationem
1021 990 1197 1030 diuersis
1220 1005 1242 1030 e
1265 991 1466 1030 membris
1489 996 1737 1032 contextam

135 1046 209 1084 vix
247 1044 423 1084 tandem
459 1045 585 1096 longo
625 1045 804 1084 circuitu
842 1045 1055 1092 absoluit;
1111 1049 1257 1085 tamen
1294 1045 1399 1084 illud
1437 1047 1567 1085 etiam
1606 1047 1738 1087 officit

134 1100 338 1138 orationis
373 1100 680 1150 perspicuitati,
718 1099 835 1150 quod
869 1100 914 1139 in
950 1104 1200 1151 argumento
1235 1112 1310 1151 per
1345 1113 1389 1139 se
1424 1101 1737 1141 subtilitatibus
1755 1108 1816 1149 285

132 1154 326 1192 inuoluto
349 1153 518 1192 laudem
540 1154 671 1192 etiam
693 1153 915 1193 affectauit
936 1154 1140 1206 argutiae,
1164 1167 1472 1206 nonnunquam
1494 1159 1539 1194 et
1560 1156 1706 1206 copiae
1727 1169 1735 1195 :

133 1208 249 1259 quod
277 1207 389 1247 idem
418 1208 463 1246 in
491 1207 594 1247 Asse
623 1208 725 1247 fecit
757 1208 970 1247 Budaeus.
1036 1208 1259 1248 Caeterum
1288 1209 1367 1248 hoc
1396 1209 1654 1248 incommodi
1686 1209 1737 1250 fit

131 1262 279 1309 leuius,
321 1262 356 1300 si
396 1263 642 1301 assueueris.
703 1262 1072 1309 Quemadmodum
1112 1263 1224 1301 enim
1264 1263 1473 1314 quosdam
1513 1263 1735 1315 loquentes

132 1329 253 1367 aegre
289 1315 499 1367 intelligas
537 1317 618 1354 nisi
654 1317 822 1367 saepius
859 1317 1053 1363 audieris,
1085 1321 1129 1355 et
1158 1317 1520 1368 quemadmodum
1550 1319 1735 1358 musicae

130 1383 261 1421 genus
289 1370 344 1409 ob
372 1370 451 1409 hoc
478 1370 619 1421 ipsum
646 1371 786 1409 minus
814 1370 1012 1418 delectat,
1042 1371 1144 1421 quia
1169 1384 1331 1410 nouum
1359 1375 1425 1410 est
1451 1376 1496 1411 et
1522 1372 1705 1411 insolens
1726 1386 1734 1419 ;
1752 1388 1818 1420 290

127 1425 191 1463 ita
221 1424 424 1476 quoniam
455 1436 555 1463 suus
587 1425 738 1476 cuique
769 1424 891 1464 stilus
922 1429 1000 1472 est,
1027 1424 1078 1463 fit
1106 1425 1379 1465 assuetudine
1409 1425 1657 1465 familiarior
1687 1440 1736 1466 ac

128 1478 305 1529 proinde
326 1478 549 1518 iucundior
568 1491 578 1518 ε
615 1479 825 1530 siquidem
848 1483 892 1518 et
913 1479 1036 1518 Titus
1059 1479 1218 1526 Liuius,
1242 1492 1327 1531 quo
1350 1492 1437 1519 non
1459 1480 1566 1519 alius
1588 1481 1734 1520 iucun-

129 1533 235 1580 dior,
266 1532 322 1572 ad
350 1533 534 1585 primum
564 1537 736 1584 gustum
766 1534 1042 1573 subausterus
1071 1537 1148 1573 est.
1207 1533 1260 1572 Id
1288 1538 1434 1574 autem
1463 1536 1732 1587 potissimum

129 1588 273 1627 euenit
299 1587 345 1626 in
372 1587 437 1626 his
466 1588 687 1627 autoribus
715 1589 760 1627 in
787 1589 956 1639 quibus,
986 1592 1155 1640 praeter
1182 1588 1226 1627 id
1255 1588 1372 1640 quod
1400 1590 1579 1641 quisque
1608 1603 1732 1629 suum

128 1641 343 1693 quendam
362 1641 493 1681 habet
511 1646 684 1693 gustum
704 1642 972 1694 peculiarem,
989 1643 1155 1682 accedit
1176 1656 1277 1682 cura
1295 1647 1340 1682 et
1359 1644 1611 1683 subtilitatis
1632 1644 1730 1684 affe-
1751 1654 1812 1687 295

127 1697 274 1735 ctatio.
333 1695 486 1743 Quales
506 1696 609 1735 mihi
628 1697 852 1748 praecipue
872 1697 1073 1736 videntur
1090 1698 1202 1736 inter
1221 1701 1409 1737 oratores
1430 1698 1730 1747 Quintilianus,

126 1751 237 1789 inter
257 1754 406 1801 poetas
427 1749 646 1790 Horatius.
1166 1750 1169 1751 ⁷

181 1804 373 1856 Apparet
406 1805 485 1844 hoc
520 1806 697 1844 sensisse
730 1805 879 1844 diuum
914 1805 1238 1857 Hieronymum,
1274 1806 1349 1857 qui
1382 1807 1426 1845 in
1460 1806 1640 1858 epistola
1674 1807 1731 1846 ad

127 1859 371 1898 Romanum
400 1863 625 1906 oratorem,
657 1860 803 1898 scribit
832 1860 944 1899 hunc
972 1860 1017 1899 in
1045 1859 1246 1907 modum;
1291 1860 1516 1908 ‘Hilarius‚
1538 1874 1729 1901 meorum

126 1913 340 1952 confessor
370 1917 612 1964 temporum
644 1918 688 1953 et
719 1914 953 1965 episcopm,
986 1914 1210 1953 duodecim
1244 1914 1495 1962 Quintiliani
1524 1915 1654 1955 libros
1685 1919 1730 1956 et
1749 1927 1815 1959 300

125 1968 223 2006 stilo
244 1968 439 2006 imitatus
459 1972 524 2007 est
542 1972 781 2010 etnumero
797 1968 821 2007 ’.
871 1968 1175 2008 Difficillimum
1196 1973 1261 2008 est
1282 1973 1427 2008 autem
1448 1983 1545 2009 eum
1567 1970 1640 2021 qui
1661 1970 1729 2010 vel

125 2022 230 2060 artis
251 2026 479 2073 praecepta
500 2022 635 2061 tradit
655 2022 723 2061 Vel
745 2022 797 2062 de
818 2023 943 2062 rebus
964 2027 1120 2062 natura
1141 2023 1368 2062 subtilibus
1390 2028 1726 2076 argumentatur,

125 2088 271 2114 curam
300 2076 540 2127 expoliendi
567 2077 770 2115 sermonis
799 2090 895 2116 cum
918 2078 1221 2129 perspicuitate
1245 2079 1508 2129 coniungere.
1563 2078 1726 2127 Quinti-

124 2129 261 2169 lianus
290 2134 457 2181 praeter
486 2131 562 2169 has
590 2131 861 2170 difficultates
891 2132 1021 2171 etiam
1050 2132 1306 2171 breuitatem
1333 2132 1567 2172 affectauit.
1624 2133 1729 2173 Mihi

126 2197 226 2223 vero
264 2188 457 2224 veterum
495 2185 725 2224 dictionem
762 2186 926 2225 variam
964 2186 1262 2234 consideranti,
1301 2187 1472 2226 Videtur
1509 2188 1584 2226 vix
1620 2187 1728 2227 vllos
1748 2200 1809 2234 305

126 2238 404 2290 prouinciales
442 2239 620 2278 feliciter
658 2239 889 2279 reddidisse
928 2240 1114 2279 Romani
1152 2242 1356 2280 sermonis
1395 2242 1724 2293 simplicitatem,

126 2296 294 2343 praeter
315 2293 480 2345 aliquot
502 2294 576 2345 qui
599 2294 762 2334 Romae
786 2308 811 2333 a
834 2295 974 2346 pueris
997 2299 1098 2334 sunt
1121 2295 1304 2335 educati.
1361 2295 1474 2335 Nam
1497 2300 1542 2335 et
1563 2296 1727 2335 Tertul-

123 2347 237 2386 liano
256 2351 299 2386 et
317 2347 495 2398 Apuleio
514 2361 615 2387 suus
633 2348 808 2400 quidam
827 2353 892 2388 est
910 2349 1128 2389 character
1148 2363 1156 2396 ;
1191 2354 1235 2389 et
1252 2351 1296 2389 in
1315 2350 1494 2390 decretis
1512 2350 1727 2398 Afrorum,

124 2414 234 2452 quae
271 2402 407 2441 multa
443 2401 572 2441 refert
602 2403 864 2454 Augustinus
902 2408 1051 2443 contra
1082 2404 1338 2443 Petilianum
1369 2408 1413 2444 et
1444 2404 1725 2452 Cresconium,

125 2456 414 2507 deprehendas
448 2457 620 2496 anxiam
655 2457 971 2497 affectationem
1005 2459 1284 2510 eloquentiae,
1320 2457 1394 2498 sed
1427 2459 1486 2498 sic
1519 2462 1569 2498 vt
1602 2458 1726 2498 Afros
1747 2474 1811 2506 310

125 2523 341 2561 agnoscas.
399 2511 692 2551 Subobscurus
749 2525 799 2551 ac
856 2512 1142 2552 submolestus
1198 2517 1263 2552 est
1318 2525 1626 2564 nonnunquam
1683 2517 1728 2552 et

126 2564 400 2616 Augustinus,
434 2578 510 2604 nec
542 2567 714 2605 omnino
747 2566 851 2605 nihil
883 2567 1072 2605 Africum
1105 2567 1236 2606 habet
1268 2567 1516 2618 Cyprianus,
1551 2568 1726 2606 cacteris

123 2618 223 2658 licet
256 2618 487 2658 candidior.
544 2620 633 2660 Nec
667 2621 821 2659 mirum
854 2621 889 2659 si
923 2621 1068 2660 Gallus
1101 2621 1230 2660 refert
1263 2621 1471 2660 Gallicum
1504 2621 1724 2672 quiddam,

124 2673 159 2711 si
184 2672 323 2712 Penus
348 2673 570 2721 Punicum,
597 2687 729 2725 quum
760 2675 804 2713 in
829 2674 950 2713 Liuio
975 2675 1199 2714 nonnullos
1225 2675 1416 2714 offendat
1440 2675 1724 2715 Patauinitas.

124 2727 228 2766 Fere
252 2726 302 2765 fit
326 2731 471 2766 autem
491 2732 541 2766 vt
564 2729 699 2767 maior
723 2729 779 2767 sit
803 2728 1019 2768 affectatio
1044 2730 1088 2768 in
1112 2730 1176 2768 his
1201 2730 1274 2780 qui
1298 2729 1465 2781 linguae
1490 2730 1725 2782 cuiuspiam
1745 2748 1805 2781 315

125 2781 357 2832 municipes
376 2785 489 2828 sunt,
511 2795 641 2833 quam
660 2783 734 2834 qui
753 2783 864 2822 ciues
886 2797 893 2830 ;
929 2784 1003 2833 qui
1022 2783 1225 2830 aduenae,
1246 2797 1376 2835 quam
1396 2784 1470 2835 qui
1488 2784 1723 2836 indigenae.

124 2836 336 2875 Nimirum
361 2835 458 2875 hinc
481 2841 546 2875 est
570 2837 686 2888 quod
707 2850 812 2875 anus
832 2837 905 2876 illa
923 2838 1265 2889 Theophrastum
1289 2838 1297 2853 ‘
1317 2838 1528 2890 hospitem
1548 2838 1557 2854 '
1580 2839 1722 2891 appel-

124 2890 232 2929 lasse
254 2890 420 2941 legitur,
445 2894 495 2930 vt
516 2891 695 2930 nimium
719 2891 861 2931 Attice
883 2891 1142 2943 loquentem.

286 2982 359 3014 277.
386 2971 591 3010 Eucherius]
608 2972 675 3003 For
691 2971 868 3003 Erasmus?
887 2972 1140 3014 acquaintance
1159 2973 1243 3005 wit-h
1263 2973 1335 3005 him
1354 2984 1409 3006 see
1427 2974 1492 3016 Ep.
1513 2977 1588 3018 676.

286 3017 360 3058 284.
384 3016 552 3056 absoluit]
566 3025 610 3049 sc.
633 3015 798 3048 Hilarius.
1002 3019 1076 3057 298.
1103 3017 1374 3060 Hieronymum]
1395 3018 1457 3059 Ep.
1478 3028 1530 3060 70.
1551 3027 1581 3060 5.

874 3084 954 3115 N2
