2012 3370
278 117 357 154 226
750 118 1004 158 LETTERS
1036 119 1108 158 OF
1138 119 1401 160 ERASMUs
1750 122 1873 170 [1523

276 230 319 265 et
340 240 365 265 a
386 227 572 266 Luthero
594 228 818 266 dissentiat
839 242 845 266 :
885 228 957 266 sed
978 232 1123 267 tamen
1144 229 1241 267 huic
1263 229 1390 268 datur
1411 230 1548 276 venia,
1572 229 1687 280 quod
1706 231 1872 269 iuuenis

189 295 256 326 940
277 281 412 319 bonae
433 284 521 332 spei
542 283 659 320 breui
681 284 735 320 sit
757 283 879 321 aliter
899 295 1108 322 sensurus.
1741 319 1744 321 Α

329 337 365 374 H
374 337 410 374 ic
433 349 577 374 rursus
600 337 766 387 appello
790 350 931 376 meum
955 350 1139 388 aequum
1162 338 1356 385 iudicem,
1375 351 1508 389 quum
1532 338 1611 376 hoc
1634 339 1869 389 scripserim

273 394 372 428 ante
394 391 611 441 proditum
634 391 809 430 Lutheri
830 391 997 442 dogma,
1021 405 1154 443 quum
1175 392 1287 431 idem
1309 394 1497 432 sentiant
1519 405 1664 431 omnes
1684 393 1870 444 theologi

272 448 365 482 tuni
399 449 561 483 veteres
594 449 687 484 tum
720 450 921 493 recentes,
958 446 1159 498 Origines,
1195 447 1493 498 HieronymuS‚
1528 447 1867 498 Chrysostomus‚

272 498 471 545 Hilarius,
507 499 732 546 Arnobius,
769 500 932 547 Scotus,
969 501 1166 548 Thomas,
1203 515 1275 540 cur
1309 515 1397 553 egO,
1434 501 1553 540 velut
1587 506 1712 540 autor
1745 502 1870 541 huius

186 566 247 598 045
271 555 518 600 sententiae,
546 568 673 593 vocor
696 555 741 593 in
764 556 829 593 ius
851 561 866 593 Υ
908 559 952 594 et
976 569 1086 606 quur
1109 557 1182 607 qui
1207 556 1404 595 dissentit
1428 569 1453 594 a
1478 556 1665 595 Luthero
1690 560 1869 595 vocatur

271 607 544 647 Erasmianus
566 610 709 659 potius
731 622 860 660 quam
883 610 1128 649 Hilarianus
1150 615 1226 649 aut
1248 611 1606 662 Hieronymianus
1628 614 1644 648 ‘3
1682 623 1866 662 praeser-

269 662 346 700 tim
386 675 518 713 quum
558 677 651 702 eam
690 666 983 714 quaestionem
1022 679 1107 704 non
1146 667 1398 715 susceperim
1437 665 1785 716 pertractandam
1823 666 1867 704 in

268 716 534 767 Paraphrasi,
553 718 626 756 sed
642 718 779 757 obiter
794 719 1075 765 transilierim,
1095 719 1454 770 quemadmodum
1472 719 1574 758 fecit
1588 721 1677 770 ipse
1694 719 1865 766 Paulus,

267 771 339 821 qui
359 784 445 810 non
465 771 664 823 dignatur
684 773 767 812 illic
790 774 1041 823 respondere
1065 775 1351 824 percontatori
1374 774 1598 824 improbo?
1640 773 1698 812 Et
1720 778 1866 812 tamen

182 834 250 867 950
267 825 376 871 vide,
394 825 537 873 lector,
555 831 718 877 quanto
734 829 873 866 minus
888 828 970 866 illic
986 828 1173 867 tribuam
1188 828 1320 866 libero
1335 828 1511 867 arbitrio
1526 841 1655 879 quam
1671 828 1866 867 tribuant

266 879 333 918 vel
352 885 517 919 veteres
537 881 603 919 vel
623 883 903 920 recentiorum
925 883 1103 921 scholae.
1154 882 1351 932 Suspicor
1370 884 1482 921 enirn
1502 883 1605 921 haec
1626 895 1715 921 esse
1734 882 1866 921 verba

264 934 420 984 quibus
457 934 732 974 offenduntur
769 950 819 974 ex
858 938 996 986 capite
1033 950 1158 975 nono.
1227 936 1367 983 Quum
1404 938 1516 975 enim
1553 938 1863 987 proposuissem

262 989 501 1039 improbam
528 991 819 1040 quaestionem
846 991 1055 1029 obiectam
1083 991 1185 1037 Deo,
1213 1004 1322 1041 quae
1348 995 1526 1030 conatur
1549 991 1609 1030 illi
1633 992 1864 1042 impingere

263 1043 534 1087 iniusticiam,
563 1044 713 1089 ‘Imo,'
737 1046 926 1095 inquam,
954 1046 962 1059 ⁴
981 1045 1173 1084 nonnihil
1202 1049 1267 1084 est
1294 1046 1338 1083 in
1368 1045 1592 1084 voluntate
1621 1050 1863 1097 conatuque

180 1107 241 1140 955
262 1098 454 1146 <nostro>
484 1099 642 1137 situm:
691 1099 789 1137 licet
820 1099 898 1137 hoc
930 1100 992 1138 ita
1024 1101 1080 1138 sit
1110 1101 1309 1151 exiguum
1342 1104 1391 1138 vt
1423 1099 1478 1138 ad
1509 1100 1586 1138 Dei
1629 1101 1861 1151 gratuitam

262 1150 584 1190 beneficentiam
605 1153 710 1191 nihil
731 1166 819 1192 esse
840 1153 1050 1193 videatur.
1100 1154 1237 1193 Nemo
1258 1154 1488 1193 damnatur
1508 1155 1588 1193 nisi
1610 1167 1686 1193 sua
1707 1154 1832 1206 culpa
1852 1168 1859 1193 ε

260 1217 385 1244 nemo
405 1211 600 1245 seruatur
618 1208 698 1246 nisi
719 1207 800 1246 Dei
820 1208 1034 1247 beneficio.
1086 1209 1150 1248 Eo
1170 1209 1371 1260 dignatur
1390 1222 1496 1259 quos
1512 1209 1619 1255 Vult,
1637 1209 1711 1248 sed
1729 1210 1792 1248 ita
1813 1213 1864 1248 vt

260 1261 317 1299 sit
332 1260 384 1299 de
403 1274 488 1311 quo
507 1263 664 1312 gratias
683 1275 796 1313 agas,
816 1276 902 1301 non
921 1264 977 1302 sit
995 1263 1110 1314 quod
1129 1265 1317 1314 queraris
1335 1263 1358 1301 ³.
1399 1263 1576 1302 Haecin
1592 1263 1858 1315 Paraphrasi.

316 1314 523 1354 Videbam
555 1316 653 1355 hinc
685 1317 849 1367 Scyllae
880 1317 1113 1368 periculum
1144 1318 1318 1357 illiciens
1350 1317 1405 1356 ad
1437 1317 1637 1357 fiduciam
1669 1331 1857 1369 operum,

177 1373 244 1407 060
260 1381 390 1419 quam
415 1383 492 1420 ego
516 1374 679 1421 pestem
704 1371 914 1422 religionis
939 1373 1171 1411 maximam
1196 1386 1285 1412 esse
1308 1372 1458 1412 fateor.
1513 1372 1634 1412 Illinc
1659 1372 1857 1411 videbam

259 1423 532 1474 Charybdim,
555 1425 714 1463 malum
734 1427 864 1464 etiam
883 1426 1205 1474 formidabilius,
1227 1440 1313 1478 quo
1332 1439 1444 1466 nunc
1464 1439 1550 1465 non
1569 1427 1693 1478 pauci
1713 1432 1857 1466 tenen-

258 1482 341 1525 tur,
359 1478 560 1526 dicentes,
581 1479 590 1494 ‘
611 1479 902 1531 Obsequemur
918 1482 1060 1520 animo
1076 1486 1222 1521 nostro
1242 1496 1250 1529 3
1284 1483 1372 1521 siue
1388 1487 1636 1533 torquemus
1652 1483 1857 1533 nosipsos,

257 1532 346 1571 siue
374 1533 641 1584 indulgemus
670 1536 825 1582 animo,
856 1540 1002 1574 tamen
1031 1537 1198 1575 eueniet
1227 1537 1342 1587 quod
1368 1537 1495 1575 semel
1521 1538 1676 1575 statuit
1701 1536 1816 1575 Deus
1833 1538 1855 1575 ³.

258 1585 412 1637 Itaque
446 1601 681 1627 sermonem
715 1602 857 1628 meum
891 1590 1136 1628 moderatus
1169 1604 1276 1637 sum,
1312 1596 1362 1631 vt
1394 1592 1617 1631 minimum
1651 1591 1856 1644 quiddam

173 1644 234 1683 065
257 1641 486 1680 tribuerem
528 1643 659 1681 libero
702 1644 890 1690 arbitrio,
934 1658 987 1682 ne
1028 1644 1259 1684 fenestram
1302 1647 1507 1697 aperirem
1549 1650 1641 1684 tam
1683 1647 1855 1696 capitali

257 1696 483 1743 socordiae,
512 1701 562 1735 vt
587 1697 754 1736 abiecto
780 1699 895 1737 omni
921 1703 1078 1738 conatu
1105 1700 1220 1738 vitae
1247 1700 1441 1747 melioris,
1469 1700 1585 1752 quod
1611 1713 1688 1740 suo
1713 1701 1855 1740 animo

256 1750 505 1789 collubitum
546 1751 675 1790 fuerit
715 1753 893 1803 quisque
933 1752 1104 1792 faceret.
1176 1754 1234 1792 Et
1273 1758 1419 1794 tamen
1459 1755 1562 1794 haec
1604 1756 1852 1803 scribebam,

256 1804 424 1854 Ignarus
447 1805 575 1844 fuisse
596 1819 841 1857 quenquam
862 1808 935 1858 qui
958 1807 1153 1847 funditus
1172 1808 1340 1849 tolleret
1361 1823 1529 1849 omnem
1549 1810 1668 1849 liberi
1690 1810 1853 1849 arbitrii

253 1859 341 1897 vim
362 1873 370 1905 ;
406 1860 520 1910 quod
540 1860 707 1912 dogma,
727 1862 895 1900 etiamsi
913 1862 1017 1901 mihi
1036 1866 1251 1902 constaret
1269 1877 1357 1903 esse
1376 1877 1537 1911 verum,
1557 1864 1688 1903 nolim
1706 1869 1853 1904 tamen

168 1928 235 1961 970
255 1913 378 1952 nudis
398 1915 538 1953 verbis
558 1916 602 1953 in
623 1911 775 1967 vulgus
791 1929 937 1956 serere.
988 1917 1113 1956 Nunc
1133 1919 1228 1968 quis
1248 1920 1383 1958 nescit
1403 1919 1455 1958 de
1469 1918 1561 1958 fato
1583 1919 1851 1970 disputatum

251 1967 362 2006 inter
386 1968 658 2020 philosophos
682 1975 782 2009 ante
807 1971 1021 2010 Christum
1044 1976 1197 2011 natum
1219 1975 1234 2010 ἶ)
1275 1977 1319 2012 et
1342 1973 1439 2012 hinc
1464 1973 1519 2012 ad
1542 1986 1619 2012 nos
1642 1978 1851 2012 venerunt

252 2023 520 2072 quaestiones
540 2024 869 2075 inexplicabiles,
888 2025 939 2064 de
960 2028 1252 2077 praescientia,
1274 2027 1326 2066 de
1346 2028 1735 2079 praedestinatione
1756 2028 1849 2074 Dei,

250 2075 303 2114 de
333 2076 465 2115 libero
497 2078 680 2117 hominis
711 2079 900 2126 arbitrio,
932 2080 984 2119 de
1012 2080 1169 2120 futuris
1199 2082 1568 2134 contingentibus:
1617 2083 1661 2121 in
1693 2083 1849 2133 quibus

250 2130 432 2169 arbitror
451 2133 661 2182 optimum
682 2146 769 2172 esse
788 2147 874 2172 non
894 2134 1125 2174 admodum
1145 2137 1269 2175 anxie
1288 2138 1459 2184 versari,
1480 2136 1652 2188 quando
1672 2137 1851 2188 abyssus

166 2202 227 2234 075
249 2188 314 2223 est
341 2185 750 2238 imperuestigabilis.
807 2188 953 2226 Malim
982 2203 1031 2227 ea
1059 2190 1269 2229 inculcare
1297 2204 1407 2242 quae
1435 2204 1512 2230 nos
1540 2191 1768 2230 hortantur
1796 2192 1849 2230 ad

249 2239 384 2277 modis
406 2240 602 2279 omnibus
623 2242 863 2280 conandum
885 2244 1047 2293 optima
1069 2257 1076 2281 :
1114 2245 1218 2283 nihil
1238 2249 1384 2284 tamen
1403 2246 1573 2284 interim
1594 2245 1716 2284 nobis
1738 2259 1847 2284 arro-

247 2297 409 2344 gantes,
434 2295 601 2333 etiamsi
624 2296 727 2346 quid
750 2309 838 2335 esse
861 2301 1054 2336 nostrum
1078 2299 1225 2348 possit,
1250 2299 1323 2338 sed
1345 2304 1488 2338 totum
1510 2299 1713 2338 iudicium
1737 2299 1847 2338 defe-

246 2351 386 2386 rentes
415 2348 594 2396 Christo,
624 2363 720 2388 cum
749 2351 861 2389 bona
888 2351 1044 2390 fiducia
1071 2352 1123 2391 de
1150 2352 1260 2392 illius
1289 2354 1551 2404 benignitate
1578 2354 1846 2404 potissimum

247 2406 465 2453 concepta.

163 2464 228 2501 980
300 2455 557 2496 Pronunciet
576 2458 643 2497 hic
662 2459 792 2509 igitur
811 2472 928 2498 meus
948 2460 1016 2499 ille
1035 2460 1176 2507 iudex,
1198 2474 1253 2500 an
1273 2462 1376 2500 mihi
1395 2461 1514 2500 velut
1534 2462 1673 2500 autori
1693 2461 1848 2500 debeat

244 2509 448 2561 imputari
467 2511 582 2562 quod
600 2525 724 2551 nemo
744 2516 937 2552 veterum
958 2528 1006 2553 ac
1025 2516 1257 2554 recentium
1276 2529 1362 2554 non
1381 2515 1490 2554 dixit
1511 2519 1526 2554 ⁶?
1575 2515 1643 2554 An
1662 2529 1844 2566 aequum

244 2564 300 2602 sit
321 2578 485 2603 mecum
509 2566 587 2605 hac
610 2566 662 2605 de
683 2580 727 2606 re
749 2567 927 2619 litigare,
948 2582 1043 2608 cum
1061 2570 1204 2620 potius
1222 2570 1431 2621 agendum
1450 2570 1505 2609 sit
1523 2583 1618 2608 cum
1637 2574 1704 2608 tot
1721 2570 1845 2608 huius

244 2619 479 2658 sententiae
501 2621 734 2668 autoribus,
757 2623 831 2672 qui
850 2635 938 2661 rem
960 2636 1011 2662 ex
1033 2623 1220 2674 professo
1241 2629 1445 2671 tractant,
1465 2637 1597 2675 quum
1615 2637 1691 2675 ego
1709 2624 1846 2663 obiter

243 2672 287 2710 in
306 2672 560 2724 Paraphrasi
578 2676 724 2725 paucis
744 2677 957 2727 attigerim
979 2680 994 2716 ⁴?
1043 2677 1153 2716 Fieri
1171 2682 1315 2728 potest
1333 2682 1395 2725 vt,
1416 2679 1618 2730 quoniam
1637 2691 1723 2717 non
1742 2679 1844 2717 satis

160 2735 222 2775 985
244 2730 367 2765 teneo
397 2729 540 2767 omnia
569 2728 745 2768 Lutheri
773 2730 989 2782 dogmata,
1020 2732 1265 2782 imprudens
1295 2737 1338 2772 et
1366 2733 1410 2771 in
1440 2733 1569 2771 alium
1598 2733 1843 2783 quempiam

243 2779 426 2830 lapidem
445 2782 677 2834 impingam
698 2797 706 2822 :
741 2785 858 2835 quod
875 2786 910 2823 si
928 2786 1161 2837 contingat,
1181 2800 1283 2825 num
1302 2788 1496 2838 protinus
1514 2787 1558 2825 in
1576 2800 1643 2825 me
1660 2786 1840 2825 frement

243 2833 352 2872 illius
382 2837 542 2875 amici?
601 2837 685 2876 Tot
713 2843 814 2877 sunt
843 2839 1000 2890 vbique
1030 2841 1103 2890 qui
1133 2842 1296 2892 magnis
1326 2841 1592 2887 clamoribus,
1623 2841 1698 2890 qui
1725 2840 1841 2878 libris

244 2887 394 2926 aeditis
422 2891 465 2928 in
492 2891 666 2930 Lutheri
694 2892 931 2932 doctrinam
959 2894 1363 2934 destomachantur:
1399 2898 1442 2933 et
1461 2895 1565 2934 mihi
1583 2895 1657 2932 vni
1683 2893 1841 2933 hiscere

879 3020 952 3051 943.
982 3010 1144 3051 Origenes
1161 3011 1204 3042 H.
