2012 3370
141 145 260 194 1342]
591 141 665 181 To
700 141 929 180 MARcus
961 140 1256 182 LAURmUS
1649 145 1727 182 225

136 252 281 299 literis,
300 253 430 291 etiam
446 251 624 291 ethnicis
640 251 900 302 principibus
917 251 1077 302 aliquid
1094 252 1368 291 tribuendum
1386 266 1474 292 esse
1491 253 1631 301 didici,
1650 255 1730 293 nisi

138 307 281 358 palam
298 307 430 358 impia
446 306 634 345 iubeant.
682 304 749 343 Ad
768 305 876 344 hanc
894 305 1082 356 regulam
1100 306 1255 345 nullius
1273 308 1457 358 episcopi
1476 307 1729 359 dignitatem

139 361 493 400 contemnendam
510 372 597 398 esse
615 372 776 398 censeo.
822 359 889 398 An
905 373 991 399 non
1007 361 1185 411 impium
1203 365 1268 399 est
1285 366 1552 401 contemnere
1570 362 1729 401 bonum

139 417 383 467 episcopum
405 417 420 452 ‘3
467 413 549 453 Sed
577 413 813 464 depingunt
830 427 956 464 quem
986 415 1120 454 velint
1145 417 1371 454 contemni.
1421 416 1508 455 ‘Et
1526 418 1620 479 quis
1640 417 1728 456 est’
1746 435 1814 468 900

138 471 351 521 inquiunt,
375 469 621 508 ‘Romanus
640 467 839 506 Pontifex
861 474 876 505 .Ι
913 481 967 507 an
986 482 1071 507 non
1091 474 1263 508 exustor
1283 470 1515 521 Euangelii,
1536 473 1730 510 inimicus

139 524 231 571 Dei,
262 524 459 563 seductor
486 523 620 561 totius
650 522 876 561 Christiani
906 523 1088 573 populi?
1110 524 1118 538 ³
1177 523 1220 562 81
1250 524 1301 562 de
1330 525 1407 563 tali
1438 525 1642 565 Pontifice
1671 526 1728 565 lo-

139 582 341 629 quuntur,
376 590 402 616 a
433 590 500 615 me
531 576 671 615 nullus
711 589 900 627 vnquam
934 577 1139 628 probatus
1172 582 1264 616 est:
1314 583 1358 617 et
1390 583 1536 618 tamen
1569 581 1603 618 si
1636 581 1730 630 quis

139 632 238 671 talis
257 636 378 678 088015,
406 644 492 670 11011
519 634 584 669 est
610 644 752 668 meum
779 630 871 669 fflos
898 630 950 669 de
978 631 1080 670 solio
1108 633 1399 682 praecipitare.
1445 633 1564 672 Viuit
1591 634 1729 673 adhuc

139 685 342 732 Christus,
375 689 419 724 et
453 685 584 723 habet
619 686 663 723 in
700 697 829 723 manu
876 684 1099 736 flagellum,
1139 686 1293 736 quibus
1328 687 1434 725 tales
1471 689 1671 727 exturbet
1709 702 1812 738 e905

138 740 312 790 templo.

196 793 301 833 ‘Sed
333 806 419 832 non
451 796 516 832 est
546 792 664 844 spes'
707 793 920 844 inquiunt,
967 793 975 808 ‘
994 797 1274 844 sequuturum
1308 794 1522 833 meliorem
1562 795 1729 835 Leone.'

139 847 340 894 Primum,
364 860 440 899 ego
460 860 546 886 non
567 860 660 886 sum
681 847 809 885 iudex
831 847 994 886 Leonis.
1046 847 1191 887 Habet
1211 848 1279 887 ille
1301 861 1424 887 suum
1445 849 1640 896 iudicem,
1665 851 1731 889 cui

139 906 227 941 stat
244 906 320 940 aut
337 901 465 940 cadit.
512 901 554 941 81
572 905 889 952 praecesserunt
906 906 973 940 tot
991 902 1103 949 boni,
1123 915 1233 952 quur
1250 916 1335 941 non
1353 907 1418 942 est
1435 916 1529 954 spes
1547 904 1731 955 aliquem

138 968 259 1007 posse
278 957 395 1007 sequi
413 956 559 1007 priscis
575 956 655 994 illis
675 956 909 994 adsimilem
931 959 946 994 '?
993 956 1105 995 Nam
1124 957 1176 995 de
1195 957 1273 995 1100
1291 957 1395 996 nihil
1414 959 1658 1009 pronuncio,
1679 972 1731 997 ne
1751 974 1818 1007 910

139 1012 205 1049 0111
222 1010 368 1049 videar
385 1011 603 1049 assentari.
650 1010 840 1049 Christus
856 1011 945 1061 ipse
963 1024 1036 1061 per
1052 1012 1231 1062 impium
1248 1011 1493 1062 pontificem
1512 1013 1732 1051 adiuratus

138 1065 368 1115 respondit,
394 1078 470 1103 1100
494 1077 664 1115 prorsus
689 1065 869 1103 obticuit
894 1078 918 1102 a
943 1065 1080 1104 Pilato
1104 1067 1241 1104 iussus
1265 1066 1393 1116 loqui.
1448 1066 1604 1105 Paulus
1629 1080 1730 1117 quo-

139 1119 265 1157 modo
290 1120 378 1169 agit
403 1132 574 1157 causam
598 1119 713 1169 apud
738 1119 924 1165 Festum,
951 1119 1131 1158 Felicem
1157 1124 1200 1158 et
1224 1120 1456 1171 Agrippam
1479 1124 1494 1159 ‘3
1536 1121 1732 1160 videlicet

139 1173 327 1224 appellat
346 1177 551 1224 tyrannos
571 1174 782 1223 mancipia
802 1173 971 1219 diaboli,
995 1187 1136 1212 seruos
1156 1176 1332 1225 peccati,
1355 1175 1497 1214 hostes
1518 1175 1609 1221 Dei,
1632 1189 1732 1214 mox

139 1228 320 1266 aeternis
354 1228 521 1278 ignibus
557 1227 825 1266 addicendos.
890 1228 1013 1266 Nunc
1048 1228 1145 1266 vide
1181 1229 1284 1279 quid
1318 1230 1389 1267 isti
1423 1230 1729 1280 responderint,
1750 1244 1814 1277 915

139 1281 389 1320 ciuilitatem
418 1294 557 1320 meam
586 1282 900 1320 excusantibus.
961 1282 969 1296 ⁵
989 1282 1055 1321 810
1075 1283 1083 1297 ’
1114 1284 1266 1333 inquit,
1301 1283 1309 1297 ‘
1328 1283 1486 1322 diceret
1516 1284 1730 1330 Erasmus,

143 1335 166 1350 ‘⁴
180 1335 466 1374 Antichristus
487 1349 544 1381 es,
565 1335 683 1386 Papa
703 1349 710 1373 :
748 1336 988 1374 seductores
1009 1338 1121 1382 estis,
1145 1338 1329 1387 episcopi
1350 1351 1356 1375 :
1395 1337 1591 1376 Romana
1614 1338 1733 1376 sedes

140 1394 282 1428 vestra
301 1389 595 1428 abominabilis
614 1393 679 1428 est
698 1389 788 1428 Deo
809 1390 831 1404 '²
854 1403 861 1428 :
884 1390 892 1405 ²
928 1390 1094 1440 aliaque
1113 1392 1157 1429 in
1176 1391 1286 1429 hanc
1305 1393 1561 1430 sententiam
1581 1392 1731 1439 multa,

139 1444 203 1482 his
218 1445 348 1482 etiam
364 1443 584 1482 odiosiora.
629 1444 726 1482 Non
741 1444 926 1494 probant
942 1444 1107 1483 Erasmi
1123 1445 1385 1492 ciuihtatem,
1403 1447 1483 1484 nisi
1498 1447 1614 1497 prius
1629 1447 1733 1485 haec

140 1497 333 1549 praefati,
354 1501 445 1537 tam
464 1497 662 1536 Videlicet
682 1498 947 1549 Euangelice.
1005 1499 1194 1537 Primum
1214 1499 1319 1538 illud
1338 1513 1540 1550 quaeram
1561 1514 1612 1539 ex
1639 1513 1733 1540 meo
1750 1516 1817 1548 920

139 1552 289 1599 iudice,
319 1564 374 1590 an
401 1556 527 1603 putet·
564 1565 721 1603 aequas
752 1553 994 1591 huiusmodi
1026 1553 1150 1604 leges,
1188 1567 1295 1605 quas
1329 1555 1432 1593 mihi
1460 1555 1732 1606 praescribit:

140 1606 291 1645 deinde
321 1619 377 1645 an
405 1610 530 1657 putet
559 1607 683 1645 vtiles
713 1608 886 1658 negocio
916 1607 1172 1646 Lutherano.
1232 1608 1275 1648 81
1304 1609 1407 1648 haec
1437 1609 1661 1648 scriberem
1688 1611 1734 1649 in

141 1661 273 1700 bonos
293 1660 526 1712 pontifices,
543 1674 682 1700 nonne
698 1661 843 1700 videar
857 1663 1033 1700 iniurius
1050 1665 1065 1700 ·?
1098 1662 1199 1702 81111
1215 1663 1348 1701 malos
1364 1664 1421 1702 sic
1437 1663 1730 1710 debaccharer,

141 1715 244 1766 quid
288 1715 403 1754 aliud
447 1728 576 1766 quam
625 1717 812 1754 iritarem
864 1716 1086 1756 crabrones
1135 1718 1179 1755 in
1230 1731 1371 1756 meum
1417 1718 1733 1769 multorumque

141 1769 301 1807 malum
324 1772 339 1807 ⁶?
1752 1786 1814 1818 923

195 1823 394 1874 Superest
411 1823 550 1862 adhuc
568 1837 699 1862 vnum
719 1825 876 1862 crimen
894 1826 1083 1863 omnium
1101 1826 1349 1864 maximum.
1396 1825 1447 1864 In
1465 1825 1731 1877 Paraphrasi‚

141 1891 227 1929 qua
255 1878 418 1929 explico
446 1891 606 1917 nonum
630 1882 759 1928 caput
783 1878 976 1929 Apostoli
1005 1879 1125 1917 Pauli
1155 1879 1209 1917 ad
1239 1879 1468 1927 Roma-nos,
1493 1881 1635 1919 tribuo
1658 1882 1732 1919 mi-

141 1933 304 1971 nimum
338 1932 542 1983 quiddam
576 1932 706 1971 libero
740 1933 928 1979 arbitrio,
964 1933 1161 1972 videlicet
1195 1938 1400 1984 sequutus
1440 1934 1651 1986 Originem
1690 1940 1733 1973 et·

141 1986 463 2037 Hieronymum.
515 1986 726 2048 Principio
749 2000 881 2038 quum
904 1988 1173 2038 paraphrasis
1196 1989 1251 2026 sit
1274 1991 1566 2027 commentarii
1588 2002 1731 2040 ζ(1011118,

141 2053 272 2091 quum
290 2040 489 2091 profitear
506 2054 572 2079 1110
588 2042 632 2079 111
649 2041 857 2092 plerisque
874 2043 991 2092 sequi
1008 2042 1210 2092 probatos
1228 2055 1275 2081 ac
1293 2043 1451 2093 priscos
1466 2044 1730 2094 interpretes,
1753 2062 1818 2095 930

141 2094 244 2145 quid
254 2095 485 2133 admissum
497 2099 561 2133 est
573 2096 739 2157 piaculi,
753 2097 785 2134 si
799 2109 950 2146 sequor
963 2096 1117 2135 alicubi
1129 2096 1342 2147 Originem
1352 2101 1394 2136 et
1408 2097 1598 2149 Hierony
1601 2111 1730 2140 11111111

141 2153 322 2196 autores,
351 2153 401 2187 vt
427 2149 620 2196 arbitror,
649 2150 693 2188 in
720 2151 846 2189 sacris
873 2150 1002 2189 literis
1029 2163 1115 2189 non
1142 2151 1428 2202 aspeinandos
1450 2155 1465 2190 ?
1521 2152 1664 2203 Atque
1690 2153 1733 2191 id

139 2202 302 2242 factum
339 2207 404 2242 est
440 2207 539 2242 ante
575 2217 705 2254 quam
742 2204 952 2243 Lutherus
989 2205 1243 2267 prodidisset
1279 2206 1433 2257 dogma
1470 2219 1606 2253 suum,
1645 2208 1732 2245 siue

141 2257 477 2304 Vuicleuiticum,
503 2257 713 2309 Quicquid
740 2259 920 2298 facimus
942 2260 1029 2297 siue
1059 2259 1159 2298 boni
1188 2261 1275 2298 81110
1304 2260 1417 2307 mali,
1441 2273 1529 2299 esse
1557 2262 1732 2300 necessi-

140 2313 244 2350 tatis
272 2311 504 2351 absolutae.
561 2312 673 2351 Nam
702 2326 796 2352 mea
824 2313 1098 2364 Paraphrasis
1126 2327 1280 2352 excusa
1308 2318 1372 2353 est
1400 2314 1592 2362 Louanfi,
1622 2326 1735 2351 anno
1753 2333 1814 2365 935

140 2365 359 2404 millesimo
382 2367 719 2417 quingentesimo
742 2367 1088 2418 decimoseptimo
1109 2381 1116 2414 ;
1156 2372 1200 2407 et
1222 2369 1386 2419 aliquot
1408 2369 1621 2407 mensibus
1644 2373 1735 2407 erat

140 2419 429 2471 Antuuerpiae
443 2422 600 2471 scripta
614 2423 729 2472 prius
743 2435 872 2473 quam
887 2422 1177 2460 excuderetur.
1221 2423 1362 2473 Atque
1376 2424 1545 2461 interim
1560 2423 1734 2473 quidam

140 2474 380 2525 appellatur
397 2478 516 2513 totus
536 2475 822 2523 Erasmianus,
844 2477 959 2527 quod
978 2477 1030 2514 de
1048 2477 1180 2515 libero
1199 2477 1374 2515 arbitrio
1394 2490 1558 2515 mecum
1578 2478 1736 2516 sentiat

696 2565 771 2602 928,
790 2575 862 2605 031.
892 2564 1074 2605 Origencm
1093 2565 1136 2595 Il.

186 2687 261 2718 905.
288 2676 431 2718 quibus]
463 2677 536 2708 The
574 2676 659 2708 false
696 2678 846 2709 concord
878 2678 906 2708 is
973 2678 1061 2718 haps
1084 2680 1246 2710 written:
1271 2688 1326 2710 800
1352 2679 1415 2720 Ep
1447 2681 1544 2719 1414)
1570 2680 1735 2712 Erasmus

143 2720 292 2762 perhaps
326 2719 393 2751 due
428 2723 465 2751 to
498 2721 742 2751 reminisccncc
777 2721 812 2752 of
847 2721 906 2751 1110
973 2721 1131 2762 employs
1150 2731 1246 2752 some
1267 2722 1302 2753 of
1322 2722 1419 2753 these
1439 2723 1590 2764 phrases.

144 2762 301 2804 original,
326 2761 333 2774 ‘
347 2763 394 2794 Et
415 2772 494 2794 cum
514 2764 653 2795 fecisset
673 2764 772 2804 quasi
793 2763 907 2805 flagel-
1018 2764 1343 2806 926.Paraph1asi]
1368 2766 1430 2797 800
1454 2767 1519 2808 Ep.
1546 2777 1632 2808 710;
1667 2767 1736 2799 and

143 2807 215 2838 lum
232 2806 274 2837 de
289 2805 501 2837 funiculis’:
530 2806 625 2838 John
641 2816 669 2838 2.
695 2815 742 2847 15.
976 2807 1017 2839 ef.
1041 2808 1095 2848 Ep
1073 2818 1105 2848 p.
1131 2810 1223 2839 1268.
1245 2811 1312 2841 82—
1288 2820 1343 2850 —.5

186 2860 261 2890 912.
289 2848 432 2888 Paulus]
456 2849 527 2881 The
559 2849 671 2881 words
695 2849 774 2881 herc
807 2850 907 2881 111111-
1018 2854 1093 2890 928.
1119 2850 1228 2883 libero
1243 2852 1405 2891 arbitrio]
1421 2853 1513 2894 Cf.p
1540 2864 1615 2894 4.co

144 2893 253 2925 buted
263 2896 301 2924 to
314 2892 387 2924 him
401 2903 459 2924 are
472 2896 536 2924 not
549 2893 584 2924 in
598 2892 658 2924 the
673 2893 834 2934 Vulgate,
846 2904 907 2925 nor
1018 2903 1093 2934 929.
1120 2895 1378 2934 commentarii]
1396 2896 1445 2928 Cf.
1460 2863 1524 2938 Ep
1503 2907 1526 2929 1.
1551 2907 1584 2928 12
1592 2905 1640 2937 55.
1655 2900 1731 2940 3811.

142 2936 179 2968 in
207 2936 382 2968 Erasmus'
412 2936 633 2968 translation.
687 2936 759 2968 But
784 2937 821 2968 in
849 2936 908 2968 the
1019 2948 1092 2980 937.
1122 2938 1282 2979 quidam]
1312 2939 1546 2972 Mosellanus:
1581 2942 1622 2972 cf.
1652 2942 1734 2973 113².

144 2979 360 3021 Paraphrase
382 2990 426 3012 on
447 2979 533 3011 Acts
553 2982 605 3011 26.
631 2982 667 3011 18
690 2980 817 3019 (which
838 2990 908 3011 was
980 2990 1051 3022 535.
1071 2991 1170 3021 9—11,
1184 2991 1250 3023 45-
1231 2984 1283 3019 -8,
1298 2983 1410 3014 which
1423 2983 1589 3016 Emmus
1605 2985 1674 3016 had
1691 2996 1735 3016 no

145 3026 220 3061 not,
244 3023 414 3062 however,
439 3026 500 3065 yet
522 3023 721 3066 published,
744 3034 808 3055 nor
832 3033 906 3066 per·
976 3024 1089 3057 doubt
1104 3036 1186 3059 seen
1204 3027 1240 3058 in
1259 3027 1354 3068 print
1372 3026 1428 3067 (cf.
1443 3027 1508 3070 Ep.
1526 3030 1619 3071 1348.
1641 3033 1733 3068 34¹¹)-

199 3094 297 3126 452·5
929 3094 957 3128 Q
