2012 3370
229 134 309 171 218
700 136 953 176 LETTERS
985 137 1057 177 OF
1086 138 1350 180 ERASMUS
1699 144 1821 193 [1523

227 242 283 281 ad
310 256 376 281 me
403 244 573 293 quidem
601 244 704 282 nihil
731 245 946 284 attinebat
974 246 1142 294 bellum,
1171 253 1220 287 vt
1246 249 1319 299 qui
1346 262 1431 287 non
1459 249 1618 288 adirem
1646 250 1825 289 Galliam

226 296 324 335 illuc
348 297 553 336 ducturus
576 299 822 345 exercitum,
848 304 925 339 aut
947 301 1108 352 aliquid
1132 304 1274 353 magni
1303 304 1487 342 muneris
1516 303 1631 355 apud
1662 304 1821 356 Regem

227 351 465 390 ambiturus
486 365 494 398 ;
529 352 602 391 sed
621 366 717 392 011111
736 353 912 393 eruditis
930 356 1120 394 amiculis
1137 357 1248 396 inter
1265 358 1407 396 Musas
1426 372 1474 397 ac
1492 358 1635 397 literas
1653 360 1827 398 suauius

227 406 417 444 victurus
445 419 575 457 quam
604 407 671 446 hic
699 408 912 447 viuebam.
969 409 1123 461 Itaque
1151 411 1338 462 diploma
1365 413 1449 451 iam
1479 412 1635 451 multos
1663 426 1828 452 menses

146 462 206 502 585
227 459 343 510 apud
363 473 429 499 me
449 464 526 507 est,
548 474 624 500 nec
643 474 744 500 vsus
764 475 872 502 sum.

280 513 405 553 Dices
434 527 544 565 quur
572 528 658 554 non
687 516 769 555 huc
799 518 978 568 potius?
1038 518 1246 566 Quoniam
1276 520 1400 560 isthic
1430 521 1573 560 omnia
1601 520 1827 560 feruebant

227 567 357 614 bellis,
384 568 601 608 ferebatur
625 583 713 609 esse
738 584 877 611 rerum
902 573 1092 612 omnium
1117 574 1262 626 ingens
1287 576 1477 626 penuria,
1503 575 1577 614 sed
1602 576 1826 627 praecipue

225 622 315 660 vini
338 621 510 662 Gallici:
547 625 666 663 cujus
688 625 814 665 isthic
838 626 905 666 vel
924 627 968 666 in
986 640 1089 678 pace
1109 641 1229 680 aegre
1253 634 1318 668 est
1342 631 1476 680 copia,
1501 631 1536 668 si
1554 630 1649 680 quis
1669 632 1825 682 γνήσιον

223 675 445 716 desideret.
505 678 564 717 Et
593 683 685 718 erat
713 679 882 719 furiosis
911 682 1166 732 quibusdam
1197 683 1324 722 datus
1354 684 1532 735 gladius,
1564 684 1718 735 quibus
1749 697 1827 723 nec

142 740 208 772 590
225 730 431 782 collegam
454 744 544 771 esse
564 732 728 772 libebat
743 747 820 773 nec
837 735 1144 775 aduersarium.
1204 738 1263 776 Et
1281 738 1368 776 iam
1390 739 1495 776 satis
1516 739 1621 777 mihi
1641 737 1821 777 videbar

223 784 492 826 conflictatus
528 800 625 826 cum
661 790 860 828 monstris
895 790 1165 841 quibusdam,
1202 805 1311 843 quae
1347 805 1479 843 quum
1515 793 1714 844 prodesse
1748 806 1825 832 nec

223 839 357 879 velint
374 853 450 880 1100
468 843 645 892 possint,
664 847 811 882 tamen
827 844 871 882 in
888 844 968 883 1100
986 858 1118 884 vnum
1136 850 1294 884 vacant
1312 850 1450 885 totam
1469 851 1671 894 aetatem,
1690 851 1740 886 vt
1757 846 1826 886 vel

223 894 332 933 male
360 894 573 946 loquendo
601 898 822 949 negocium
850 898 1064 938 facessant
1092 900 1299 939 bonarum
1328 900 1546 940 literarum
1575 901 1825 941 cultoribus·

222 948 416 1000 Denique
439 962 604 1002 semper
627 965 650 990 e
675 951 812 991 Gallia
835 952 1106 992 breuissimus
1130 953 1281 993 fuisset
1303 959 1570 994 transcursus
1594 956 1649 994 ad
1673 969 1763 1003 vos,
1788 956 1824 995 si

141 1012 201 1045 595
222 1003 326 1054 quid
344 1004 582 1044 inuitasset.

276 1056 497 1097 Hactenus
520 1072 608 1098 rem
633 1059 763 1099 habes
787 1061 946 1112 paucis,
972 1061 1046 1100 sed
1070 1061 1230 1113 absque
1254 1062 1364 1102 fuco.
1418 1063 1512 1102 Iam
1537 1063 1653 1115 quod
1676 1063 1825 1103 scribis

221 1124 247 1148 a
273 1112 486 1152 nonnullis
513 1113 679 1153 audisse
706 1119 750 1154 te
777 1115 893 1166 quod
919 1116 1050 1155 etiam
1078 1117 1193 1168 apud
1221 1117 1453 1157 Germanos
1480 1119 1669 1158 audirem
1698 1118 1822 1166 male,

220 1164 400 1205 fortasse
430 1180 578 1206 verum
608 1172 701 1208 est:
747 1182 824 1208 nec
854 1170 1022 1217 mirum,
1054 1184 1187 1221 quum
1216 1185 1428 1223 nusquam
1459 1173 1602 1212 absint
1631 1173 1822 1212 homines

220 1219 427 1260 maledici.
472 1222 682 1273 Equidem
699 1222 754 1262 do
770 1237 846 1275 pro
862 1225 1024 1264 viribus
1040 1238 1211 1276 operam
1227 1239 1280 1265 ne
1296 1227 1391 1277 quis
1407 1240 1501 1266 meo
1518 1227 1669 1266 merito
1686 1227 1738 1266 de
1754 1240 1822 1266 me

136 1281 206 1313 600
220 1274 459 1314 maledicat.
504 1277 727 1316 Caeterum
743 1279 777 1316 si
792 1278 896 1317 mihi
911 1292 1074 1330 sperem
1090 1284 1259 1319 tantam
1274 1280 1523 1321 felicitatem
1539 1295 1649 1333 quae
1663 1282 1822 1321 nemini

221 1328 426 1368 hactenus
448 1331 641 1382 contigit,
664 1336 714 1370 vt
735 1333 913 1372 efficiam
934 1347 987 1373 ne
1008 1335 1102 1385 quis
1124 1335 1296 1374 omnino
1318 1335 1370 1374 de
1391 1349 1458 1375 me
1479 1336 1589 1375 male
1609 1336 1829 1387 loquatur,

223 1386 317 1422 tum
331 1397 428 1423 vere
441 1388 611 1437 tempus
625 1390 735 1425 esset
747 1387 791 1425 in
804 1388 1022 1438 proprium
1036 1389 1249 1439 expuendi
1261 1389 1414 1429 sinum.
1450 1390 1590 1429 Roma
1602 1390 1825 1431 Stunicam

224 1437 355 1477 habet
375 1451 382 1477 ε
413 1439 545 1478 habet
556 1444 601 1479 et
615 1440 842 1480 Germania
854 1442 1078 1481 nonnullos
1092 1444 1166 1494 qui
1179 1445 1371 1483 nesciant
1384 1444 1642 1484 benedicere.
1685 1444 1827 1484 Audio

223 1493 343 1542 queri
381 1494 573 1533 nonnihil
612 1495 820 1545 quosdam
859 1497 1048 1547 impense
1088 1496 1366 1545 Lutheranos,
1408 1503 1459 1537 vt
1497 1503 1669 1546 vocant,
1711 1498 1829 1550 quod

137 1553 202 1593 605
223 1545 397 1586 dilutior
418 1548 510 1595 sim,
534 1549 650 1599 quod
674 1549 867 1589 blandior
887 1551 1161 1602 principibus,
1185 1552 1301 1603 quod
1322 1553 1500 1592 nimium
1523 1554 1639 1605 pacis
1662 1567 1825 1592 amans.

221 1600 281 1639 At
295 1614 385 1653 ego,
399 1606 449 1641 vt
461 1616 608 1642 verum
623 1603 773 1651 fatear,
788 1605 933 1643 malim
951 1606 996 1644 in
1015 1605 1124 1645 hanc
1144 1619 1316 1657 peccare
1332 1611 1498 1658 partem
1515 1621 1523 1653 ;
1551 1621 1637 1647 non
1651 1612 1824 1646 tantum

221 1655 323 1705 quia
336 1657 485 1703 tutius,
501 1670 648 1696 verum
663 1659 793 1697 etiam
807 1660 909 1710 quia
922 1660 1123 1698 sanctius.
1154 1661 1328 1700 Placeat
1342 1675 1419 1700 sua
1433 1663 1584 1713 cuique
1599 1663 1824 1701 sententia.

220 1709 331 1749 Sunt
344 1714 388 1749 et
399 1711 444 1749 in
457 1711 590 1751 altera
601 1716 723 1763 parte
737 1714 811 1764 qui
825 1726 892 1752 me
905 1713 1009 1752 data
1021 1727 1149 1765 opera
1161 1719 1406 1766 suspectum
1419 1716 1592 1755 reddere
1606 1721 1825 1762 conentur,

222 1764 344 1814 quasi
363 1765 467 1803 mihi
487 1779 583 1804 cum
604 1766 857 1806 Lutheranis
877 1769 934 1806 sit
951 1768 1114 1807 foedus.
1163 1769 1247 1809 Sed
1265 1770 1509 1809 huiusmodi
1528 1784 1732 1818 1111110108,
1753 1771 1828 1821 qui

140 1823 208 1854 610
221 1818 364 1857 studio
397 1819 616 1871 finguntur
647 1822 860 1873 vtrinque,
895 1823 1256 1873 quemadmodum
1289 1828 1448 1864 temere
1482 1829 1730 1872 nascuntur,
1763 1826 1827 1864 ita

220 1871 343 1912 facile
361 1879 633 1914 euanescunt.
681 1876 739 1915 Et
756 1877 918 1916 habent
935 1877 1014 1916 hoc
1033 1890 1134 1916 sane
1152 1891 1178 1917 a
1195 1879 1340 1929 priscis
1359 1880 1549 1918 moribus
1567 1879 1757 1931 quidam,
1777 1883 1828 1918 vt

222 1926 278 1965 ad
300 1927 543 1968 huiusmodi
565 1931 829 1970 rumusculos
852 1932 956 1971 mire
980 1937 1343 1972 commoueantur.

274 1981 444 2021 Pridem
469 1983 556 2023 late
581 1997 750 2035 sparsus
777 1989 869 2024 erat
894 1985 962 2025 hic
994 1986 1138 2026 fumus
1170 1987 1298 2026 libros
1324 2001 1440 2027 meos
1466 1992 1638 2027 exustos
1665 2001 1756 2027 esse
1781 1988 1826 2026 in

221 2034 470 2084 Brabantia,
487 2038 616 2089 idque
633 2043 781 2078 autore
797 2039 850 2078 R.
869 2039 916 2079 P.
934 2040 1091 2080 Iacobo
1108 2040 1384 2089 Hochstrato,
1402 2046 1545 2082 vetere
1561 2056 1669 2089 111οο,
1688 2042 1723 2081 81
1739 2055 1826 2081 11011

138 2095 200 2135 615
220 2088 430 2137 familiari,
469 2096 581 2131 certe
619 2093 754 2132 amico
775 2107 782 2140 ;
837 2098 881 2132 et
918 2092 1206 2134 commentum
1243 2100 1334 2135 tam
1371 2097 1596 2148 impudens
1633 2097 1826 2136 homines

221 2144 352 2182 etiam
376 2144 535 2184 literati
560 2146 798 2185 desultoriis
823 2149 1026 2199 epistoliis
1047 2149 1313 2189 distulerant.
1368 2151 1487 2191 Sensi
1508 2151 1603 2190 ilico
1623 2151 1823 2190 technam

222 2199 504 2248 quorundam,
534 2213 641 2251 quos
670 2214 746 2252 ego
774 2215 875 2241 sane
905 2204 1044 2242 nescio
1073 2217 1158 2254 quo
1187 2206 1358 2244 nomine
1387 2205 1567 2244 debeam
1596 2205 1821 2257 appellare,

222 2253 414 2291 nonnulli
452 2254 716 2294 Lutheranos
750 2261 909 2295 vocant
928 2269 936 2303 ;
997 2257 1195 2297 Videlicet
1238 2259 1317 2298 hoc
1364 2260 1596 2310 agentium,
1645 2264 1696 2298 vt
1738 2272 1820 2306 me,

221 2306 435 2346 hominem
479 2309 711 2360 simplicem
755 2314 799 2349 et
842 2311 1071 2357 credulum,
1116 2312 1160 2351 in
1204 2312 1408 2352 Iacobum
1453 2313 1820 2353 Hochstratanum

137 2366 205 2397 620
220 2360 444 2401 iritarent:
486 2363 530 2401 in
555 2376 683 2414 quem
708 2364 744 2403 si
769 2365 1026 2415 scripsissem
1051 2366 1342 2417 impotentius,
1371 2381 1538 2418 cogerer
1562 2369 1607 2406 in
1631 2368 1820 2419 ipsorum

222 2419 362 2454 castra
387 2417 578 2456 transire.
636 2418 671 2458 O
698 2418 896 2457 callidum
924 2420 1143 2458 consilium
1164 2420 1171 2458 l
1226 2421 1327 2460 Mox
1353 2422 1446 2473 ipsa
1471 2434 1537 2461 res
1562 2421 1709 2461 docuit
1735 2422 1822 2461 tale

220 2469 325 2507 nihil
345 2470 412 2509 vel
432 2472 667 2522 cogitatum
686 2472 814 2512 fuisse
835 2473 950 2524 apud
969 2478 1149 2513 nostros.

274 2523 483 2564 Successit
496 2526 594 2565 huic
609 2539 753 2566 rumor
768 2528 897 2566 etiam
914 2529 1109 2576 atrocior,
1125 2542 1178 2568 ex
1193 2529 1324 2568 literis
1339 2529 1458 2569 velut
1473 2543 1497 2569 e
1512 2529 1652 2569 Roma
1667 2530 1818 2570 missis.

221 2576 429 2618 Additum
449 2584 542 2619 erat
560 2593 715 2620 nomen
733 2581 917 2621 hominis
937 2583 1168 2628 ἀξιοπίστου.
1227 2583 1336 2623 Rem
1359 2588 1409 2623 vt
1434 2589 1696 2636 compertam
1719 2585 1816 2623 scri·

137 2637 199 2676 625
221 2632 318 2682 psit,
340 2646 494 2684 magno
514 2648 611 2674 cum
631 2635 786 2683 dolore,
808 2636 983 2687 quidam
999 2637 1063 2676 vir
1081 2637 1165 2677 illie
1179 2639 1320 2689 grauis
1333 2643 1378 2678 et
1391 2638 1581 2678 eruditus
1597 2639 1652 2678 ad
1665 2638 1816 2678 Botze-

221 2698 338 2724 mum
368 2700 523 2727 meum.
582 2689 626 2728 Is
655 2703 762 2741 pene
792 2691 1060 2730 exanimatus
1090 2692 1146 2731 ad
1175 2705 1242 2731 me
1271 2693 1515 2745 perscripsit
1543 2706 1658 2732 meos
1688 2693 1816 2732 libros

262 2754 336 2793 607.
363 2752 447 2793 quia
460 2757 535 2794 post
550 2753 659 2786 etiam
676 2765 738 2787 om.
757 2755 803 2786 H.
954 2759 1030 2789 610.
1079 2781 1088 2795 ‚
1105 2757 1270 2797 vtrinque
1288 2768 1320 2788 α.
1445 2760 1521 2790 616.
1546 2757 1702 2799 epistolis
1720 2757 1767 2788 H.

266 2829 341 2867 589.
366 2827 522 2869 furiosis]
539 2829 594 2861 Cf.
612 2830 677 2872 Ep.
699 2833 793 2872 1358.
813 2834 910 2874 36-7.
1047 2833 1191 2875 English
1207 2834 1323 2865 writer
1339 2833 1373 2865 of
1390 2845 1486 2877 1703,
1502 2833 1636 2875 quoted
1649 2833 1687 2865 in
1704 2833 1808 2866 OED.

265 2873 343 2903 602.
368 2873 558 2912 expuendi]
573 2873 635 2905 See
652 2875 762 2916 Adaq.
779 2886 854 2917 594.
1046 2887 1109 2907 s.v.
1128 2889 1134 2908 :
1175 2875 1182 2888 ‘
1198 2877 1315 2909 David
1344 2877 1479 2909 danced
1509 2877 1595 2908 with
1625 2877 1811 2918 composed

313 2914 507 2954 Stunicam]
523 2916 572 2948 Cf.
592 2917 656 2957 Ep.
678 2920 770 2950 1268.
789 2930 885 2961 70—1.
1047 2920 1117 2950 and
1141 2919 1276 2958 decent,
1299 2924 1362 2951 not
1383 2920 1613 2952 desultorious
1636 2920 1705 2952 and
1721 2920 1812 2961 light

266 2961 341 2998 613.
367 2958 523 2997 exustos]
541 2960 602 2991 See
621 2961 685 3001 Ep.
707 2971 799 3002 1275.
819 2972 898 3004 57n.
1048 2963 1210 3001 motions,
1234 2963 1319 2994 such
1338 2974 1376 2994 as
1397 2964 1479 2994 vain
1497 2963 1626 2994 fellows
1642 2973 1699 2995 are
1716 2967 1812 2995 wont

265 3003 340 3042 614.
367 3000 595 3041 Hochstrato]
607 3003 667 3035 See
678 3004 743 3046 Ep.
760 3005 981 3036 1006introd.
1049 3009 1086 3037 to
1103 3016 1162 3037 use
1176 3006 1195 3037 '.
1243 3007 1305 3039 See
1321 3006 1394 3038 also
1410 3006 1475 3047 Ep.
1497 3009 1594 3045 1406.
1612 3009 1664 3047 76.

265 3046 340 3076 616.
366 3043 577 3083 desultoriis]
604 3046 707 3078 Mart.
729 3047 812 3088 Cap.
840 3057 869 3085 1,
887 3050 903 3088 ξ
924 3050 979 3085 88,
1090 3052 1165 3082 626.
1192 3048 1407 3090 perscripsit]
1422 3049 1575 3091 Perhaps
1586 3050 1622 3082 in
1635 3050 1695 3083 the
1707 3050 1810 3083 letter

222 3096 299 3119 uses
331 3086 401 3119 this
431 3087 525 3120 word
555 3088 640 3120 with
668 3089 789 3121 leuitas
854 3090 902 3123 Cf.
937 3101 982 3122 an
1050 3092 1302 3124 mentionedin
1321 3093 1386 3134 Ep.
1409 3101 1501 3134 1335.
1525 3103 1552 3125 1.
