2012 3370
147 128 269 176 1510]
515 125 587 167 To
617 125 855 165 ANTONY
884 126 1261 167 BRUGNARIUS
1666 129 1739 168 571

146 235 321 274 Hilario.
376 235 477 274 Mox
492 235 647 274 omissa
665 234 1112 285 disputatione—nam
1131 235 1383 274 imminebat
1402 241 1744 287 nox—expostu-

144 289 230 328 laui
254 302 351 329 00111
376 302 425 329 00
450 288 607 335 abiens,
634 288 709 327 sed
732 289 891 340 paucis.
1762 314 1805 344 40

198 343 293 382 Hac
310 343 363 382 de
379 356 424 382 re
441 344 609 395 scripsit
625 343 681 381 ad
699 343 857 381 amicos
874 355 972 381 8008
990 343 1094 382 mire
1110 343 1312 395 gloriosas
1329 344 1543 397 epistolas,
1563 357 1745 397 quarum

145 410 230 437 vna
259 397 315 437 ad
344 410 412 437 me
440 398 689 436 transmissa
718 401 784 435 est
813 410 839 435 a
868 396 1132 437 Constantia.
1193 398 1245 437 In
1273 398 1353 437 hac
1383 399 1614 451 aliquando
1644 403 1746 438 sunt

143 451 289 491 decem
314 464 459 491 versus
482 452 528 490 in
551 450 706 502 quibus
729 463 807 490 nec
832 464 918 490 vna
942 451 1107 502 syllaba
1132 464 1233 491 vera
1256 456 1334 491 est.
1387 453 1486 492 Non
1509 454 1655 505 potuit
1677 452 1747 493 ille

143 505 323 557 probare
341 505 546 558 Spiritum
564 510 761 544 sanctum
779 505 862 544 dici
880 505 1033 553 Deum,
1054 505 1170 557 quod
1188 511 1334 546 tamen
1352 519 1405 546 ex
1423 507 1558 547 Paulo
1574 507 1746 560 probari

142 564 287 611 potest
306 573 315 607 ;
347 565 392 599 et
406 564 553 599 tamen
569 560 604 598 si
618 559 854 611 probasset,
872 572 959 598 non
975 560 1146 599 vicisset
1161 573 1242 599 me.
1287 560 1328 600 N
1330 574 1376 600 ec
1393 562 1506 600 enim
1522 574 1665 601 meum
1681 565 1748 601 est
1761 584 1803 617 45

143 614 298 666 dogma
334 618 504 653 sanctos
539 613 801 653 inuocandos
837 626 955 652 esse:
1009 626 1258 665 quanquam
1292 616 1511 667 ineptiunt
1547 617 1621 668 qui
1656 628 1745 655 rem

142 681 168 706 a
191 668 432 720 primordiis
455 667 667 707 Ecclesiae
691 667 910 714 traditam,
937 672 982 707 et
1005 673 1158 720 suapte
1181 673 1338 708 natura
1361 671 1491 721 piam,
1516 670 1747 722 tragoediis

142 724 376 774 exagitant.
440 722 563 770 Quod
594 723 630 761 si
662 722 765 761 mihi
797 726 893 760 tum
925 726 1053 761 notus
1085 723 1249 770 fuisset,
1283 724 1421 775 qualis
1453 728 1745 776 experimento

142 781 384 828 compertus
423 780 500 823 est,
541 788 762 828 nunquam
803 776 1003 828 dignatus
1042 776 1217 816 fuissem
1254 777 1376 817 illum
1415 778 1630 830 alloquio;
1687 784 1743 823 et,

141 831 176 870 si
197 843 297 870 casu
316 831 466 870 fuisset
486 830 650 877 obuius,
672 829 950 869 deflexissem.
999 829 1110 870 Sunt
1129 832 1243 870 enim
1263 831 1439 883 quidam
1459 832 1567 871 adeo
1586 833 1746 872 sinistri
1766 856 1805 888 50

142 889 192 924 vt
226 885 295 924 vel
328 885 555 924 occurrisse
590 885 646 923 sit
679 884 942 923 infelicitatis
976 897 1088 936 pars.
1154 885 1275 925 Vnde
1309 890 1456 925 metuo
1490 899 1543 925 ne
1578 890 1746 926 vestrae

142 939 310 978 ciuitati
354 951 557 990 magnum
601 938 776 990 aliquod
818 939 1042 978 immineat
1086 939 1260 987 malum,
1307 944 1591 992 posteaquam
1635 941 1745 980 istuc

143 993 362 1032 deuolauit
382 995 474 1033 auis
494 997 586 1032 tam
605 994 884 1045 inauspicata.

197 1047 391 1087 Feliciter
413 1046 524 1099 fugit
547 1061 569 1086 e
593 1060 671 1086 sua
693 1047 843 1094 Gallia,
869 1060 1018 1086 verum
1041 1048 1110 1087 hic
1138 1047 1311 1101 reliquit
1336 1047 1494 1088 librum
1521 1049 1743 1101 insigniter

142 1100 359 1140 scurrilem
377 1114 387 1148 ;
423 1114 510 1140 non
528 1102 727 1153 apposito
747 1102 921 1153 quidem
940 1114 1017 1141 suo
1036 1103 1221 1149 nomine,
1243 1102 1317 1141 sed
1336 1115 1461 1142 nemo
1481 1116 1568 1142 non
1588 1105 1747 1142 clamat
1766 1122 1803 1155 55

143 1154 380 1195 Phallicum
413 1168 516 1194 esse.
580 1155 769 1207 Scripsit,
808 1160 857 1194 vt
892 1156 1028 1203 aiunt,
1065 1156 1248 1196 alterum
1283 1156 1441 1196 Gallice
1475 1158 1520 1197 in
1555 1170 1635 1204 me,
1673 1157 1747 1209 qui

141 1209 289 1249 latitat
304 1210 416 1249 inter
432 1222 584 1249 manus
601 1211 931 1249 coniuratorum.
977 1210 1254 1262 Magistratus
1272 1211 1515 1251 Basiliensis
1532 1211 1745 1258 obseruat,

142 1264 177 1302 si
214 1265 351 1315 possit
388 1263 700 1316 deprehendere
738 1264 1070 1316 typographum.
1138 1264 1256 1304 Haec
1294 1266 1512 1305 iactitauit
1550 1265 1747 1317 Lugduni

145 1317 428 1370 Lothoringus
466 1318 643 1369 quidam
682 1319 871 1370 sculptor
909 1319 1157 1370 imaginum.
1227 1319 1347 1359 Idem
1387 1320 1544 1359 detulit·
1583 1320 1747 1371 aliquot

145 1371 318 1411 Phallici
349 1372 744 1424 apophthegmata3
792 1385 974 1424 quorum
1006 1373 1187 1412 alterum
1219 1378 1311 1413 erat
1342 1387 1518 1413 vxorem
1549 1374 1748 1413 Frobenji
1764 1391 1807 1418 00

144 1426 236 1476 plus
261 1430 405 1465 tenere
430 1426 668 1478 theologiae
693 1439 824 1478 quam
849 1427 1106 1466 Erasmum:
1148 1427 1344 1475 alterum,
1375 1428 1383 1443 ‘
1402 1428 1549 1467 Malim
1569 1428 1578 1443 ²
1604 1429 1747 1480 inquit

143 1479 366 1528 Phallicus,
402 1480 410 1495 ⁶
427 1480 564 1519 indies
593 1481 700 1519 mori
731 1494 828 1519 cum
858 1481 1119 1532 martyribus
1149 1495 1279 1533 quam
1310 1495 1397 1521 non
1426 1495 1575 1522 nocere
1605 1482 1745 1522 famae

142 1534 320 1582 Emsmi,
337 1534 579 1586 Vbicunque
593 1539 773 1586 potuero
794 1535 817 1574 ³.
861 1534 1049 1576 Phallico
1063 1535 1186 1574 facile
1200 1536 1302 1575 fiam
1316 1549 1495 1588 magnus
1509 1536 1744 1589 theologus,

140 1589 175 1627 si
211 1590 371 1640 passim
408 1588 609 1628 1111018010
647 1588 900 1628 Pontificem
937 1603 1026 1629 esse
1064 1590 1378 1638 antichristum,
1419 1592 1747 1631 constitutiones

141 1643 349 1682 humanas
380 1656 469 1683 esse
500 1643 748 1691 haereticas,
782 1645 1040 1683 ceremonias
1071 1657 1160 1683 esse
1191 1644 1545 1693 abominationes,
1579 1645 1746 1698 aliaque
1764 1661 1804 1700 65

142 1696 266 1736 huius
288 1698 463 1748 generis.
516 1697 643 1736 Hunc
667 1697 938 1737 stomachum
960 1699 1005 1737 in
1028 1711 1095 1737 me
1120 1700 1327 1751 concepit,
1353 1700 1470 1751 quod
1491 1701 1537 1739 in
1560 1699 1745 1752 Spongia

141 1750 335 1790 dubitem
363 1751 416 1790 de
445 1751 620 1790 Lutheri
649 1753 814 1803 spiritu.
872 1752 1099 1792 Praeterea
1126 1753 1242 1805 quod
1270 1755 1507 1805 scripserim
1535 1754 1745 1806 quosdam

141 1805 332 1845 sordidos
361 1809 406 1844 et
433 1806 625 1857 impurae
654 1807 770 1845 vitae
799 1819 843 1845 se
872 1807 1067 1846 iactitare
1096 1809 1267 1846 nomine
1297 1807 1546 1860 Euangelii;
1594 1808 1745 1848 deinde

140 1859 257 1911 quod
275 1859 464 1899 Adriano
483 1861 746 1912 promiserim
767 1860 1001 1908 consilium,
1023 1874 1109 1914 quo
1129 1863 1187 1901 sic
1206 1863 1484 1915 extinguatur
1502 1863 1745 1902 incendium

141 1914 434 1954 Lutheranum
461 1927 515 1953 ne
542 1913 666 1954 facile
692 1914 1056 1954 redaccendatur:
1102 1916 1315 1957 Phallicus
1342 1918 1650 1969 interpretatur
1678 1930 1745 1957 me
1763 1942 1806 1972 70

141 1967 247 2008 velle
278 1969 523 2020 extinguere
555 1968 849 2020 Euangelium.
909 1969 970 2009 At
999 1983 1076 2022 ego
1107 1970 1344 2010 sentiebam
1375 1971 1428 2010 de
1458 1971 1746 2011 rescindendis

140 2022 266 2062 huius
285 2023 386 2062 mali
411 2022 617 2062 fontibus.
663 2023 722 2062 Et
740 2023 820 2062 hac
839 2023 892 2063 de
910 2038 954 2064 re
974 2025 1122 2076 scripsi
1140 2025 1334 2064 nonnihil
1353 2025 1555 2073 Adriano,
1577 2030 1622 2064 et
1639 2027 1743 2065 item

141 2077 360 2124 Clementi,
393 2081 437 2116 et
468 2077 681 2117 Cardinali
713 2077 953 2130 Campegio,
986 2084 1031 2117 et
1063 2079 1258 2127 Caesari3
1307 2080 1393 2127 sed,
1427 2085 1478 2120 vt
1514 2080 1653 2127 video,
1684 2080 1746 2119 illi

141 2131 308 2170 malunt
328 2131 574 2183 vulgaribus
594 2132 660 2170 vti
678 2133 887 2179 remediis,
910 2134 1086 2172 manicis
1107 2147 1156 2173 ac
1175 2133 1400 2173 fasciculis.

196 2185 280 2224 Res
306 2186 441 2225 indies
468 2187 600 2238 serpit
625 2185 766 2225 latius.
825 2187 926 2234 Quis
954 2188 1010 2226 sit
1036 2189 1177 2227 exitus
1202 2188 1387 2236 futurus,
1418 2188 1573 2228 viderit
1599 2189 1716 2228 Deus
1736 2201 1745 2235 ;
1763 2214 1782 2245 7
1790 2213 1803 2244 5

140 2254 217 2293 ego
228 2240 438 2292 principes
451 2240 567 2291 quod
576 2242 698 2292 potui
709 2254 874 2293 semper
884 2254 910 2280 a
920 2242 1102 2283 saeuicia
1113 2242 1321 2290 cohercui,
1332 2247 1513 2295 excepta
1522 2243 1742 2282 seditione.

142 2294 229 2333 Nec
257 2294 538 2346 Euangelium
565 2299 630 2333 est
656 2296 860 2347 quicquid
886 2297 958 2335 isti
986 2296 1154 2343 docent,
1183 2301 1227 2336 et
1254 2297 1435 2336 docendi
1462 2297 1614 2336 modus
1640 2310 1743 2336 non·

141 2361 362 2400 nunquam
391 2349 641 2388 seditionem
671 2354 830 2397 mouet,
861 2363 946 2389 non
976 2350 1270 2403 Euangelium.
1329 2351 1420 2403 Ego
1447 2350 1574 2390 faueo
1603 2351 1744 2391 Euan-

141 2402 276 2454 gelio3
326 2403 400 2441 sed
430 2404 503 2442 isti
535 2403 768 2455 Euangelio
800 2417 887 2443 non
919 2404 1139 2456 adiungar,
1173 2406 1254 2444 nisi
1286 2405 1432 2444 videro
1465 2405 1569 2445 alios
1602 2405 1743 2445 Euan-

141 2457 311 2508 gelistas
340 2457 555 2508 aliumque
584 2458 792 2509 populum
821 2471 951 2510 quam
980 2459 1120 2498 adhuc
1150 2459 1288 2499 video.
1352 2459 1586 2498 Prouolant
1614 2459 1745 2499 libelli
1764 2477 1806 2507 80

143 2512 294 2550 famosi
324 2513 412 2550 sinc
441 2512 591 2559 titulis,
622 2518 667 2551 et
694 2513 799 2551 istos
828 2514 931 2551 mire
961 2513 1116 2564 probat
1146 2513 1370 2560 Phallicus,
1402 2518 1447 2552 et
1475 2513 1747 2566 applaudunt

185 2648 239 2676 41-
266 2637 446 2679 epistolas]
462 2638 512 2670 Cf.
531 2638 595 2681 Ep.
617 2640 711 2679 1496.
732 2648 851 2681 131-9.
1019 2648 1070 2680 59.
1098 2640 1348 2680 Lothorinous]
1366 2642 1428 2673 See
1447 2640 1511 2682 Ep.
1535 2642 1629 2681 1508.
1649 2649 1693 2680 3n

184 2690 239 2720 44.
265 2692 306 2713 ox
330 2681 453 2721 Paulo]
476 2683 539 2714 »See
562 2682 737 2715 Erasmus’
761 2687 844 2715 note
865 2694 910 2715 on
1017 2688 1070 2716 02.
1095 2683 1225 2724 famae]
1241 2666 1293 2716 Cf.
1311 2684 1375 2725 Ep.
1396 2685 1490 2725 1508.
1509 2693 1561 2716 21.

142 2734 160 2755 2
180 2724 254 2756 Cor.
274 2734 303 2764 3.
328 2727 452 2766 17—18:
478 2726 593 2758 added
608 2728 644 2758 in
663 2735 758 2768 1519.
1017 2728 1070 2759 66.
1089 2728 1125 2759 111
1143 2727 1310 2770 Spongia]
1330 2727 1405 2759 HE.
1427 2736 1502 2768 333,
1521 2729 1537 2768 ξ
1558 2729 1655 2767 184:
1667 2727 1736 2759 LB.

190 2777 239 2808 54.
265 2778 283 2800 0
298 2778 361 2800 sua
376 2768 504 2808 Gallia]
519 2769 569 2801 Of.
587 2769 653 2811 Ep.
674 2772 768 2810 1489.
786 2779 864 2811 351¹·
974 2781 1005 2802 x.
1029 2772 1114 2811 1650
1128 2779 1212 2811 r-51
1231 2780 1263 2802 A.

189 2814 239 2852 56.
265 2811 414 2843 alterum
426 2812 628 2851 Gallie-ems.
642 2813 706 2854 Ep.
724 2815 819 2853 1496.
835 2822 908 2853 139.
1017 2816 1071 2855 67.
1096 2813 1306 2855 scripserim]
1329 2814 1371 2846 In
1393 2814 1459 2856 Ep.
1486 2823 1580 2856 1445.
1608 2824 1709 2847 10-11
1731 2826 1739 2852 3

189 2864 240 2896 57.
266 2854 508 2897 Magistratus]
531 2855 581 2888 Cf.
606 2856 671 2898 Ep.
701 2858 795 2897 1508.
843 2856 911 2888 For
974 2857 1139 2898 repeated
1165 2858 1202 2889 in
1230 2856 1305 2889 Cat.
1335 2857 1414 2889 Luc.
1445 2859 1484 2897 (1,
1513 2868 1571 2900 pp.
1601 2867 1655 2897 29.
1689 2867 1738 2899 15,

143 2898 234 2931 their
253 2898 459 2931 inclination
481 2903 519 2931 to
538 2899 665 2931 favour
685 2900 852 2932 Erasmus
872 2904 912 2932 at
975 2909 1027 2941 31.
1043 2902 1124 2940 6-8)
1139 2901 1175 2933 in
1194 2910 1288 2942 1524.

143 2942 214 2974 this
229 2943 314 2975 time
327 2952 383 2974 see
399 2942 464 2984 Ep.
485 2944 579 2983 1481.
598 2944 730 2983 28-3o;
759 2943 841 2981 aud,
856 2943 912 2975 for
1019 2946 1073 2983 69.
1101 2943 1297 2984 consilium]
1312 2944 1378 2987 Ep.
1398 2954 1491 2987 1352.

143 2987 261 3018 aetion
296 2987 436 3028 against
471 2990 714 3018 venturesomc
750 2987 911 3028 printers,
1021 2997 1074 3028 72.
1099 2987 1234 3029 scripsi]
1258 2988 1326 3020 For
1347 2988 1418 3021 this
1439 2989 1542 3021 series
1565 2988 1602 3021 of
1622 2988 1743 3021 letters

147 3029 213 3070 Ep.
238 3038 329 3070 1523.
354 3039 451 3062 10011.
977 3042 1033 3062 see
1051 3031 1115 3072 Ep.
1139 3034 1232 3071 1496.
1252 3041 1420 3073 53-591111.
