2012 3370
156 151 277 199 1445]
653 147 725 187 To
754 146 980 185 MARTIN
1010 147 1245 186 LUTHER
1668 147 1747 184 453

154 271 294 297 nonne
324 271 417 297 meo
447 259 535 297 iure
566 260 758 309 poteram
788 257 831 296 in
862 257 927 295 his
957 269 1045 296 esse
1075 256 1290 295 disertus?
1352 255 1410 294 Et
1441 258 1585 293 tamen
1617 266 1745 292 vocor

152 312 443 352 immodestus.
494 311 604 359 Quid
625 311 806 351 Otthoni
827 324 923 350 cum
951 311 1145 350 Hutteno
1166 314 1182 349 ‘3
1233 311 1290 349 Et
1314 310 1350 349 is
1375 322 1595 372 nunquam
1616 308 1746 348 verbo

154 366 264 406 163113
281 380 306 405 a
325 380 390 405 me
408 365 620 418 quomodo
637 365 768 404 furit.
761 365 767 393 ἵ
816 365 906 404 Hos
923 369 973 404 tu
990 378 1116 404 vocas
1134 365 1324 404 homines
1342 365 1425 403 mei
1441 363 1609 403 similes.
1656 363 1747 415 Ego
1770 375 1806 409 5
1792 385 1806 408 >

153 433 230 460 nec
252 421 442 460 homines
474 420 582 459 duco
615 419 688 458 sed
718 419 862 466 furias,
896 423 1068 458 tantum
1097 419 1219 458 abest
1247 424 1296 457 vt
1325 420 1407 457 mei
1435 418 1590 457 similes
1619 430 1744 469 agno-

154 488 282 514 scam.
338 475 417 513 Per
443 473 680 513 huiusmodi
702 478 901 525 portenta
927 473 1236 512 instaurabitur
1256 473 1535 524 Euangelium
1554 471 1713 511 scilicet
1729 478 1745 511 ’ί

155 529 246 568 Has
280 529 410 568 habet
444 529 661 568 columnas
694 541 915 567 renascens
951 527 1174 566 Ecclesia?
1226 527 1278 565 In
1312 527 1463 566 horum
1498 526 1645 566 foedus
1680 539 1747 565 me

153 584 410 623 admisceam
430 586 446 622 ‘3

208 637 290 678 Sed
309 637 374 677 his
392 637 445 676 de
462 637 586 676 rebus
605 637 699 689 plus
718 637 834 676 satis.
883 636 1094 675 Ioacimus
1112 635 1361 687 perplacuit.
1410 635 1636 675 Molestum
1655 638 1746 674 erat
1765 637 1809 669 60

154 692 269 743 quod
296 691 632 731 Melanchthonis
659 704 745 730 non
772 691 829 730 sit
856 690 960 729 data
988 691 1121 741 copia.
1179 690 1387 729 Dominus
1416 689 1563 729 Ihesus
1591 689 1747 741 dirigat

154 750 340 785 mentem
358 751 480 786 tuam
499 747 543 785 in
562 759 611 785 ea
631 745 804 785 consilia
824 758 932 796 quae
952 745 1038 784 sint
1057 745 1189 796 ipsius
1209 743 1441 796 Euangelio
1460 744 1600 795 digna.

208 800 370 839 Basilee
392 814 444 840 ex
466 804 655 852 tempore
677 800 880 852 postridie
902 812 970 838 no.
996 800 1129 838 maias
1153 807 1269 849 1524.
1417 852 1452 891 Ε
1560 852 1598 890 R
1628 852 1663 891 bl

1456 865 1537 891 ras.
1602 865 1626 890 o
1663 865 1692 890 1.

522 980 643 1018 1446.
706 977 845 1018 FROM
877 976 1101 1018 WILLIAM
1133 975 1384 1018 BUDAEUS.

200 1077 342 1112 Budaei
358 1078 560 1123 Epistolae‚
583 1087 681 1123 1531,
702 1089 819 1123 graec.
839 1078 864 1113 f.
883 1089 929 1121 24
947 1083 989 1112 v0
1007 1079 1071 1121 (a).
1502 1076 1619 1112 Paris.

200 1135 268 1176 ld„
292 1146 393 1181 1540,
413 1148 448 1182 p.
471 1147 536 1181 134
554 1136 621 1180 (b).
1406 1138 1426 1170 8
1446 1135 1534 1181 May
1553 1137 1702 1180 0524).

200 1193 267 1234 Id„
292 1203 392 1239 1574,
412 1206 447 1240 p·
470 1205 534 1239 177
551 1196 612 1238 (0)-

197 1274 279 1314 [For
297 1274 357 1307 the
373 1285 511 1307 sources
527 1286 583 1308 see
601 1275 665 1317 Ep.
690 1285 773 1316 1439
788 1287 796 1308 z
829 1275 913 1307 with
932 1275 1043 1307 which
1061 1274 1130 1306 this
1147 1274 1252 1307 letter
1268 1275 1296 1306 is
1315 1274 1441 1316 clearly
1458 1275 1493 1306 in
1511 1274 1708 1316 sequence.]

705 1365 928 1394 ΒΟΥΔΑΙΟΣ
965 1364 1171 1395 ΕΡΑΣΜΩι.

206 1433 384 1491 ’Έφθην
423 1434 678 1478 ἐπιστείλας
711 1451 781 1476 σοι
823 1433 1060 1489 ἱσταμένου
1104 1433 1241 1489 μηνὸς
1279 1432 1494 1487 Ἀπριλίου
1534 1450 1632 1488 περι
1675 1437 1752 1487 τῆς

152 1493 338 1548 ἀφίξεως
358 1509 439 1535 σου
460 1496 539 1546 τῆς
560 1492 668 1547 πρὸς
690 1494 816 1548 ἡμᾶς·
848 1497 974 1535 τοῦτο
997 1491 1040 1533 δὲ
1065 1491 1350 1545 προστάξαντ
1353 1507 1397 1535 ος
1422 1496 1497 1533 τοῦ
1520 1490 1752 1536 Βασιλέως

152 1552 392 1606 πεποίημαι
416 1551 528 1592 κατὰ
549 1551 630 1603 τὴν
652 1551 805 1593 τούτου
827 1550 927 1605 τῇδε
950 1549 1154 1606 πάροδον.
1217 1550 1345 1592 Μίαν
1364 1548 1407 1591 δὲ
1429 1549 1565 1605 μόνην
1589 1548 1751 1594 ἐκεῖνος

152 1608 243 1651 τόθ’
268 1608 434 1664 ἡμέραν
457 1607 758 1664 ε’πιδεδημήκει
781 1611 833 1663 τῇ
857 1609 984 1652 πόλει
996 1608 1161 1681 Ja²5⁷272
1186 1607 1279 1650 οὐδὲ
1301 1607 1467 1661 ταύτην
1494 1607 1751 1663 ὁλόκληρον.

151 1666 282 1709 Κατὰ
323 1666 470 1723 μέντοι
512 1667 592 1719 τὴν
634 1666 845 1709 ἐπάνοδον
885 1668 1016 1709 αὐτοῦ
1032 1665 1371 1738 Ἣπροχθεσινήν,
1414 1667 1517 1721 μίαν
1558 1665 1630 1708 καὶ
1673 1666 1786 1719 τὴν5

151 1724 354 1780 ἡμίσειαν
377 1725 503 1769 αὐτὸς
518 1724 794 1782 διατρίψας
776 1724 957 1797 rypaecspav3
971 1723 1043 1767 καὶ
1061 1724 1198 1766 πάλιν
1216 1740 1306 1778 εμοι
1296 1722 1752 1795 προσδιαλεξάμενος

152 1781 258 1838 ὑπὲρ
280 1787 355 1825 τοῦ
376 1784 508 1824 αὐτοῦ
532 1783 806 1839 πράγματος,
828 1782 955 1855 ᾤχετ’
981 1781 1106 1827 εὐθὺς
1135 1782 1288 1825 ἀπιών.
1349 1780 1409 1822 Εἰ
1429 1780 1509 1836 μὲν
1537 1799 1621 1831 ουν,
1645 1781 1750 1853 ἄνερ

152 1839 521 1913 προσφιλέστατε,
555 1840 843 1897 κομισάμενος
858 1839 993 1912 ἔχεις
1029 1841 1083 1882 τὰ
1117 1839 1361 1895 γράμματά
1397 1853 1494 1894 μου·
1532 1839 1570 1882 εἰ
1603 1838 1646 1881 δὲ
1679 1840 1749 1895 μή,

150 1899 286 1942 πάλιν
309 1897 385 1955 ἐ’χε
409 1899 457 1940 τὸ
480 1900 723 1955 κεφάλαιον
743 1900 828 1942 τῶν
851 1897 941 1954 ἐμοὶ
963 1897 1292 1954 γεγραμμένων.

207 1956 326 2010 Ἐγώ
362 1973 426 1998 τοι
467 1956 739 2014 σκεψασθαί
770 1957 809 1999 σ’
848 1955 1049 1999 εκέλευον
1091 1955 1296 2010 ὁπότερον
1337 1957 1426 1998 τοῖν
1468 1955 1540 1998 δύο
1583 1973 1752 1999 τουτοιν
1773 1971 1813 1994 10

151 2018 446 2068 λυσιτελῆσον
468 2017 555 2070 ἡγῇ
580 2016 635 2057 σὺ
655 2017 827 2071 μᾶλλον
850 2017 938 2060 τοῖς
960 2016 1067 2062 σοῖς,
1089 2013 1183 2066 ἤτοι
1201 2013 1255 2056 τὰ
1274 2013 1375 2056 καθ’
1394 2015 1507 2069 ἡμᾶς
1532 2013 1750 2070 αἱρεῖσθαι

153 2071 176 2125 ἢ
209 2074 298 2117 τοῖς
331 2071 656 2126 καθεστηκόσιν
688 2072 897 2129 ἐμμένειν.
958 2071 1019 2114 Εἰ
1050 2071 1128 2128 μὲν
1163 2068 1235 2114 οὖν
1266 2072 1320 2114 τὰ
1352 2071 1542 2128 ἡμέτερα
1574 2072 1750 2127 ἀρεσκει

152 2147 213 2179 σε,
236 2130 309 2173 καῖ
331 2131 379 2173 τὸ
400 2129 506 2186 παρ’
531 2133 634 2187 ἡμῖν
657 2130 910 2188 ἐνδιαίτημα
933 2129 1176 2184 ἐπιτήδειον
1199 2126 1316 2173 εἶναί
1332 2147 1401 2172 σοι
1429 2129 1549 2173 δοκεῖ
1563 2131 1644 2184 τὴν
1667 2131 1751 2185 σὴν

154 2187 421 2261 φιλοσοφίαν
446 2188 763 2246 ἐγγηροκομεΐν
784 2189 894 2245 μετὰ
917 2193 995 2244 τῆς
1021 2187 1275 2245 νεφρίτιδος,
1298 2189 1443 2231 πάντα
1470 2205 1537 2231 σοι
1567 2191 1620 2231 τὰ
1644 2190 1752 2244 πρὸς

153 2247 231 2299 τὴν
263 2251 337 2289 τοῦ
368 2245 468 2298 βίου
497 2247 730 2302 ραστώνην
761 2247 806 2290 ἐν
837 2246 1068 2304 ἀσφαλεία
1097 2249 1242 2302 πολλῇ
1278 2246 1482 2289 κείσεται.
1544 2246 1633 2290 Καὶ
1662 2246 1752 2302 γάρ
1774 2258 1810 2291 15

153 2322 217 2347 τοι
250 2304 298 2347 τὸ
328 2305 665 2377 προτεινόμενόν
696 2323 766 2349 σοι
799 2306 879 2349 ὑπὸ
911 2311 986 2348 τοῦ
1016 2304 1246 2349 Βασιλέως
1278 2304 1425 2360 γέρας,
1460 2304 1532 2347 καὶ
1567 2304 1751 2359 ὡσπερει

153 2361 459 2405 εἰσελαστικόν
484 2380 523 2405 τι
554 2363 896 2420 ηὐτρεπισμένον
930 2363 990 2409 εἰς
1017 2363 1096 2416 τὴν
1125 2362 1340 2419 ἡμετέραν
1370 2362 1494 2406 εὐθὺς
1521 2361 1753 2416 εἰσεληλα-

200 2465 294 2495 1445.
331 2471 381 2503 53.
407 2466 567 2504 poteram
583 2488 590 2496 .
609 2488 617 2496 .
636 2489 643 2496 .
663 2463 813 2495 disertus
834 2466 918 2497 αβε·
912 2488 918 2495 .
943 2465 980 2495 111
999 2463 1091 2495 1111116
1110 2465 1270 2504 poteram
1289 2471 1362 2493 esse
1378 2461 1496 2493 durio1
1514 2473 1538 2499 g.
1633 2465 1752 2493 tamen

154 2505 226 2545 αεζε
252 2516 274 2537 a
289 2509 325 2538 te
340 2506 446 2538 modo
463 2512 495 2540 ό.
599 2514 692 2547 54—5.
719 2507 832 2539 laesus
852 2507 959 2539 verbo
980 2519 1004 2538 ε.
1096 2505 1272 2548 quomodo
1296 2508 1355 2538 αβε
1372 2516 1380 2536 :
1412 2515 1482 2546 quo
1507 2504 1531 2545 ζ.
1633 2504 1701 2536 fuit
1717 2507 1739 2539 Β

153 2553 194 2581 tu
217 2549 303 2589 αβζε
326 2553 446 2582 tamen
463 2562 488 2582 ε.
564 2550 719 2582 homines
735 2561 798 2582 om.
826 2562 850 2582 ε.
952 2551 1002 2590 56.
1028 2559 1091 2581 1166
1108 2561 1163 2580 ιιι-ε
1188 2559 1258 2580 11011
1274 2548 1324 2586 βξ.
1419 2556 1469 2588 57.
1497 2551 1701 2589 portentum
1717 2551 1740 2583 β

154 2592 408 2625 restaurabitur
424 2593 449 2632 ζ.
568 2600 619 2633 59.
644 2594 869 2626 admiscerem
884 2593 908 2633 ζ.
1045 2594 1098 2624 60.
1123 2592 1210 2625 Sed.
1226 2617 1233 2623 .
1249 2617 1255 2623 .
1271 2591 1466 2633 perplacuit
1476 2602 1538 2623 om.
1556 2591 1573 2631 ζ
1586 2591 1678 2632 (plus
1696 2603 1751 2624 ae:

155 2636 257 2678 plane
274 2637 321 2676 β).
450 2638 502 2669 61.
531 2636 684 2679 Philippi
699 2641 774 2668 ante
791 2636 1071 2668 Melanchthonis
1086 2635 1162 2668 add.
1181 2639 1215 2670 β.
1342 2636 1393 2666 62.
1421 2645 1461 2667 611
1475 2644 1534 2668 (ωε
1552 2647 1559 2666 :
1586 2636 1702 2667 omnia.
1725 2634 1750 2675 ζ.

154 2683 238 2711 sunt
254 2678 296 2718 ες.
461 2681 513 2720 63.
540 2690 582 2712 ex
606 2684 763 2722 tempore
777 2705 784 2712 .
813 2705 821 2713 .
849 2705 857 2712 .
885 2681 994 2712 maias
1015 2690 1078 2712 om.
1104 2680 1130 2719 ζ.
1283 2679 1337 2717 64.
1364 2678 1459 2710 Eras.
1480 2679 1585 2710 Roth.
1603 2690 1664 2711 om.
1683 2678 1752 2718 βεζ.

157 2724 251 2785 1446.
280 2731 328 2761 14.
354 2734 390 2755 o:
395 2723 695 2784 ἐγγηρωκομεΐνε..

203 2819 298 2850 1445.
326 2825 378 2858 53.
403 2816 569 2856 disertus]
589 2816 640 2849 Cf.
658 2816 722 2849 Ov.
742 2816 799 2848 Tr.
819 2824 846 2856 3.
875 2826 923 2848 11.
1038 2817 1131 2848 1446.
1165 2824 1197 2853 4
1226 2813 1459 2854 ἑπιδεδημήκει]
1494 2816 1561 2847 l'or
1597 2816 1655 2848 the
1694 2827 1752 2848 un-

156 2870 210 2893 21.
990 2870 1057 2901 aug
1046 2857 1306 2891 mentedform
1323 2858 1365 2890 cf.
1384 2858 1449 2900 Ep.
1472 2868 1563 2891 1011.
1582 2867 1636 2899 5n.

203 2913 255 2945 54.
281 2903 445 2944 Otthoni]
462 2903 646 2936 Brunfels:
675 2914 732 2936 see
753 2914 787 2946 p.
807 2904 879 2943 367.
1036 2911 1062 2942 5.
1091 2902 1259 2942 ἐπάνοδοι]
1292 2902 1433 2934 Francis
1459 2904 1640 2946 returning
1663 2903 1751 2936 from

200 2951 254 2980 60.
281 2947 469 2987 Ioaeimus]
511 2947 750 2984 Camerarius;
795 2957 851 2979 see
891 2957 925 2988 p.
990 2946 1139 2987 Picardy
1154 2956 1224 2977 was
1239 2946 1274 2977 in
1294 2946 1389 2978 Paris
1413 2947 1482 2996 1-6.
1493 2946 1598 2988 May:
1622 2957 1678 2979 see
1694 2948 1754 2980 tho

159 3001 231 3034 555.
988 2990 1163 3032 [tinem-r)
1178 2990 1213 3021 in
1231 2989 1282 3021 his
1298 2990 1407 3027 ¹‚10tes
1424 2990 1495 3024 viii
1517 2999 1610 3032 1905,
1627 3001 1658 3032 p
1675 3002 1750 3031 442,

201 3038 252 3067 61.
280 3034 571 3074 Melanehtfhonis]
587 3036 649 3068 See
666 3034 729 3076 Ep.
759 3043 850 3074 1444.
871 3043 923 3066 2n.
1033 3035 1064 3067 8.
1091 3033 1130 3064 τὰ
1147 3033 1336 3075 γράμματα]
1354 3034 1418 3075 Ep.
1445 3045 1535 3074 1435).
