2012 3370
238 150 317 188 334

712 146 966 186 LETTERS
998 147 1070 186 OF
1099 146 1363 186 ERASMUS

1714 147 1836 195 [1523

203 277 218 309 5
242 260 381 299 reditu
404 261 446 297 in
474 258 765 296 Brabantiam.
820 256 943 304 Quod
965 256 999 294 si
1022 267 1170 294 verum
1193 259 1270 302 est,
1295 255 1444 306 opinor
1466 255 1688 305 sexaginta
1710 253 1838 293 libras

242 314 483 366 propositas
524 324 612 351 esse
654 324 729 363 pro
772 311 994 363 sexaginta
1034 309 1252 361 angelatis.

1322 309 1457 348 Aiunt
1498 308 1628 347 etiam
1669 307 1839 347 Parisiis

240 372 442 408 exustum
458 379 547 406 esse
563 365 790 417 quendam.
836 365 982 405 Saeuit
997 368 1042 404 et
1056 363 1349 404 Ferdinandus
1365 364 1468 402 mire
1484 363 1529 401 in
1544 361 1809 402 Lutheranos
1830 376 1837 401 :

238 423 283 462 in
322 422 410 461 eius
453 420 594 460 aulam
629 420 766 460 Faber
809 433 940 467 meus,
976 418 1310 459 Constantiensis
1344 417 1548 464 vicanus,
1584 416 1742 456 ascitus
1776 422 1841 456 est

239 476 401 528 ingenti
421 475 586 514 salario.

295 529 475 570 Gratum
505 529 589 568 fuit
618 528 734 580 quod
763 528 967 580 scripsisti
997 528 1049 566 de
1078 527 1202 566 rebus
1232 527 1367 566 nouis.

1426 526 1524 565 Non
1554 525 1705 564 dubito
1736 525 1839 577 quin

239 585 426 637 Spongia
443 584 529 622 iam
549 583 605 622 ad
624 596 700 622 vos
720 583 884 634 perlata
903 583 971 621 sit.
1021 582 1241 621 Huttenus
1260 581 1439 621 excessit
1458 594 1481 619 e
1499 579 1624 619 rebus
1644 579 1841 619 humanis

241 650 305 691 29.
328 638 395 678 die
415 638 598 690 Augusti
618 651 626 677 z
664 638 781 677 cuius
802 641 938 677 morte
959 637 1085 688 periit
1103 649 1259 688 magna
1278 649 1330 675 ex
1350 638 1473 686 parte
1493 647 1612 674 meae
1632 633 1841 685 Spongiae

241 693 391 745 gratia.
435 692 662 731 Tumultus
677 704 817 731 rerum
833 691 1020 743 vndique
1037 691 1224 730 cooriens
1240 690 1353 741 cogit
1367 702 1445 728 nos
1459 689 1527 728 hic
1543 688 1682 728 adhuc
1699 688 1841 727 sedere

242 749 350 787 hanc
380 747 590 799 hyemem.
650 746 774 794 Quod
802 747 837 785 si
864 746 1008 785 literas
1037 758 1172 796 nuper
1210 758 1236 783 a
1274 744 1413 783 Roma
1447 743 1599 782 allatas
1633 743 1841 782 maturius

187 819 220 852 15
242 802 508 854 accepissem,
527 802 612 841 iam
629 801 710 840 iter
726 801 935 852 ingressus
952 800 1138 839 fuissem.
1184 798 1302 838 Haec
1320 799 1481 850 hyems,
1500 802 1549 836 vt
1567 810 1701 848 spero,
1721 796 1839 836 dabit

241 856 368 896 finem
390 855 524 896 malis.
575 855 695 895 Gallo
717 855 827 894 male
846 859 1005 894 metuo.
1055 853 1197 893 Faueo
1218 853 1403 904 Principi
1424 865 1517 891 meo
1538 865 1547 899 ;
1584 851 1658 891 sed
1679 850 1841 890 nullum

244 911 367 950 video
387 910 529 958 finem,
551 911 586 949 si
606 909 809 962 procedat
828 909 994 960 imperii
1014 908 1224 947 dilatatio.

297 966 490 1018 Ἐγέλασα
511 965 700 1014 τουτο<υ>ὶ
720 965 919 1003 Ἀντωνίου
945 962 1275 1014 simplicitatem.
1340 961 1468 1000 Venit
1496 961 1579 1000 huc
1608 964 1657 999 vt
1686 964 1844 999 emeret

243 1020 385 1067 libros,
425 1019 655 1071 deponeret
693 1021 735 1057 τὸ
768 1022 914 1070 σχῆμα,
954 1017 1136 1068 denique
1174 1020 1218 1055 et
1256 1020 1320 1055 τοῦ
1340 1020 1472 1068 γαμεῖν
1492 1029 1500 1061 ;
1540 1028 1617 1054 nec
1655 1014 1843 1054 habebat

184 1090 228 1114 20
243 1073 432 1114 obulum.
492 1072 713 1112 Admoneo
744 1076 788 1112 te
818 1085 872 1111 ne
903 1085 1000 1112 cum
1031 1071 1110 1110 hoc
1140 1070 1408 1121 inauspicato
1440 1069 1663 1108 criminum
1694 1081 1843 1120 genere

243 1128 428 1168 multum
451 1127 608 1167 habeas
633 1127 882 1166 commertii.
934 1125 1150 1165 Admonui
1173 1129 1217 1164 et
1240 1124 1340 1164 olim
1363 1137 1416 1164 ne
1439 1123 1565 1162 valde
1586 1123 1845 1174 inplicareris

243 1187 314 1222 τῶν
333 1184 531 1234 >Γερμοὶνων
551 1182 776 1223 amicitiis:
813 1185 915 1220 sunt
943 1193 1077 1232 equus
1104 1180 1292 1220 Seianus.
1342 1178 1458 1218 Bene
1478 1177 1586 1225 vale,
1614 1191 1663 1217 ac
1690 1190 1844 1228 magno

243 1237 386 1277 animo
428 1249 581 1289 perage
620 1236 839 1275 Musarum
878 1235 1125 1287 negotium:

1181 1233 1356 1273 fortuna
1400 1232 1570 1272 aliunde
1610 1231 1844 1283 affulgebit.

244 1292 308 1331 De
338 1291 561 1330 Francisco
596 1303 739 1329 rursus
774 1290 982 1329 admoneo
1017 1303 1070 1328 ne
1103 1288 1207 1340 quid
1242 1301 1380 1327 rerum
1414 1300 1602 1326 mearum
1637 1286 1696 1325 illi
1735 1299 1846 1325 com-

185 1363 201 1384 2
211 1362 222 1368 ¹
244 1347 407 1386 mittas.

300 1400 490 1439 Basileae
512 1411 550 1451 7.
574 1399 744 1439 Calend.
769 1399 940 1439 Octobr.
965 1398 1088 1437 Anno
1112 1407 1230 1447 1523.

246 1551 297 1583 illi
317 1549 444 1593 quibus
465 1549 617 1581 debeant
637 1549 780 1581 solitum
800 1547 1018 1590 stipendium

248 1595 332 1626 dare
370 1597 545 1626 recusant.
608 1593 766 1625 Abbates
805 1593 899 1624 enim
938 1602 1018 1624 suos

250 1638 440 1670 monachos
474 1637 619 1670 domum
654 1640 849 1675 accersunt,
884 1635 1019 1668 nobiles

249 1692 329 1714 suos
361 1681 500 1719 liberm,
535 1680 720 1722 presbiteri
753 1689 834 1712 suos
874 1688 1019 1711 consan-

247 1727 401 1767 guineos.
452 1725 508 1757 Sic
533 1725 706 1756 minuitur
731 1723 1019 1755 scholasticorum

248 1778 426 1807 numerus,
461 1769 511 1801 sic
546 1771 655 1800 ruunt
690 1767 769 1799 aule
803 1770 935 1805 nostre,
971 1768 1020 1798 sic

248 1813 443 1855 frigescunt
474 1822 593 1845 omnes
625 1811 786 1844 liberales
825 1810 1018 1853 discipline.

251 1856 403 1898 Collegia
415 1855 527 1888 solum
540 1858 769 1899 perseuerant
782 1867 789 1887 :
812 1865 880 1897 que
893 1855 923 1886 si
935 1854 1021 1896 quid

251 1900 384 1933 soluere
409 1902 590 1941 cogantur,
618 1908 699 1930 cum
724 1897 838 1930 solum
865 1897 1022 1929 habeant

250 1948 427 1986 quantum
445 1943 574 1975 sufficit
594 1943 631 1975 in
652 1943 789 1974 victum
808 1952 871 1973 suo
887 1941 1020 1973 schola-

252 1989 420 2020 sticorum
437 1996 597 2026 numero,
611 1995 749 2018 necesse
769 1987 836 2017 erit
859 1989 922 2016 aut
944 1986 1023 2026 ipsa

252 2042 322 2064 vna
336 2031 409 2063 labi
423 2034 488 2063 aut
502 2031 613 2063 socios
629 2029 766 2071 aliquot
782 2030 860 2061 eiici
873 2029 880 2042 ³
899 2031 929 2069 (1
941 2030 1004 2068 18).

297 2085 328 2117 5.
351 2073 474 2114 libras]
487 2074 560 2106 The
572 2083 671 2105 sense
683 2073 839 2115 requires
851 2082 872 2103 a
885 2072 1024 2104 smaller

252 2120 332 2150 coin
365 2117 455 2149 than
488 2117 549 2149 the
583 2116 683 2158 angel
699 2129 707 2155 ;
754 2116 928 2158 probably
962 2116 1023 2148 the

255 2161 389 2193 French
410 2161 498 2193 livre
523 2160 637 2192 which
662 2169 732 2191 was
756 2159 960 2201 equi-valent
984 2163 1023 2190 to

253 2205 314 2237 the
331 2204 434 2237 florin
451 2208 591 2236 current
608 2203 666 2243 (cf.
686 2203 752 2244 Ep.
770 2206 847 2244 436.
870 2205 937 2243 5n).
980 2203 1023 2234 In

254 2248 314 2281 the
335 2248 514 2289 exchange
536 2247 572 2279 of
593 2247 654 2279 the
675 2247 747 2289 day
767 2248 805 2279 21
833 2245 1015 2288 English:

256 2302 273 2333 3
291 2291 410 2333 angels
427 2306 460 2318 =
481 2302 500 2332 7
519 2301 557 2323 or
573 2292 593 2322 8
609 2291 728 2323 florins
745 2294 897 2322 current.
955 2289 1024 2321 For

255 2339 442 2378 payments
458 2339 496 2367 to
512 2335 678 2366 Erasmus
693 2335 730 2366 in
744 2334 849 2366 livres
861 2342 918 2365 see
930 2333 1022 2375 Epp.

258 2389 331 2420 179,
350 2380 406 2410 181
422 2378 578 2411 introdd.

299 2427 330 2456 6.
355 2422 479 2461 etiam]
497 2421 539 2454 In
556 2421 719 2453 addition
737 2424 774 2452 to
791 2420 852 2452 the
869 2419 1024 2452 Brussels

257 2470 432 2508 martyrs:
456 2466 510 2498 for
527 2465 643 2497 whom
660 2475 715 2496 see
734 2465 799 2505 Ep.
823 2465 916 2504 1384.
939 2473 995 2496 2n.

301 2523 330 2554 7.
355 2508 534 2548 exustum]
551 2509 607 2541 Jo.
623 2508 782 2546 Valliere,
800 2518 846 2539 an
860 2507 1024 2539 illiterate

258 2553 387 2586 hermit
411 2553 447 2585 of
471 2553 608 2585 Falaise
631 2553 669 2584 in
692 2551 912 2593 Normandy,
938 2550 1026 2592 aged

257 2607 285 2629 c.
303 2605 362 2636 40,
380 2606 451 2628 was
468 2596 576 2628 burnt
593 2599 633 2627 at
650 2596 759 2633 Paris,
779 2596 798 2626 8
816 2595 905 2636 Aug.
929 2603 1025 2635 1523,

255 2640 311 2671 for
326 2639 503 2681 declaring
518 2639 600 2671 that
616 2639 732 2672 Christ
747 2648 818 2670 was
834 2638 894 2670 the
910 2648 975 2670 son
991 2638 1026 2669 of

258 2683 392 2725 Joseph
419 2683 491 2715 and
517 2683 641 2725 Mary:
682 2692 739 2714 see
766 2682 915 2714 Journal
941 2682 1026 2714 d'un

257 2726 428 2767 bour-qeois
445 2727 484 2760 de
503 2727 618 2766 Par-is,
637 2725 693 2758 ed.
715 2726 755 2759 V.
777 2726 815 2758 L.
838 2724 1026 2767 Bourrilly,

262 2771 572 2811 1910‚pp-397-8

306 2815 334 2846 8.
362 2814 488 2853 Faber]
505 2813 556 2846 of.
578 2814 672 2853 1382.
694 2823 773 2856 33n.

1130 1559 1176 1581 11.
1204 1546 1373 1588 Spongia]
1389 1546 1450 1578 See
1468 1546 1532 1587 Ep.
1554 1547 1646 1586 1378.

1130 1603 1178 1625 12.
1206 1602 1257 1630 29.
1276 1590 1333 1622 die
1345 1590 1512 1631 Augusti]
1528 1589 1695 1621 Erasmus
1712 1597 1849 1631 repeais

1081 1635 1152 1666 this
1170 1636 1205 1666 in
1222 1635 1287 1676 Ep.
1310 1635 1403 1675 1389.
1424 1635 1465 1666 6:
1489 1633 1556 1665 but
1572 1633 1632 1665 the
1649 1637 1751 1665 exact
1768 1633 1851 1664 dato

1082 1679 1117 1710 of
1130 1678 1300 1711 Hutten’s
1313 1676 1421 1709 death
1433 1676 1496 1709 has
1511 1687 1618 1709 never
1633 1676 1720 1708 been
1735 1678 1850 1708 estab-

1079 1721 1204 1754 lished.
1257 1721 1301 1754 In
1329 1721 1509 1763 reporting
1538 1720 1599 1752 the
1627 1723 1733 1752 event
1760 1720 1849 1751 from

1082 1765 1185 1799 Basle
1203 1765 1278 1807 just
1295 1764 1407 1797 about
1424 1764 1496 1796 this
1513 1765 1600 1796 time
1619 1764 1850 1797 Cantiuncula

1081 1810 1178 1852 gives
1202 1818 1239 1850 31
1266 1808 1355 1851 Aug.
1380 1808 1472 1848 (HE.
1499 1810 1589 1849 335),
1614 1808 1710 1840 Basil
1732 1808 1850 1840 Amer-

1082 1853 1173 1886 bach
1190 1863 1203 1885 1
1224 1852 1319 1894 Sept.
1337 1852 1429 1892 (HE.
1449 1853 1539 1893 351).

1130 1908 1181 1940 13.
1205 1895 1336 1938 gratia]
1351 1895 1401 1929 Cf.
1419 1895 1484 1937 Ep.
1504 1895 1599 1936 1389.
1620 1905 1646 1927 1.

1171 1940 1287 1972 adhuc
1311 1939 1444 1978 sedere]
1468 1938 1615 1971 Instead
1646 1939 1682 1970 of
1715 1938 1853 1979 leaving

1084 1985 1262 2026 Germany
1283 1993 1322 2015 as
1344 1983 1387 2015 he
1409 1982 1481 2015 had
1502 1982 1679 2025 planned:
1717 1982 1760 2014 cf.
1786 1982 1851 2023 Ep.

1089 2037 1182 2070 Ι353·
1203 2036 1307 2077 25411·
1631 2070 1637 2076 ,

1133 2083 1183 2114 14.
1206 2070 1342 2110 literas]
1364 2070 1437 2103 One
1458 2070 1494 2102 of
1512 2069 1611 2102 them
1628 2079 1658 2101 is
1677 2069 1854 2102 answered

1089 2114 1134 2157 by
1150 2117 1216 2157 Ep.
1238 2116 1332 2155 1386.

1134 2164 1183 2193 16.
1210 2157 1326 2197 malis]
1343 2157 1393 2190 Cf.
1413 2157 1478 2198 Ep.
1499 2166 1593 2198 1345.
1616 2166 1693 2199 3—5.

1135 2206 1184 2237 18.
1211 2200 1396 2240 Ἀντωνίου]
1420 2201 1575 2242 Perhaps
1598 2201 1642 2233 cf.
1666 2201 1732 2243 Ep.
1760 2202 1852 2241 1363.

1090 2257 1144 2288 3n.
1190 2246 1256 2287 Ep.
1273 2255 1368 2286 1437.
1388 2254 1449 2285 205
1466 2244 1579 2276 shows
1596 2243 1676 2276 that
1689 2244 1731 2275 he
1749 2254 1819 2276 was
1836 2255 1854 2275 a

1088 2290 1309 2322 Franciscan.

1134 2344 1185 2366 22.
1210 2331 1391 2372 amicitiis]
1433 2331 1482 2363 Cf.
1520 2331 1610 2373 Epp.
1650 2340 1743 2371 1244.
1776 2333 1855 2374 3611,

1093 2378 1186 2417 1389-
1207 2377 1260 2419 36,
1282 2385 1376 2425 ¹437:
1394 2375 1449 2415 98,
1470 2384 1563 2424 151?-
1580 2383 1678 2416 23-5·
1707 2418 1712 2423 ,

1177 2429 1287 2460 equus
1324 2417 1485 2456 Seianus]
1520 2428 1543 2449 1.
1556 2427 1584 2449 e.
1613 2417 1771 2449 fatahter
1805 2419 1856 2449 in-

1088 2463 1215 2495 felices.
1253 2462 1315 2494 See
1328 2462 1435 2502 Aday.
1449 2471 1528 2502 997,
1541 2461 1652 2501 citing
1665 2461 1749 2493 Gell.
1767 2471 1795 2501 3.
1810 2471 1831 2501 9
1848 2474 1855 2494 :

1091 2507 1126 2538 of
1141 2517 1161 2538 a
1176 2507 1277 2538 horse
1293 2505 1478 2546 belonging
1494 2508 1532 2536 to
1548 2504 1608 2537 Cn.
1624 2504 1732 2542 Seius
1752 2504 1856 2537 ‘eius-

1090 2550 1186 2582 modi
1201 2549 1356 2591 quodam
1371 2549 1448 2580 sato
1464 2552 1505 2579 vt
1521 2573 1528 2581 .
1548 2573 1554 2579 .
1575 2572 1581 2580 .
1601 2558 1777 2590 possessor
1793 2572 1800 2580 .
1819 2573 1827 2580 .
1848 2575 1853 2580 .

1090 2603 1171 2625 cum
1184 2594 1280 2625 omni
1292 2593 1397 2625 domo
1410 2591 1456 2624 ad
1467 2592 1735 2624 internicionem
1748 2601 1857 2633 vsqnc

1091 2637 1265 2679 deperiret
1279 2637 1299 2668 ².

1137 2692 1189 2724 24.
1215 2679 1414 2719 Francisco]
1426 2679 1631 2712 Berckman.
1664 2677 1733 2710 For
1743 2678 1857 2711 Vives*

1092 2725 1163 2756 and
1179 2723 1356 2756 Erasmus’
1370 2721 1562 2755 continued
1574 2722 1723 2754 distrust
1739 2722 1774 2754 oi
1787 2723 1856 2755 hin]

1093 2768 1137 2800 cf.
1151 2768 1243 2810 Epp.
1261 2769 1355 2808 1362.
1372 2768 1426 2808 56,
1440 2766 1535 2805 1488.
1549 2775 1671 2806 39—41‚
1685 2775 1780 2806 1494.
1795 2775 1860 2806 32-

1094 2811 1827 2854 6⁵150721513·37—44‚1531-25—6‚1560·
