<?xml version="1.0" encoding="UTF-8"?>
<!DOCTYPE html PUBLIC "-//W3C//DTD XHTML 1.0 Transitional//EN"
    "http://www.w3.org/TR/xhtml1/DTD/xhtml1-transitional.dtd">
<html xmlns="http://www.w3.org/1999/xhtml" xml:lang="en" lang="en">
 <head>
  <title>
</title>
<meta http-equiv="Content-Type" content="text/html;charset=utf-8" />
  <meta name='ocr-system' content='tesseract 3.04.00' />
  <meta name='ocr-capabilities' content='ocr_page ocr_carea ocr_par ocr_line ocrx_word'/>
</head>
<body>
  <div class='ocr_page' id='page_1' title='image "./opusepistolarum05eras_0213.png"; bbox 0 0 2012 3370; ppageno 0'>
   <div class='ocr_carea' id='block_1_1' title="bbox 124 103 1712 157">
    <p class='ocr_par' dir='ltr' id='par_1_1' title="bbox 124 103 1712 157">
     <span class='ocr_line' id='line_1_1' title="bbox 124 103 1712 157; baseline -0.001 -12"><span class='ocrx_word' id='word_1_1' title='bbox 124 107 247 157; x_wconf 86' lang='lat'>1334]</span> <span class='ocrx_word' id='word_1_2' title='bbox 583 104 655 144; x_wconf 87' lang='lat' dir='ltr'>TO</span> <span class='ocrx_word' id='word_1_3' title='bbox 684 103 839 144; x_wconf 82' lang='lat' dir='ltr'>JOHN</span> <span class='ocrx_word' id='word_1_4' title='bbox 868 103 1252 144; x_wconf 85' lang='lat' dir='ltr'>CARONDELET</span> <span class='ocrx_word' id='word_1_5' title='bbox 1638 106 1712 145; x_wconf 88' lang='grc'>183</span> 
     </span>
    </p>
   </div>
   <div class='ocr_carea' id='block_1_2' title="bbox 113 210 1797 2920">
    <p class='ocr_par' dir='ltr' id='par_1_2' title="bbox 120 210 1794 318">
     <span class='ocr_line' id='line_1_2' title="bbox 121 210 1794 263; baseline 0.002 -13"><span class='ocrx_word' id='word_1_6' title='bbox 121 212 279 251; x_wconf 81' lang='lat' dir='ltr'>Ariana</span> <span class='ocrx_word' id='word_1_7' title='bbox 311 212 454 252; x_wconf 82' lang='lat' dir='ltr'>factio.</span> <span class='ocrx_word' id='word_1_8' title='bbox 512 212 629 250; x_wconf 91' lang='lat' dir='ltr'>Haec</span> <span class='ocrx_word' id='word_1_9' title='bbox 662 211 828 262; x_wconf 88' lang='lat' dir='ltr'>aliaque</span> <span class='ocrx_word' id='word_1_10' title='bbox 860 211 1072 262; x_wconf 89' lang='lat' dir='ltr'>permulta</span> <span class='ocrx_word' id='word_1_11' title='bbox 1104 215 1304 263; x_wconf 87' lang='lat' dir='ltr'>poterant</span> <span class='ocrx_word' id='word_1_12' title='bbox 1337 211 1467 250; x_wconf 90' lang='lat' dir='ltr'>etiam</span> <span class='ocrx_word' id='word_1_13' title='bbox 1501 211 1600 250; x_wconf 90' lang='lat' dir='ltr'>boni</span> <span class='ocrx_word' id='word_1_14' title='bbox 1633 210 1713 250; x_wconf 88' lang='lat' dir='ltr'>viri</span> <span class='ocrx_word' id='word_1_15' title='bbox 1730 223 1794 262; x_wconf 82' lang='lat'>465</span> 
     </span>
     <span class='ocr_line' id='line_1_3' title="bbox 120 265 1044 318; baseline 0 -14"><span class='ocrx_word' id='word_1_16' title='bbox 120 266 344 306; x_wconf 84' lang='lat' dir='ltr'>affectibus</span> <span class='ocrx_word' id='word_1_17' title='bbox 364 268 578 318; x_wconf 83' lang='lat' dir='ltr'>imponere</span> <span class='ocrx_word' id='word_1_18' title='bbox 600 265 678 304; x_wconf 90' lang='lat' dir='ltr'>sub</span> <span class='ocrx_word' id='word_1_19' title='bbox 701 266 837 316; x_wconf 89' lang='lat' dir='ltr'>specie</span> <span class='ocrx_word' id='word_1_20' title='bbox 858 266 1044 316; x_wconf 84' lang='lat' dir='ltr'>pietatis.</span> 
     </span>
    </p>

    <p class='ocr_par' dir='ltr' id='par_1_3' title="bbox 115 319 1796 1347">
     <span class='ocr_line' id='line_1_4' title="bbox 174 319 1714 371; baseline -0.001 -11"><span class='ocrx_word' id='word_1_21' title='bbox 174 320 271 360; x_wconf 91' lang='lat' dir='ltr'>Non</span> <span class='ocrx_word' id='word_1_22' title='bbox 297 321 459 360; x_wconf 90' lang='lat' dir='ltr'>inficior</span> <span class='ocrx_word' id='word_1_23' title='bbox 485 319 764 359; x_wconf 80' lang='lat' dir='ltr'>execrandam</span> <span class='ocrx_word' id='word_1_24' title='bbox 792 320 1048 358; x_wconf 86' lang='lat' dir='ltr'>haereticam</span> <span class='ocrx_word' id='word_1_25' title='bbox 1075 321 1369 371; x_wconf 87' lang='lat' dir='ltr'>peruicaciam,</span> <span class='ocrx_word' id='word_1_26' title='bbox 1398 321 1433 359; x_wconf 91' lang='lat' dir='ltr'>si</span> <span class='ocrx_word' id='word_1_27' title='bbox 1460 319 1600 358; x_wconf 87' lang='lat' dir='ltr'>sanari</span> <span class='ocrx_word' id='word_1_28' title='bbox 1627 331 1714 358; x_wconf 86' lang='lat' dir='ltr'>non</span> 
     </span>
     <span class='ocr_line' id='line_1_5' title="bbox 119 373 1711 425; baseline -0.002 -11"><span class='ocrx_word' id='word_1_29' title='bbox 119 376 265 425; x_wconf 85' lang='lat' dir='ltr'>possit.</span> <span class='ocrx_word' id='word_1_30' title='bbox 323 375 405 415; x_wconf 87' lang='lat' dir='ltr'>Sed</span> <span class='ocrx_word' id='word_1_31' title='bbox 426 373 530 413; x_wconf 90' lang='lat' dir='ltr'>illud</span> <span class='ocrx_word' id='word_1_32' title='bbox 550 375 719 412; x_wconf 77' lang='lat' dir='ltr'>interim</span> <span class='ocrx_word' id='word_1_33' title='bbox 740 373 990 420; x_wconf 89' lang='lat' dir='ltr'>cauendum,</span> <span class='ocrx_word' id='word_1_34' title='bbox 1011 387 1064 412; x_wconf 94' lang='lat' dir='ltr'>ne</span> <span class='ocrx_word' id='word_1_35' title='bbox 1084 375 1233 413; x_wconf 88' lang='lat' dir='ltr'>erroris</span> <span class='ocrx_word' id='word_1_36' title='bbox 1252 375 1376 414; x_wconf 83' lang='lat' dir='ltr'>vnius</span> <span class='ocrx_word' id='word_1_37' title='bbox 1396 373 1493 413; x_wconf 89' lang='lat' dir='ltr'>odio</span> <span class='ocrx_word' id='word_1_38' title='bbox 1513 373 1711 413; x_wconf 89' lang='lat' dir='ltr'>deuolua-</span> 
     </span>
     <span class='ocr_line' id='line_1_6' title="bbox 120 428 1710 479; baseline -0.001 -12"><span class='ocrx_word' id='word_1_39' title='bbox 120 442 215 467; x_wconf 90' lang='lat' dir='ltr'>mur</span> <span class='ocrx_word' id='word_1_40' title='bbox 246 430 289 467; x_wconf 88' lang='lat' dir='ltr'>in</span> <span class='ocrx_word' id='word_1_41' title='bbox 322 429 452 468; x_wconf 89' lang='lat' dir='ltr'>alium</span> <span class='ocrx_word' id='word_1_42' title='bbox 484 441 692 474; x_wconf 85' lang='lat' dir='ltr'>errorem;</span> <span class='ocrx_word' id='word_1_43' title='bbox 742 441 920 479; x_wconf 91' lang='lat' dir='ltr'>eamque</span> <span class='ocrx_word' id='word_1_44' title='bbox 951 441 1167 468; x_wconf 87' lang='lat' dir='ltr'>seruemus</span> <span class='ocrx_word' id='word_1_45' title='bbox 1200 430 1329 467; x_wconf 85' lang='lat' dir='ltr'>animi</span> <span class='ocrx_word' id='word_1_46' title='bbox 1362 428 1710 473; x_wconf 70' lang='lat' dir='ltr'>moderationem,</span> 
     </span>
     <span class='ocr_line' id='line_1_7' title="bbox 120 482 1796 534; baseline 0.001 -13"><span class='ocrx_word' id='word_1_47' title='bbox 120 496 172 521; x_wconf 91' lang='lat' dir='ltr'>ne</span> <span class='ocrx_word' id='word_1_48' title='bbox 199 483 391 522; x_wconf 73' lang='lat' dir='ltr'><strong>simultas</strong></span> <span class='ocrx_word' id='word_1_49' title='bbox 427 482 548 521; x_wconf 89' lang='lat' dir='ltr'>nobis</span> <span class='ocrx_word' id='word_1_50' title='bbox 586 482 840 533; x_wconf 89' lang='lat' dir='ltr'>persuadeat</span> <span class='ocrx_word' id='word_1_51' title='bbox 866 495 954 521; x_wconf 88' lang='lat' dir='ltr'>esse</span> <span class='ocrx_word' id='word_1_52' title='bbox 980 495 1162 534; x_wconf 88' lang='lat' dir='ltr'>prauum</span> <span class='ocrx_word' id='word_1_53' title='bbox 1188 483 1302 533; x_wconf 87' lang='lat' dir='ltr'>quod</span> <span class='ocrx_word' id='word_1_54' title='bbox 1328 487 1491 522; x_wconf 89' lang='lat' dir='ltr'>rectum</span> <span class='ocrx_word' id='word_1_55' title='bbox 1518 486 1595 529; x_wconf 86' lang='lat' dir='ltr'>est,</span> <span class='ocrx_word' id='word_1_56' title='bbox 1624 494 1712 521; x_wconf 78' lang='lat' dir='ltr'>esse</span> <span class='ocrx_word' id='word_1_57' title='bbox 1730 499 1796 532; x_wconf 81' lang='lat'>470</span> 
     </span>
     <span class='ocr_line' id='line_1_8' title="bbox 120 536 1712 588; baseline -0.001 -13"><span class='ocrx_word' id='word_1_58' title='bbox 120 536 241 577; x_wconf 84' lang='lat' dir='ltr'>dulce</span> <span class='ocrx_word' id='word_1_59' title='bbox 268 537 382 588; x_wconf 91' lang='lat' dir='ltr'>quod</span> <span class='ocrx_word' id='word_1_60' title='bbox 409 549 601 575; x_wconf 90' lang='lat' dir='ltr'>amarum</span> <span class='ocrx_word' id='word_1_61' title='bbox 628 540 704 582; x_wconf 88' lang='lat' dir='ltr'>est,</span> <span class='ocrx_word' id='word_1_62' title='bbox 734 540 778 574; x_wconf 83' lang='lat' dir='ltr'>et</span> <span class='ocrx_word' id='word_1_63' title='bbox 805 540 966 575; x_wconf 82' lang='lat' dir='ltr'>contra.</span> <span class='ocrx_word' id='word_1_64' title='bbox 1024 536 1076 575; x_wconf 89' lang='lat' dir='ltr'>Id</span> <span class='ocrx_word' id='word_1_65' title='bbox 1103 538 1137 575; x_wconf 91' lang='lat' dir='ltr'>si</span> <span class='ocrx_word' id='word_1_66' title='bbox 1163 537 1268 575; x_wconf 88' lang='lat' dir='ltr'>nulli</span> <span class='ocrx_word' id='word_1_67' title='bbox 1294 537 1380 576; x_wconf 74' lang='lat' dir='ltr'>fere</span> <span class='ocrx_word' id='word_1_68' title='bbox 1407 541 1599 576; x_wconf 88' lang='lat' dir='ltr'>veterum</span> <span class='ocrx_word' id='word_1_69' title='bbox 1626 549 1712 575; x_wconf 91' lang='lat' dir='ltr'>non</span> 
     </span>
     <span class='ocr_line' id='line_1_9' title="bbox 120 590 1712 642; baseline 0 -13"><span class='ocrx_word' id='word_1_70' title='bbox 120 591 262 642; x_wconf 90' lang='lat' dir='ltr'>aliqua</span> <span class='ocrx_word' id='word_1_71' title='bbox 294 604 345 630; x_wconf 90' lang='lat' dir='ltr'>ex</span> <span class='ocrx_word' id='word_1_72' title='bbox 378 595 499 642; x_wconf 88' lang='lat' dir='ltr'>parte</span> <span class='ocrx_word' id='word_1_73' title='bbox 532 590 698 637; x_wconf 87' lang='lat' dir='ltr'>accidit,</span> <span class='ocrx_word' id='word_1_74' title='bbox 734 590 929 641; x_wconf 87' lang='lat' dir='ltr'>equidem</span> <span class='ocrx_word' id='word_1_75' title='bbox 962 603 1048 629; x_wconf 92' lang='lat' dir='ltr'>non</span> <span class='ocrx_word' id='word_1_76' title='bbox 1081 591 1338 641; x_wconf 89' lang='lat' dir='ltr'>deprecabor</span> <span class='ocrx_word' id='word_1_77' title='bbox 1370 591 1552 630; x_wconf 88' lang='lat' dir='ltr'>hominis</span> <span class='ocrx_word' id='word_1_78' title='bbox 1585 590 1712 630; x_wconf 83' lang='lat' dir='ltr'>ociosi</span> 
     </span>
     <span class='ocr_line' id='line_1_10' title="bbox 118 644 1713 696; baseline -0.001 -12"><span class='ocrx_word' id='word_1_79' title='bbox 118 649 279 692; x_wconf 89' lang='lat' dir='ltr'>notam,</span> <span class='ocrx_word' id='word_1_80' title='bbox 327 646 399 696; x_wconf 90' lang='lat' dir='ltr'>qui</span> <span class='ocrx_word' id='word_1_81' title='bbox 443 645 546 684; x_wconf 89' lang='lat' dir='ltr'>haec</span> <span class='ocrx_word' id='word_1_82' title='bbox 591 644 856 684; x_wconf 85' lang='lat' dir='ltr'>admoneam.</span> <span class='ocrx_word' id='word_1_83' title='bbox 914 644 1200 684; x_wconf 88' lang='lat' dir='ltr'>Tertullianus</span> <span class='ocrx_word' id='word_1_84' title='bbox 1244 645 1346 684; x_wconf 89' lang='lat' dir='ltr'>dum</span> <span class='ocrx_word' id='word_1_85' title='bbox 1391 646 1516 684; x_wconf 90' lang='lat' dir='ltr'>nimis</span> <span class='ocrx_word' id='word_1_86' title='bbox 1561 645 1713 684; x_wconf 89' lang='lat' dir='ltr'>acriter</span> 
     </span>
     <span class='ocr_line' id='line_1_11' title="bbox 119 698 1713 750; baseline -0.001 -12"><span class='ocrx_word' id='word_1_87' title='bbox 119 704 283 750; x_wconf 89' lang='lat' dir='ltr'>pugnat</span> <span class='ocrx_word' id='word_1_88' title='bbox 305 700 506 738; x_wconf 87' lang='lat' dir='ltr'>aduersus</span> <span class='ocrx_word' id='word_1_89' title='bbox 530 712 600 738; x_wconf 93' lang='lat' dir='ltr'>eos</span> <span class='ocrx_word' id='word_1_90' title='bbox 624 700 696 750; x_wconf 90' lang='lat' dir='ltr'>qui</span> <span class='ocrx_word' id='word_1_91' title='bbox 720 698 815 750; x_wconf 89' lang='lat' dir='ltr'>plus</span> <span class='ocrx_word' id='word_1_92' title='bbox 837 699 941 737; x_wconf 87' lang='lat' dir='ltr'>satis</span> <span class='ocrx_word' id='word_1_93' title='bbox 964 699 1213 738; x_wconf 88' lang='lat' dir='ltr'>tribuebant</span> <span class='ocrx_word' id='word_1_94' title='bbox 1236 700 1520 746; x_wconf 89' lang='lat' dir='ltr'>matrimonio,</span> <span class='ocrx_word' id='word_1_95' title='bbox 1546 699 1713 738; x_wconf 88' lang='lat' dir='ltr'>delatus</span> 
     </span>
     <span class='ocr_line' id='line_1_12' title="bbox 118 753 1796 804; baseline -0.001 -12"><span class='ocrx_word' id='word_1_96' title='bbox 118 758 183 792; x_wconf 86' lang='lat' dir='ltr'>est</span> <span class='ocrx_word' id='word_1_97' title='bbox 218 755 263 792; x_wconf 91' lang='lat' dir='ltr'>in</span> <span class='ocrx_word' id='word_1_98' title='bbox 300 754 476 792; x_wconf 88' lang='lat' dir='ltr'>alteram</span> <span class='ocrx_word' id='word_1_99' title='bbox 513 753 696 800; x_wconf 86' lang='lat' dir='ltr'>foueam,</span> <span class='ocrx_word' id='word_1_100' title='bbox 735 753 943 792; x_wconf 89' lang='lat' dir='ltr'>damnans</span> <span class='ocrx_word' id='word_1_101' title='bbox 980 753 1096 804; x_wconf 89' lang='lat' dir='ltr'>quod</span> <span class='ocrx_word' id='word_1_102' title='bbox 1133 753 1324 793; x_wconf 86' lang='lat' dir='ltr'>Christus</span> <span class='ocrx_word' id='word_1_103' title='bbox 1361 753 1630 804; x_wconf 87' lang='lat' dir='ltr'>approbauit,</span> <span class='ocrx_word' id='word_1_104' title='bbox 1669 756 1713 792; x_wconf 90' lang='lat' dir='ltr'>et</span> <span class='ocrx_word' id='word_1_105' title='bbox 1731 768 1796 802; x_wconf 79' lang='lat'>475</span> 
     </span>
     <span class='ocr_line' id='line_1_13' title="bbox 118 807 1712 859; baseline 0 -13"><span class='ocrx_word' id='word_1_106' title='bbox 118 808 287 858; x_wconf 88' lang='lat' dir='ltr'>exigens</span> <span class='ocrx_word' id='word_1_107' title='bbox 317 808 431 858; x_wconf 92' lang='lat' dir='ltr'>quod</span> <span class='ocrx_word' id='word_1_108' title='bbox 462 808 651 847; x_wconf 90' lang='lat' dir='ltr'>Christus</span> <span class='ocrx_word' id='word_1_109' title='bbox 680 821 766 846; x_wconf 92' lang='lat' dir='ltr'>non</span> <span class='ocrx_word' id='word_1_110' title='bbox 795 808 936 859; x_wconf 90' lang='lat' dir='ltr'>exegit</span> <span class='ocrx_word' id='word_1_111' title='bbox 964 807 1037 846; x_wconf 90' lang='lat' dir='ltr'>sed</span> <span class='ocrx_word' id='word_1_112' title='bbox 1067 809 1213 846; x_wconf 90' lang='lat' dir='ltr'>suasit.</span> <span class='ocrx_word' id='word_1_113' title='bbox 1272 808 1559 859; x_wconf 87' lang='lat' dir='ltr'>Hieronymus</span> <span class='ocrx_word' id='word_1_114' title='bbox 1587 811 1712 846; x_wconf 87' lang='lat' dir='ltr'>tanto</span> 
     </span>
     <span class='ocr_line' id='line_1_14' title="bbox 118 862 1712 913; baseline 0 -13"><span class='ocrx_word' id='word_1_115' title='bbox 118 862 266 901; x_wconf 89' lang='lat' dir='ltr'>ardore</span> <span class='ocrx_word' id='word_1_116' title='bbox 304 866 468 913; x_wconf 81' lang='lat' dir='ltr'>pugnat</span> <span class='ocrx_word' id='word_1_117' title='bbox 507 862 709 901; x_wconf 89' lang='lat' dir='ltr'>aduersus</span> <span class='ocrx_word' id='word_1_118' title='bbox 748 875 819 901; x_wconf 93' lang='lat' dir='ltr'>eos</span> <span class='ocrx_word' id='word_1_119' title='bbox 857 863 930 912; x_wconf 92' lang='lat' dir='ltr'>qui</span> <span class='ocrx_word' id='word_1_120' title='bbox 969 863 1289 901; x_wconf 83' lang='lat' dir='ltr'>matrimonium</span> <span class='ocrx_word' id='word_1_121' title='bbox 1328 862 1574 909; x_wconf 80' lang='lat' dir='ltr'>efferebant,</span> <span class='ocrx_word' id='word_1_122' title='bbox 1616 874 1712 900; x_wconf 90' lang='lat' dir='ltr'>cum</span> 
     </span>
     <span class='ocr_line' id='line_1_15' title="bbox 116 915 1713 967; baseline -0.001 -13"><span class='ocrx_word' id='word_1_123' title='bbox 116 916 270 955; x_wconf 88' lang='lat' dir='ltr'>iniuria</span> <span class='ocrx_word' id='word_1_124' title='bbox 292 917 561 967; x_wconf 85' lang='lat' dir='ltr'>virginitatis,</span> <span class='ocrx_word' id='word_1_125' title='bbox 586 921 635 955; x_wconf 84' lang='lat' dir='ltr'>vt</span> <span class='ocrx_word' id='word_1_126' title='bbox 656 917 745 967; x_wconf 89' lang='lat' dir='ltr'>ipse</span> <span class='ocrx_word' id='word_1_127' title='bbox 769 916 848 955; x_wconf 91' lang='lat' dir='ltr'>sub</span> <span class='ocrx_word' id='word_1_128' title='bbox 877 917 1024 967; x_wconf 87' lang='lat' dir='ltr'>iniquo</span> <span class='ocrx_word' id='word_1_129' title='bbox 1047 916 1183 955; x_wconf 87' lang='lat' dir='ltr'>iudice</span> <span class='ocrx_word' id='word_1_130' title='bbox 1206 917 1279 955; x_wconf 82' lang='lat' dir='ltr'>vix</span> <span class='ocrx_word' id='word_1_131' title='bbox 1302 917 1438 967; x_wconf 84' lang='lat' dir='ltr'>possit</span> <span class='ocrx_word' id='word_1_132' title='bbox 1458 929 1580 955; x_wconf 86' lang='lat' dir='ltr'>suam</span> <span class='ocrx_word' id='word_1_133' title='bbox 1602 915 1713 954; x_wconf 90' lang='lat' dir='ltr'>tueri</span> 
     </span>
     <span class='ocr_line' id='line_1_16' title="bbox 117 970 1711 1022; baseline -0.001 -13"><span class='ocrx_word' id='word_1_134' title='bbox 117 983 302 1018; x_wconf 88' lang='lat' dir='ltr'>causam,</span> <span class='ocrx_word' id='word_1_135' title='bbox 327 972 362 1009; x_wconf 93' lang='lat' dir='ltr'>si</span> <span class='ocrx_word' id='word_1_136' title='bbox 384 984 479 1010; x_wconf 91' lang='lat' dir='ltr'>reus</span> <span class='ocrx_word' id='word_1_137' title='bbox 498 970 575 1009; x_wconf 91' lang='lat' dir='ltr'>fiat</span> <span class='ocrx_word' id='word_1_138' title='bbox 594 984 745 1022; x_wconf 90' lang='lat' dir='ltr'>parum</span> <span class='ocrx_word' id='word_1_139' title='bbox 764 975 1004 1010; x_wconf 89' lang='lat' dir='ltr'>reuerenter</span> <span class='ocrx_word' id='word_1_140' title='bbox 1022 971 1199 1010; x_wconf 87' lang='lat' dir='ltr'>tractati</span> <span class='ocrx_word' id='word_1_141' title='bbox 1218 972 1400 1022; x_wconf 88' lang='lat' dir='ltr'>coniugii</span> <span class='ocrx_word' id='word_1_142' title='bbox 1420 984 1469 1010; x_wconf 89' lang='lat' dir='ltr'>ac</span> <span class='ocrx_word' id='word_1_143' title='bbox 1488 971 1711 1022; x_wconf 88' lang='lat' dir='ltr'>digamiae.</span> 
     </span>
     <span class='ocr_line' id='line_1_17' title="bbox 117 1024 1796 1076; baseline 0.001 -14"><span class='ocrx_word' id='word_1_144' title='bbox 117 1024 359 1072; x_wconf 87' lang='lat' dir='ltr'>Montanus,</span> <span class='ocrx_word' id='word_1_145' title='bbox 399 1025 503 1064; x_wconf 89' lang='lat' dir='ltr'>dum</span> <span class='ocrx_word' id='word_1_146' title='bbox 541 1025 759 1064; x_wconf 88' lang='lat' dir='ltr'>ardentius</span> <span class='ocrx_word' id='word_1_147' title='bbox 797 1029 1018 1076; x_wconf 82' lang='lat' dir='ltr'>oppugnat</span> <span class='ocrx_word' id='word_1_148' title='bbox 1055 1025 1148 1064; x_wconf 89' lang='lat' dir='ltr'>illos</span> <span class='ocrx_word' id='word_1_149' title='bbox 1186 1027 1259 1076; x_wconf 88' lang='lat' dir='ltr'>qui</span> <span class='ocrx_word' id='word_1_150' title='bbox 1297 1026 1455 1076; x_wconf 90' lang='lat' dir='ltr'>passim</span> <span class='ocrx_word' id='word_1_151' title='bbox 1493 1025 1632 1076; x_wconf 80' lang='lat' dir='ltr'>dignis</span> <span class='ocrx_word' id='word_1_152' title='bbox 1668 1028 1712 1063; x_wconf 90' lang='lat' dir='ltr'>et</span> <span class='ocrx_word' id='word_1_153' title='bbox 1730 1033 1796 1072; x_wconf 86' lang='lat'>480</span> 
     </span>
     <span class='ocr_line' id='line_1_18' title="bbox 116 1079 1712 1131; baseline 0 -14"><span class='ocrx_word' id='word_1_154' title='bbox 116 1079 298 1130; x_wconf 80' lang='lat' dir='ltr'>indignis</span> <span class='ocrx_word' id='word_1_155' title='bbox 336 1079 583 1131; x_wconf 88' lang='lat' dir='ltr'>aperiebant</span> <span class='ocrx_word' id='word_1_156' title='bbox 620 1079 831 1118; x_wconf 86' lang='lat' dir='ltr'>Ecclesiae</span> <span class='ocrx_word' id='word_1_157' title='bbox 867 1079 990 1126; x_wconf 83' lang='lat' dir='ltr'>fores,</span> <span class='ocrx_word' id='word_1_158' title='bbox 1030 1079 1124 1131; x_wconf 90' lang='lat' dir='ltr'>plus</span> <span class='ocrx_word' id='word_1_159' title='bbox 1162 1080 1265 1118; x_wconf 89' lang='lat' dir='ltr'>satis</span> <span class='ocrx_word' id='word_1_160' title='bbox 1301 1080 1449 1118; x_wconf 87' lang='lat' dir='ltr'>laxata</span> <span class='ocrx_word' id='word_1_161' title='bbox 1485 1080 1712 1118; x_wconf 88' lang='lat' dir='ltr'>seueritate</span> 
     </span>
     <span class='ocr_line' id='line_1_19' title="bbox 117 1133 1712 1184; baseline -0.001 -12"><span class='ocrx_word' id='word_1_162' title='bbox 117 1133 362 1184; x_wconf 87' lang='lat' dir='ltr'>disciplinae</span> <span class='ocrx_word' id='word_1_163' title='bbox 401 1134 734 1179; x_wconf 87' lang='lat' dir='ltr'>Ecclesiasticae,</span> <span class='ocrx_word' id='word_1_164' title='bbox 772 1135 818 1172; x_wconf 91' lang='lat' dir='ltr'>in</span> <span class='ocrx_word' id='word_1_165' title='bbox 864 1133 1079 1172; x_wconf 90' lang='lat' dir='ltr'>diuersum</span> <span class='ocrx_word' id='word_1_166' title='bbox 1125 1134 1276 1173; x_wconf 89' lang='lat' dir='ltr'>incidit</span> <span class='ocrx_word' id='word_1_167' title='bbox 1322 1134 1495 1174; x_wconf 90' lang='lat' dir='ltr'>malum.</span> <span class='ocrx_word' id='word_1_168' title='bbox 1575 1133 1712 1172; x_wconf 90' lang='lat' dir='ltr'>Diuus</span> 
     </span>
     <span class='ocr_line' id='line_1_20' title="bbox 117 1187 1712 1239; baseline 0.001 -13"><span class='ocrx_word' id='word_1_169' title='bbox 117 1187 379 1239; x_wconf 82' lang='lat' dir='ltr'>Augustinus</span> <span class='ocrx_word' id='word_1_170' title='bbox 402 1188 605 1227; x_wconf 87' lang='lat' dir='ltr'>aduersus</span> <span class='ocrx_word' id='word_1_171' title='bbox 627 1188 844 1239; x_wconf 85' lang='lat' dir='ltr'>Pelagium</span> <span class='ocrx_word' id='word_1_172' title='bbox 867 1191 962 1227; x_wconf 85' lang='lat' dir='ltr'>toto</span> <span class='ocrx_word' id='word_1_173' title='bbox 985 1188 1127 1227; x_wconf 90' lang='lat' dir='ltr'>studio</span> <span class='ocrx_word' id='word_1_174' title='bbox 1151 1188 1369 1235; x_wconf 75' lang='lat' dir='ltr'>dimicans,</span> <span class='ocrx_word' id='word_1_175' title='bbox 1395 1188 1550 1227; x_wconf 90' lang='lat' dir='ltr'>alicubi</span> <span class='ocrx_word' id='word_1_176' title='bbox 1572 1188 1712 1226; x_wconf 77' lang='lat' dir='ltr'>minus</span> 
     </span>
     <span class='ocr_line' id='line_1_21' title="bbox 116 1241 1713 1294; baseline 0 -14"><span class='ocrx_word' id='word_1_177' title='bbox 116 1242 268 1280; x_wconf 85' lang='lat' dir='ltr'>tribuit</span> <span class='ocrx_word' id='word_1_178' title='bbox 288 1242 419 1281; x_wconf 93' lang='lat' dir='ltr'>libero</span> <span class='ocrx_word' id='word_1_179' title='bbox 442 1242 617 1281; x_wconf 90' lang='lat' dir='ltr'>arbitrio</span> <span class='ocrx_word' id='word_1_180' title='bbox 639 1255 769 1293; x_wconf 88' lang='lat' dir='ltr'>quam</span> <span class='ocrx_word' id='word_1_181' title='bbox 790 1242 1065 1281; x_wconf 89' lang='lat' dir='ltr'>tribuendum</span> <span class='ocrx_word' id='word_1_182' title='bbox 1087 1246 1246 1294; x_wconf 89' lang='lat' dir='ltr'>putant</span> <span class='ocrx_word' id='word_1_183' title='bbox 1266 1244 1340 1294; x_wconf 88' lang='lat' dir='ltr'>qui</span> <span class='ocrx_word' id='word_1_184' title='bbox 1360 1256 1474 1282; x_wconf 92' lang='lat' dir='ltr'>nunc</span> <span class='ocrx_word' id='word_1_185' title='bbox 1494 1243 1539 1282; x_wconf 91' lang='lat' dir='ltr'>in</span> <span class='ocrx_word' id='word_1_186' title='bbox 1560 1241 1713 1282; x_wconf 86' lang='lat' dir='ltr'>scholis</span> 
     </span>
     <span class='ocr_line' id='line_1_22' title="bbox 115 1296 1794 1347; baseline 0.001 -13"><span class='ocrx_word' id='word_1_187' title='bbox 115 1300 295 1346; x_wconf 84' lang='lat' dir='ltr'>regnant</span> <span class='ocrx_word' id='word_1_188' title='bbox 317 1296 575 1347; x_wconf 89' lang='lat' dir='ltr'>theologicis.</span> <span class='ocrx_word' id='word_1_189' title='bbox 1729 1304 1794 1345; x_wconf 88' lang='grc'>485</span> 
     </span>
    </p>

    <p class='ocr_par' dir='ltr' id='par_1_4' title="bbox 115 1350 1797 1728">
     <span class='ocr_line' id='line_1_23' title="bbox 170 1350 1712 1402; baseline -0.001 -13"><span class='ocrx_word' id='word_1_190' title='bbox 170 1350 341 1389; x_wconf 88' lang='lat' dir='ltr'>Possem</span> <span class='ocrx_word' id='word_1_191' title='bbox 376 1350 500 1389; x_wconf 88' lang='lat' dir='ltr'>huius</span> <span class='ocrx_word' id='word_1_192' title='bbox 534 1351 695 1402; x_wconf 89' lang='lat' dir='ltr'>generis</span> <span class='ocrx_word' id='word_1_193' title='bbox 729 1350 923 1402; x_wconf 89' lang='lat' dir='ltr'>exempla</span> <span class='ocrx_word' id='word_1_194' title='bbox 956 1350 1169 1401; x_wconf 89' lang='lat' dir='ltr'>permulta</span> <span class='ocrx_word' id='word_1_195' title='bbox 1203 1364 1546 1397; x_wconf 88' lang='lat' dir='ltr'>commemorare,</span> <span class='ocrx_word' id='word_1_196' title='bbox 1581 1350 1712 1389; x_wconf 88' lang='lat' dir='ltr'>etiam</span> 
     </span>
     <span class='ocr_line' id='line_1_24' title="bbox 115 1404 1710 1456; baseline 0.001 -13"><span class='ocrx_word' id='word_1_197' title='bbox 115 1417 168 1443; x_wconf 86' lang='lat' dir='ltr'>ex</span> <span class='ocrx_word' id='word_1_198' title='bbox 187 1405 490 1444; x_wconf 89' lang='lat' dir='ltr'>recentioribus</span> <span class='ocrx_word' id='word_1_199' title='bbox 509 1418 518 1451; x_wconf 89' lang='lat'>;</span> <span class='ocrx_word' id='word_1_200' title='bbox 555 1404 629 1443; x_wconf 90' lang='lat' dir='ltr'>sed</span> <span class='ocrx_word' id='word_1_201' title='bbox 649 1408 852 1455; x_wconf 87' lang='lat' dir='ltr'>praestat,</span> <span class='ocrx_word' id='word_1_202' title='bbox 875 1405 1036 1456; x_wconf 88' lang='lat' dir='ltr'>opinor,</span> <span class='ocrx_word' id='word_1_203' title='bbox 1058 1405 1102 1444; x_wconf 91' lang='lat' dir='ltr'>in</span> <span class='ocrx_word' id='word_1_204' title='bbox 1122 1418 1165 1444; x_wconf 92' lang='lat' dir='ltr'>re</span> <span class='ocrx_word' id='word_1_205' title='bbox 1187 1405 1333 1444; x_wconf 88' lang='lat' dir='ltr'>odiosa</span> <span class='ocrx_word' id='word_1_206' title='bbox 1351 1418 1438 1444; x_wconf 90' lang='lat' dir='ltr'>non</span> <span class='ocrx_word' id='word_1_207' title='bbox 1457 1418 1546 1444; x_wconf 86' lang='lat' dir='ltr'>esse</span> <span class='ocrx_word' id='word_1_208' title='bbox 1566 1404 1710 1443; x_wconf 84' lang='lat' dir='ltr'>admo·</span> 
     </span>
     <span class='ocr_line' id='line_1_25' title="bbox 116 1458 1710 1510; baseline 0.001 -13"><span class='ocrx_word' id='word_1_209' title='bbox 116 1458 218 1497; x_wconf 90' lang='lat' dir='ltr'>dum</span> <span class='ocrx_word' id='word_1_210' title='bbox 241 1460 470 1510; x_wconf 88' lang='lat' dir='ltr'>copiosum.</span> <span class='ocrx_word' id='word_1_211' title='bbox 528 1459 592 1497; x_wconf 92' lang='lat' dir='ltr'>De</span> <span class='ocrx_word' id='word_1_212' title='bbox 614 1459 777 1498; x_wconf 87' lang='lat' dir='ltr'>Hilario</span> <span class='ocrx_word' id='word_1_213' title='bbox 798 1472 911 1498; x_wconf 91' lang='lat' dir='ltr'>nunc</span> <span class='ocrx_word' id='word_1_214' title='bbox 932 1460 1108 1510; x_wconf 88' lang='lat' dir='ltr'>agimus,</span> <span class='ocrx_word' id='word_1_215' title='bbox 1132 1460 1206 1510; x_wconf 89' lang='lat' dir='ltr'>qui</span> <span class='ocrx_word' id='word_1_216' title='bbox 1226 1463 1321 1498; x_wconf 91' lang='lat' dir='ltr'>tum</span> <span class='ocrx_word' id='word_1_217' title='bbox 1344 1459 1398 1498; x_wconf 93' lang='lat' dir='ltr'>ob</span> <span class='ocrx_word' id='word_1_218' title='bbox 1419 1460 1535 1498; x_wconf 87' lang='lat' dir='ltr'>vitae</span> <span class='ocrx_word' id='word_1_219' title='bbox 1557 1459 1710 1498; x_wconf 88' lang='lat' dir='ltr'>sancti-</span> 
     </span>
     <span class='ocr_line' id='line_1_26' title="bbox 116 1513 1711 1565; baseline -0.001 -13"><span class='ocrx_word' id='word_1_220' title='bbox 116 1514 314 1560; x_wconf 86' lang='lat' dir='ltr'>moniam,</span> <span class='ocrx_word' id='word_1_221' title='bbox 360 1517 455 1552; x_wconf 90' lang='lat' dir='ltr'>tum</span> <span class='ocrx_word' id='word_1_222' title='bbox 499 1513 553 1552; x_wconf 94' lang='lat' dir='ltr'>ob</span> <span class='ocrx_word' id='word_1_223' title='bbox 596 1514 803 1564; x_wconf 90' lang='lat' dir='ltr'>insignem</span> <span class='ocrx_word' id='word_1_224' title='bbox 847 1513 1140 1560; x_wconf 85' lang='lat' dir='ltr'>eruditionem,</span> <span class='ocrx_word' id='word_1_225' title='bbox 1187 1518 1281 1552; x_wconf 89' lang='lat' dir='ltr'>tum</span> <span class='ocrx_word' id='word_1_226' title='bbox 1325 1514 1380 1552; x_wconf 93' lang='lat' dir='ltr'>ob</span> <span class='ocrx_word' id='word_1_227' title='bbox 1423 1513 1711 1565; x_wconf 89' lang='lat' dir='ltr'>eloquentiam</span> 
     </span>
     <span class='ocr_line' id='line_1_27' title="bbox 116 1567 1797 1616; baseline 0 -10"><span class='ocrx_word' id='word_1_228' title='bbox 116 1567 408 1606; x_wconf 88' lang='lat' dir='ltr'>admirabilem</span> <span class='ocrx_word' id='word_1_229' title='bbox 448 1569 542 1606; x_wconf 90' lang='lat' dir='ltr'>aeui</span> <span class='ocrx_word' id='word_1_230' title='bbox 581 1569 645 1607; x_wconf 89' lang='lat' dir='ltr'>sui</span> <span class='ocrx_word' id='word_1_231' title='bbox 684 1568 828 1607; x_wconf 91' lang='lat' dir='ltr'>lumen</span> <span class='ocrx_word' id='word_1_232' title='bbox 865 1567 961 1607; x_wconf 83' lang='lat' dir='ltr'>fuit.</span> <span class='ocrx_word' id='word_1_233' title='bbox 1022 1568 1192 1615; x_wconf 77' lang='lat' dir='ltr'>Quanto</span> <span class='ocrx_word' id='word_1_234' title='bbox 1232 1568 1453 1608; x_wconf 88' lang='lat' dir='ltr'>stomacho</span> <span class='ocrx_word' id='word_1_235' title='bbox 1492 1569 1630 1607; x_wconf 87' lang='lat' dir='ltr'>saeuit</span> <span class='ocrx_word' id='word_1_236' title='bbox 1667 1568 1797 1616; x_wconf 87' lang='lat' dir='ltr'>in490</span> 
     </span>
     <span class='ocr_line' id='line_1_28' title="bbox 115 1621 1710 1674; baseline 0 -13"><span class='ocrx_word' id='word_1_237' title='bbox 115 1621 306 1669; x_wconf 88' lang='lat' dir='ltr'>Arianos,</span> <span class='ocrx_word' id='word_1_238' title='bbox 336 1622 569 1661; x_wconf 89' lang='lat' dir='ltr'>identidem</span> <span class='ocrx_word' id='word_1_239' title='bbox 597 1623 762 1673; x_wconf 86' lang='lat' dir='ltr'>impios,</span> <span class='ocrx_word' id='word_1_240' title='bbox 784 1622 988 1669; x_wconf 90' lang='lat' dir='ltr'>diabolos,</span> <span class='ocrx_word' id='word_1_241' title='bbox 1019 1622 1300 1674; x_wconf 79' lang='lat' dir='ltr'>blasphemOS,</span> <span class='ocrx_word' id='word_1_242' title='bbox 1333 1622 1527 1670; x_wconf 82' lang='lat' dir='ltr'>Satanas,</span> <span class='ocrx_word' id='word_1_243' title='bbox 1557 1626 1710 1674; x_wconf 86' lang='lat' dir='ltr'>pestes,</span> 
     </span>
     <span class='ocr_line' id='line_1_29' title="bbox 116 1676 1710 1728; baseline 0 -13"><span class='ocrx_word' id='word_1_244' title='bbox 116 1676 399 1716; x_wconf 88' lang='lat' dir='ltr'>Antichristos</span> <span class='ocrx_word' id='word_1_245' title='bbox 421 1690 491 1716; x_wconf 91' lang='lat' dir='ltr'>eos</span> <span class='ocrx_word' id='word_1_246' title='bbox 513 1677 731 1728; x_wconf 89' lang='lat' dir='ltr'>appellans</span> <span class='ocrx_word' id='word_1_247' title='bbox 751 1677 758 1715; x_wconf 79' lang='lat'>1</span> <span class='ocrx_word' id='word_1_248' title='bbox 796 1677 882 1715; x_wconf 90' lang='lat' dir='ltr'>iam</span> <span class='ocrx_word' id='word_1_249' title='bbox 904 1678 1017 1716; x_wconf 89' lang='lat' dir='ltr'>enim</span> <span class='ocrx_word' id='word_1_250' title='bbox 1037 1677 1129 1716; x_wconf 88' lang='lat' dir='ltr'>leue</span> <span class='ocrx_word' id='word_1_251' title='bbox 1151 1681 1216 1716; x_wconf 84' lang='lat' dir='ltr'>est</span> <span class='ocrx_word' id='word_1_252' title='bbox 1234 1677 1435 1716; x_wconf 88' lang='lat' dir='ltr'>haeretici</span> <span class='ocrx_word' id='word_1_253' title='bbox 1464 1689 1710 1728; x_wconf 90' lang='lat' dir='ltr'>cognomen.</span> 
     </span>
    </p>

    <p class='ocr_par' dir='ltr' id='par_1_5' title="bbox 116 1730 1712 1837">
     <span class='ocr_line' id='line_1_30' title="bbox 117 1730 1712 1782; baseline 0 -13"><span class='ocrx_word' id='word_1_254' title='bbox 117 1730 175 1769; x_wconf 92' lang='lat' dir='ltr'>Et</span> <span class='ocrx_word' id='word_1_255' title='bbox 211 1735 357 1770; x_wconf 87' lang='lat' dir='ltr'>tamen</span> <span class='ocrx_word' id='word_1_256' title='bbox 394 1731 612 1782; x_wconf 88' lang='lat' dir='ltr'>probabile</span> <span class='ocrx_word' id='word_1_257' title='bbox 650 1735 715 1770; x_wconf 90' lang='lat' dir='ltr'>est</span> <span class='ocrx_word' id='word_1_258' title='bbox 751 1732 863 1770; x_wconf 88' lang='lat' dir='ltr'>inter</span> <span class='ocrx_word' id='word_1_259' title='bbox 900 1731 1082 1770; x_wconf 88' lang='lat' dir='ltr'>Arianae</span> <span class='ocrx_word' id='word_1_260' title='bbox 1119 1731 1317 1771; x_wconf 76' lang='lat' dir='ltr'>factionis</span> <span class='ocrx_word' id='word_1_261' title='bbox 1355 1732 1546 1771; x_wconf 90' lang='lat' dir='ltr'>homines</span> <span class='ocrx_word' id='word_1_262' title='bbox 1583 1730 1712 1770; x_wconf 83' lang='lat' dir='ltr'>fuisse</span> 
     </span>
     <span class='ocr_line' id='line_1_31' title="bbox 116 1785 1711 1837; baseline -0.001 -13"><span class='ocrx_word' id='word_1_263' title='bbox 116 1785 270 1835; x_wconf 90' lang='lat' dir='ltr'>quibus</span> <span class='ocrx_word' id='word_1_264' title='bbox 293 1799 539 1837; x_wconf 88' lang='lat' dir='ltr'>persuasum</span> <span class='ocrx_word' id='word_1_265' title='bbox 564 1790 686 1832; x_wconf 88' lang='lat' dir='ltr'>esset,</span> <span class='ocrx_word' id='word_1_266' title='bbox 711 1785 790 1824; x_wconf 97' lang='grc'>1100</span> <span class='ocrx_word' id='word_1_267' title='bbox 815 1785 931 1836; x_wconf 89' lang='lat' dir='ltr'>quod</span> <span class='ocrx_word' id='word_1_268' title='bbox 953 1785 1006 1824; x_wconf 90' lang='lat' dir='ltr'>de</span> <span class='ocrx_word' id='word_1_269' title='bbox 1030 1785 1196 1825; x_wconf 89' lang='lat' dir='ltr'>Christo</span> <span class='ocrx_word' id='word_1_270' title='bbox 1219 1786 1539 1837; x_wconf 87' lang='lat' dir='ltr'>praedicabant,</span> <span class='ocrx_word' id='word_1_271' title='bbox 1563 1797 1711 1824; x_wconf 84' lang='lat' dir='ltr'>verum</span> 
     </span>
    </p>

    <p class='ocr_par' dir='ltr' id='par_1_6' title="bbox 114 1839 1797 2218">
     <span class='ocr_line' id='line_1_32' title="bbox 116 1839 1795 1891; baseline 0.001 -14"><span class='ocrx_word' id='word_1_272' title='bbox 116 1853 165 1878; x_wconf 91' lang='lat' dir='ltr'>ac</span> <span class='ocrx_word' id='word_1_273' title='bbox 206 1841 324 1890; x_wconf 90' lang='lat' dir='ltr'>pium</span> <span class='ocrx_word' id='word_1_274' title='bbox 365 1853 467 1879; x_wconf 88' lang='lat' dir='ltr'>esse.</span> <span class='ocrx_word' id='word_1_275' title='bbox 525 1840 693 1890; x_wconf 89' lang='lat' dir='ltr'>Dogma</span> <span class='ocrx_word' id='word_1_276' title='bbox 733 1841 897 1891; x_wconf 90' lang='lat' dir='ltr'>magnis</span> <span class='ocrx_word' id='word_1_277' title='bbox 938 1853 987 1878; x_wconf 92' lang='lat' dir='ltr'>ac</span> <span class='ocrx_word' id='word_1_278' title='bbox 1029 1840 1175 1879; x_wconf 89' lang='lat' dir='ltr'>multis</span> <span class='ocrx_word' id='word_1_279' title='bbox 1216 1840 1438 1879; x_wconf 89' lang='lat' dir='ltr'>autoribus</span> <span class='ocrx_word' id='word_1_280' title='bbox 1478 1839 1710 1879; x_wconf 86' lang='lat' dir='ltr'>nitebatur.</span> <span class='ocrx_word' id='word_1_281' title='bbox 1730 1854 1795 1888; x_wconf 83' lang='lat'>495</span> 
     </span>
     <span class='ocr_line' id='line_1_33' title="bbox 115 1893 1712 1946; baseline -0.001 -13"><span class='ocrx_word' id='word_1_282' title='bbox 115 1893 468 1946; x_wconf 83' lang='lat' dir='ltr'>Suffragabantur</span> <span class='ocrx_word' id='word_1_283' title='bbox 500 1895 544 1933; x_wconf 92' lang='lat' dir='ltr'>in</span> <span class='ocrx_word' id='word_1_284' title='bbox 577 1895 758 1945; x_wconf 88' lang='lat' dir='ltr'>speciem</span> <span class='ocrx_word' id='word_1_285' title='bbox 792 1894 956 1945; x_wconf 89' lang='lat' dir='ltr'>aliquot</span> <span class='ocrx_word' id='word_1_286' title='bbox 987 1893 1080 1933; x_wconf 90' lang='lat' dir='ltr'>loca</span> <span class='ocrx_word' id='word_1_287' title='bbox 1113 1894 1354 1945; x_wconf 85' lang='lat' dir='ltr'>Scripturae</span> <span class='ocrx_word' id='word_1_288' title='bbox 1387 1894 1586 1941; x_wconf 78' lang='lat' dir='ltr'>diuinae3</span> <span class='ocrx_word' id='word_1_289' title='bbox 1635 1906 1712 1932; x_wconf 89' lang='lat' dir='ltr'>nec</span> 
     </span>
     <span class='ocr_line' id='line_1_34' title="bbox 115 1948 1711 2000; baseline 0 -14"><span class='ocrx_word' id='word_1_290' title='bbox 115 1948 291 1987; x_wconf 88' lang='lat' dir='ltr'>deerant</span> <span class='ocrx_word' id='word_1_291' title='bbox 326 1949 512 1987; x_wconf 89' lang='lat' dir='ltr'>rationes</span> <span class='ocrx_word' id='word_1_292' title='bbox 548 1961 658 1999; x_wconf 89' lang='lat' dir='ltr'>quae</span> <span class='ocrx_word' id='word_1_293' title='bbox 694 1948 942 1987; x_wconf 89' lang='lat' dir='ltr'>nonnullam</span> <span class='ocrx_word' id='word_1_294' title='bbox 979 1949 1067 1987; x_wconf 87' lang='lat' dir='ltr'>veri</span> <span class='ocrx_word' id='word_1_295' title='bbox 1104 1950 1285 2000; x_wconf 87' lang='lat' dir='ltr'>speciem</span> <span class='ocrx_word' id='word_1_296' title='bbox 1322 1962 1423 2000; x_wconf 87' lang='lat' dir='ltr'>prae</span> <span class='ocrx_word' id='word_1_297' title='bbox 1460 1962 1502 1987; x_wconf 90' lang='lat' dir='ltr'>se</span> <span class='ocrx_word' id='word_1_298' title='bbox 1538 1948 1711 1987; x_wconf 76' lang='lat' dir='ltr'>ferrent.</span> 
     </span>
     <span class='ocr_line' id='line_1_35' title="bbox 115 2002 1711 2055; baseline 0 -15"><span class='ocrx_word' id='word_1_299' title='bbox 115 2002 303 2041; x_wconf 88' lang='lat' dir='ltr'>Accessit</span> <span class='ocrx_word' id='word_1_300' title='bbox 328 2002 516 2042; x_wconf 87' lang='lat' dir='ltr'>Caesaris</span> <span class='ocrx_word' id='word_1_301' title='bbox 541 2003 762 2049; x_wconf 89' lang='lat' dir='ltr'>autoritas,</span> <span class='ocrx_word' id='word_1_302' title='bbox 790 2007 834 2041; x_wconf 91' lang='lat' dir='ltr'>et</span> <span class='ocrx_word' id='word_1_303' title='bbox 858 2006 1025 2054; x_wconf 89' lang='lat' dir='ltr'>praeter</span> <span class='ocrx_word' id='word_1_304' title='bbox 1050 2003 1159 2042; x_wconf 92' lang='lat' dir='ltr'>hanc</span> <span class='ocrx_word' id='word_1_305' title='bbox 1184 2004 1331 2055; x_wconf 90' lang='lat' dir='ltr'>ingens</span> <span class='ocrx_word' id='word_1_306' title='bbox 1356 2003 1711 2042; x_wconf 87' lang='lat' dir='ltr'>subscribentium</span> 
     </span>
     <span class='ocr_line' id='line_1_36' title="bbox 116 2056 1712 2109; baseline 0 -14"><span class='ocrx_word' id='word_1_307' title='bbox 116 2069 343 2103; x_wconf 90' lang='lat' dir='ltr'>numerus;</span> <span class='ocrx_word' id='word_1_308' title='bbox 387 2058 454 2096; x_wconf 89' lang='lat' dir='ltr'>cui</span> <span class='ocrx_word' id='word_1_309' title='bbox 480 2058 632 2096; x_wconf 89' lang='lat' dir='ltr'>merito</span> <span class='ocrx_word' id='word_1_310' title='bbox 657 2056 807 2096; x_wconf 81' lang='lat' dir='ltr'>fuisset</span> <span class='ocrx_word' id='word_1_311' title='bbox 834 2057 1133 2104; x_wconf 90' lang='lat' dir='ltr'>accedendum,</span> <span class='ocrx_word' id='word_1_312' title='bbox 1166 2058 1200 2096; x_wconf 89' lang='lat' dir='ltr'>si</span> <span class='ocrx_word' id='word_1_313' title='bbox 1234 2070 1398 2109; x_wconf 91' lang='lat' dir='ltr'>semper</span> <span class='ocrx_word' id='word_1_314' title='bbox 1431 2057 1577 2097; x_wconf 88' lang='lat' dir='ltr'>melior</span> <span class='ocrx_word' id='word_1_315' title='bbox 1614 2070 1712 2108; x_wconf 89' lang='lat' dir='ltr'>pars</span> 
     </span>
     <span class='ocr_line' id='line_1_37' title="bbox 115 2111 1797 2163; baseline 0 -14"><span class='ocrx_word' id='word_1_316' title='bbox 115 2115 226 2150; x_wconf 89' lang='lat' dir='ltr'>esset</span> <span class='ocrx_word' id='word_1_317' title='bbox 247 2124 356 2162; x_wconf 90' lang='lat' dir='ltr'>quae</span> <span class='ocrx_word' id='word_1_318' title='bbox 378 2112 524 2151; x_wconf 88' lang='lat' dir='ltr'>maior.</span> <span class='ocrx_word' id='word_1_319' title='bbox 582 2111 802 2151; x_wconf 90' lang='lat' dir='ltr'>Postremo</span> <span class='ocrx_word' id='word_1_320' title='bbox 825 2116 1039 2150; x_wconf 88' lang='lat' dir='ltr'>certamen</span> <span class='ocrx_word' id='word_1_321' title='bbox 1061 2116 1153 2151; x_wconf 88' lang='lat' dir='ltr'>erat</span> <span class='ocrx_word' id='word_1_322' title='bbox 1174 2111 1227 2151; x_wconf 93' lang='lat' dir='ltr'>de</span> <span class='ocrx_word' id='word_1_323' title='bbox 1248 2112 1374 2151; x_wconf 90' lang='lat' dir='ltr'>rebus</span> <span class='ocrx_word' id='word_1_324' title='bbox 1394 2112 1517 2163; x_wconf 88' lang='lat' dir='ltr'>longe</span> <span class='ocrx_word' id='word_1_325' title='bbox 1539 2111 1713 2151; x_wconf 89' lang='lat' dir='ltr'>semotis</span> <span class='ocrx_word' id='word_1_326' title='bbox 1734 2125 1797 2159; x_wconf 86' lang='lat'>500</span> 
     </span>
     <span class='ocr_line' id='line_1_38' title="bbox 114 2165 1712 2218; baseline 0 -14"><span class='ocrx_word' id='word_1_327' title='bbox 114 2165 169 2204; x_wconf 87' lang='lat' dir='ltr'>ab</span> <span class='ocrx_word' id='word_1_328' title='bbox 188 2165 364 2205; x_wconf 90' lang='lat' dir='ltr'>humani</span> <span class='ocrx_word' id='word_1_329' title='bbox 382 2167 538 2217; x_wconf 86' lang='lat' dir='ltr'>ingenii</span> <span class='ocrx_word' id='word_1_330' title='bbox 556 2170 700 2217; x_wconf 89' lang='lat' dir='ltr'>captu.</span> <span class='ocrx_word' id='word_1_331' title='bbox 756 2166 1016 2205; x_wconf 90' lang='lat' dir='ltr'>Monendum</span> <span class='ocrx_word' id='word_1_332' title='bbox 1035 2179 1085 2205; x_wconf 89' lang='lat' dir='ltr'>ac</span> <span class='ocrx_word' id='word_1_333' title='bbox 1104 2166 1343 2206; x_wconf 88' lang='lat' dir='ltr'>docendum</span> <span class='ocrx_word' id='word_1_334' title='bbox 1362 2180 1439 2218; x_wconf 86' lang='lat' dir='ltr'>ego</span> <span class='ocrx_word' id='word_1_335' title='bbox 1458 2167 1712 2206; x_wconf 88' lang='lat' dir='ltr'>censuissem</span> 
     </span>
    </p>

    <p class='ocr_par' dir='ltr' id='par_1_7' title="bbox 113 2220 1712 2314">
     <span class='ocr_line' id='line_1_39' title="bbox 113 2220 1712 2273; baseline 0.001 -15"><span class='ocrx_word' id='word_1_336' title='bbox 113 2220 148 2258; x_wconf 82' lang='lat' dir='ltr'>si</span> <span class='ocrx_word' id='word_1_337' title='bbox 164 2221 258 2270; x_wconf 87' lang='lat' dir='ltr'>quis</span> <span class='ocrx_word' id='word_1_338' title='bbox 274 2233 371 2259; x_wconf 90' lang='lat' dir='ltr'>cum</span> <span class='ocrx_word' id='word_1_339' title='bbox 382 2220 483 2259; x_wconf 90' lang='lat' dir='ltr'>Ario</span> <span class='ocrx_word' id='word_1_340' title='bbox 498 2221 696 2260; x_wconf 88' lang='lat' dir='ltr'>sensisset</span> <span class='ocrx_word' id='word_1_341' title='bbox 710 2233 719 2267; x_wconf 91' lang='lat'>;</span> <span class='ocrx_word' id='word_1_342' title='bbox 743 2233 830 2260; x_wconf 92' lang='lat' dir='ltr'>non</span> <span class='ocrx_word' id='word_1_343' title='bbox 845 2225 990 2260; x_wconf 91' lang='lat' dir='ltr'>autem</span> <span class='ocrx_word' id='word_1_344' title='bbox 1005 2222 1199 2272; x_wconf 88' lang='lat' dir='ltr'>protinus</span> <span class='ocrx_word' id='word_1_345' title='bbox 1215 2221 1493 2273; x_wconf 85' lang='lat' dir='ltr'>appellassem</span> <span class='ocrx_word' id='word_1_346' title='bbox 1505 2220 1712 2261; x_wconf 84' lang='lat' dir='ltr'>Satanam</span> 
     </span>
     <span class='ocr_line' id='line_1_40' title="bbox 116 2274 538 2314; baseline 0.005 -2"><span class='ocrx_word' id='word_1_347' title='bbox 116 2278 192 2313; x_wconf 89' lang='lat' dir='ltr'>aut</span> <span class='ocrx_word' id='word_1_348' title='bbox 213 2274 538 2314; x_wconf 90' lang='lat' dir='ltr'>Antichristum.</span> 
     </span>
    </p>

    <p class='ocr_par' dir='ltr' id='par_1_8' title="bbox 114 2328 1797 2920">
     <span class='ocr_line' id='line_1_41' title="bbox 169 2328 1710 2381; baseline 0 -14"><span class='ocrx_word' id='word_1_349' title='bbox 169 2328 340 2367; x_wconf 87' lang='lat' dir='ltr'>Etenim</span> <span class='ocrx_word' id='word_1_350' title='bbox 372 2330 406 2368; x_wconf 93' lang='lat' dir='ltr'>si</span> <span class='ocrx_word' id='word_1_351' title='bbox 437 2329 540 2368; x_wconf 91' lang='lat' dir='ltr'>haec</span> <span class='ocrx_word' id='word_1_352' title='bbox 571 2328 811 2381; x_wconf 87' lang='lat' dir='ltr'>torquenda</span> <span class='ocrx_word' id='word_1_353' title='bbox 841 2334 943 2368; x_wconf 92' lang='lat' dir='ltr'>sunt</span> <span class='ocrx_word' id='word_1_354' title='bbox 972 2330 1017 2368; x_wconf 92' lang='lat' dir='ltr'>in</span> <span class='ocrx_word' id='word_1_355' title='bbox 1047 2342 1145 2369; x_wconf 90' lang='lat' dir='ltr'>eum</span> <span class='ocrx_word' id='word_1_356' title='bbox 1175 2330 1367 2381; x_wconf 87' lang='lat' dir='ltr'>quisquis</span> <span class='ocrx_word' id='word_1_357' title='bbox 1398 2333 1511 2369; x_wconf 89' lang='lat' dir='ltr'>errat</span> <span class='ocrx_word' id='word_1_358' title='bbox 1542 2328 1710 2375; x_wconf 87' lang='lat' dir='ltr'>alicubi,</span> 
     </span>
     <span class='ocr_line' id='line_1_42' title="bbox 115 2382 1792 2436; baseline -0.001 -15"><span class='ocrx_word' id='word_1_359' title='bbox 115 2382 219 2433; x_wconf 89' lang='lat' dir='ltr'>quid</span> <span class='ocrx_word' id='word_1_360' title='bbox 249 2382 466 2431; x_wconf 81' lang='lat' dir='ltr'>faciemus,</span> <span class='ocrx_word' id='word_1_361' title='bbox 500 2388 668 2435; x_wconf 87' lang='lat' dir='ltr'>practer</span> <span class='ocrx_word' id='word_1_362' title='bbox 698 2388 767 2423; x_wconf 87' lang='lat' dir='ltr'>tot</span> <span class='ocrx_word' id='word_1_363' title='bbox 799 2385 984 2436; x_wconf 87' lang='lat' dir='ltr'>egregios</span> <span class='ocrx_word' id='word_1_364' title='bbox 1016 2384 1229 2423; x_wconf 85' lang='lat' dir='ltr'>Ecclesiae</span> <span class='ocrx_word' id='word_1_365' title='bbox 1261 2385 1468 2431; x_wconf 86' lang='lat' dir='ltr'>doctores,</span> <span class='ocrx_word' id='word_1_366' title='bbox 1501 2384 1582 2435; x_wconf 87' lang='lat' dir='ltr'>ipsi</span> <span class='ocrx_word' id='word_1_367' title='bbox 1614 2382 1711 2421; x_wconf 89' lang='lat' dir='ltr'>huic</span> <span class='ocrx_word' id='word_1_368' title='bbox 1732 2395 1792 2431; x_wconf 84' lang='lat'>505</span> 
     </span>
     <span class='ocr_line' id='line_1_43' title="bbox 115 2435 1713 2489; baseline 0 -14"><span class='ocrx_word' id='word_1_369' title='bbox 115 2436 291 2485; x_wconf 88' lang='lat' dir='ltr'>Hilario,</span> <span class='ocrx_word' id='word_1_370' title='bbox 325 2439 398 2489; x_wconf 91' lang='lat' dir='ltr'>qui</span> <span class='ocrx_word' id='word_1_371' title='bbox 430 2442 499 2477; x_wconf 89' lang='lat' dir='ltr'>tot</span> <span class='ocrx_word' id='word_1_372' title='bbox 528 2438 630 2478; x_wconf 91' lang='lat' dir='ltr'>locis</span> <span class='ocrx_word' id='word_1_373' title='bbox 662 2439 818 2478; x_wconf 88' lang='lat' dir='ltr'>sentire</span> <span class='ocrx_word' id='word_1_374' title='bbox 849 2438 1021 2477; x_wconf 86' lang='lat' dir='ltr'>videtur</span> <span class='ocrx_word' id='word_1_375' title='bbox 1051 2438 1219 2478; x_wconf 85' lang='lat' dir='ltr'>Christo</span> <span class='ocrx_word' id='word_1_376' title='bbox 1250 2438 1380 2477; x_wconf 76' lang='lat' dir='ltr'>fuisse</span> <span class='ocrx_word' id='word_1_377' title='bbox 1413 2450 1564 2489; x_wconf 90' lang='lat' dir='ltr'>corpus</span> <span class='ocrx_word' id='word_1_378' title='bbox 1596 2435 1713 2489; x_wconf 85' lang='lat' dir='ltr'>quod</span> 
     </span>
     <span class='ocr_line' id='line_1_44' title="bbox 114 2491 1712 2543; baseline -0.001 -13"><span class='ocrx_word' id='word_1_379' title='bbox 114 2491 269 2531; x_wconf 88' lang='lat' dir='ltr'>doloris</span> <span class='ocrx_word' id='word_1_380' title='bbox 293 2505 430 2543; x_wconf 84' lang='lat' dir='ltr'>capax</span> <span class='ocrx_word' id='word_1_381' title='bbox 457 2506 544 2532; x_wconf 88' lang='lat' dir='ltr'>non</span> <span class='ocrx_word' id='word_1_382' title='bbox 571 2497 704 2532; x_wconf 89' lang='lat' dir='ltr'>esset:</span> <span class='ocrx_word' id='word_1_383' title='bbox 750 2492 921 2540; x_wconf 83' lang='lat' dir='ltr'>famem,</span> <span class='ocrx_word' id='word_1_384' title='bbox 947 2493 1076 2540; x_wconf 90' lang='lat' dir='ltr'>sitim,</span> <span class='ocrx_word' id='word_1_385' title='bbox 1101 2493 1396 2532; x_wconf 87' lang='lat' dir='ltr'>lassitudinem</span> <span class='ocrx_word' id='word_1_386' title='bbox 1420 2492 1608 2543; x_wconf 84' lang='lat' dir='ltr'>aliasque</span> <span class='ocrx_word' id='word_1_387' title='bbox 1632 2491 1712 2529; x_wconf 91' lang='lat' dir='ltr'>hoc</span> 
     </span>
     <span class='ocr_line' id='line_1_45' title="bbox 116 2545 1711 2598; baseline -0.001 -14"><span class='ocrx_word' id='word_1_388' title='bbox 116 2558 247 2596; x_wconf 88' lang='lat' dir='ltr'>genus</span> <span class='ocrx_word' id='word_1_389' title='bbox 269 2546 513 2586; x_wconf 82' lang='lat' dir='ltr'>affectiones</span> <span class='ocrx_word' id='word_1_390' title='bbox 534 2560 621 2586; x_wconf 91' lang='lat' dir='ltr'>non</span> <span class='ocrx_word' id='word_1_391' title='bbox 640 2547 770 2586; x_wconf 85' lang='lat' dir='ltr'>fuisse</span> <span class='ocrx_word' id='word_1_392' title='bbox 791 2547 1038 2586; x_wconf 76' lang='lat' dir='ltr'>naturales·</span> <span class='ocrx_word' id='word_1_393' title='bbox 1028 2560 1073 2585; x_wconf 89' lang='grc'>111</span> <span class='ocrx_word' id='word_1_394' title='bbox 1094 2561 1144 2586; x_wconf 90' lang='lat' dir='ltr'>eo</span> <span class='ocrx_word' id='word_1_395' title='bbox 1166 2547 1240 2586; x_wconf 88' lang='lat' dir='ltr'>sed</span> <span class='ocrx_word' id='word_1_396' title='bbox 1262 2551 1504 2598; x_wconf 87' lang='lat' dir='ltr'>assumptas</span> <span class='ocrx_word' id='word_1_397' title='bbox 1525 2551 1540 2583; x_wconf 70' lang='lat'>&#39;3</span> <span class='ocrx_word' id='word_1_398' title='bbox 1599 2545 1711 2584; x_wconf 88' lang='lat' dir='ltr'>Nam</span> 
     </span>
     <span class='ocr_line' id='line_1_46' title="bbox 116 2600 1712 2663; baseline 0 -24"><span class='ocrx_word' id='word_1_399' title='bbox 116 2600 195 2639; x_wconf 90' lang='lat' dir='ltr'>hoc</span> <span class='ocrx_word' id='word_1_400' title='bbox 215 2600 339 2651; x_wconf 88' lang='lat' dir='ltr'>plane</span> <span class='ocrx_word' id='word_1_401' title='bbox 359 2602 526 2652; x_wconf 85' lang='lat' dir='ltr'>scripsit</span> <span class='ocrx_word' id='word_1_402' title='bbox 545 2614 760 2653; x_wconf 83' lang='lat' dir='ltr'>exponens</span> <span class='ocrx_word' id='word_1_403' title='bbox 779 2601 997 2640; x_wconf 87' lang='lat' dir='ltr'>Psalmum</span> <span class='ocrx_word' id='word_1_404' title='bbox 1025 2602 1553 2663; x_wconf 84' lang='lat' dir='ltr'>sexagesimumoctauum,</span> <span class='ocrx_word' id='word_1_405' title='bbox 1574 2600 1648 2651; x_wconf 81' lang='lat' dir='ltr'>qui</span> <span class='ocrx_word' id='word_1_406' title='bbox 1667 2600 1712 2638; x_wconf 90' lang='lat' dir='ltr'>in</span> 
     </span>
     <span class='ocr_line' id='line_1_47' title="bbox 117 2654 1797 2707; baseline -0.001 -14"><span class='ocrx_word' id='word_1_407' title='bbox 117 2654 280 2705; x_wconf 88' lang='lat' dir='ltr'>synodo</span> <span class='ocrx_word' id='word_1_408' title='bbox 308 2657 563 2706; x_wconf 85' lang='lat' dir='ltr'>pronunciat</span> <span class='ocrx_word' id='word_1_409' title='bbox 591 2656 821 2694; x_wconf 84' lang='lat' dir='ltr'>anathema</span> <span class='ocrx_word' id='word_1_410' title='bbox 848 2657 893 2694; x_wconf 91' lang='lat' dir='ltr'>in</span> <span class='ocrx_word' id='word_1_411' title='bbox 920 2655 1039 2694; x_wconf 92' lang='lat' dir='ltr'>illum</span> <span class='ocrx_word' id='word_1_412' title='bbox 1069 2657 1142 2706; x_wconf 91' lang='lat' dir='ltr'>qui</span> <span class='ocrx_word' id='word_1_413' title='bbox 1170 2660 1345 2707; x_wconf 87' lang='lat' dir='ltr'>negaret</span> <span class='ocrx_word' id='word_1_414' title='bbox 1373 2655 1509 2694; x_wconf 90' lang='lat' dir='ltr'>solum</span> <span class='ocrx_word' id='word_1_415' title='bbox 1538 2654 1710 2693; x_wconf 89' lang='lat' dir='ltr'>Patrem</span> <span class='ocrx_word' id='word_1_416' title='bbox 1730 2668 1797 2702; x_wconf 82' lang='lat'>510</span> 
     </span>
     <span class='ocr_line' id='line_1_48' title="bbox 115 2709 1713 2760; baseline -0.001 -12"><span class='ocrx_word' id='word_1_417' title='bbox 115 2709 406 2748; x_wconf 87' lang='lat' dir='ltr'>innascibilem</span> <span class='ocrx_word' id='word_1_418' title='bbox 434 2709 574 2749; x_wconf 92' lang='lat' dir='ltr'>Deum</span> <span class='ocrx_word' id='word_1_419' title='bbox 603 2709 698 2756; x_wconf 88' lang='lat' dir='ltr'>dici,</span> <span class='ocrx_word' id='word_1_420' title='bbox 731 2710 854 2760; x_wconf 85' lang='lat' dir='ltr'>quasi</span> <span class='ocrx_word' id='word_1_421' title='bbox 888 2709 1070 2760; x_wconf 80' lang='lat' dir='ltr'>Spiritus</span> <span class='ocrx_word' id='word_1_422' title='bbox 1102 2714 1275 2749; x_wconf 87' lang='lat' dir='ltr'>sanctus</span> <span class='ocrx_word' id='word_1_423' title='bbox 1300 2714 1378 2749; x_wconf 84' lang='lat' dir='ltr'>aut</span> <span class='ocrx_word' id='word_1_424' title='bbox 1401 2710 1518 2748; x_wconf 90' lang='lat' dir='ltr'>Deus</span> <span class='ocrx_word' id='word_1_425' title='bbox 1542 2721 1629 2748; x_wconf 90' lang='lat' dir='ltr'>non</span> <span class='ocrx_word' id='word_1_426' title='bbox 1655 2709 1713 2747; x_wconf 89' lang='lat' dir='ltr'>sit</span> 
     </span>
     <span class='ocr_line' id='line_1_49' title="bbox 117 2762 1712 2815; baseline -0.001 -13"><span class='ocrx_word' id='word_1_427' title='bbox 117 2766 195 2802; x_wconf 88' lang='lat' dir='ltr'>aut</span> <span class='ocrx_word' id='word_1_428' title='bbox 224 2767 426 2803; x_wconf 88' lang='lat' dir='ltr'>nascatur</span> <span class='ocrx_word' id='word_1_429' title='bbox 457 2767 500 2802; x_wconf 89' lang='lat' dir='ltr'>et</span> <span class='ocrx_word' id='word_1_430' title='bbox 530 2765 619 2815; x_wconf 91' lang='lat' dir='ltr'>ipse</span> <span class='ocrx_word' id='word_1_431' title='bbox 652 2777 678 2803; x_wconf 88' lang='lat' dir='ltr'>a</span> <span class='ocrx_word' id='word_1_432' title='bbox 708 2763 849 2803; x_wconf 90' lang='lat' dir='ltr'>Patre.</span> <span class='ocrx_word' id='word_1_433' title='bbox 907 2764 968 2802; x_wconf 91' lang='lat' dir='ltr'>Ac</span> <span class='ocrx_word' id='word_1_434' title='bbox 999 2777 1052 2802; x_wconf 89' lang='lat' dir='ltr'>ne</span> <span class='ocrx_word' id='word_1_435' title='bbox 1090 2765 1184 2814; x_wconf 83' lang='lat' dir='ltr'>quis</span> <span class='ocrx_word' id='word_1_436' title='bbox 1223 2768 1420 2803; x_wconf 88' lang='lat' dir='ltr'>causetur</span> <span class='ocrx_word' id='word_1_437' title='bbox 1456 2765 1500 2802; x_wconf 92' lang='lat' dir='ltr'>in</span> <span class='ocrx_word' id='word_1_438' title='bbox 1537 2762 1712 2815; x_wconf 86' lang='lat' dir='ltr'>synodis</span> 
     </span>
     <span class='ocr_line' id='line_1_50' title="bbox 117 2817 1710 2865; baseline 0 -9"><span class='ocrx_word' id='word_1_439' title='bbox 117 2817 327 2856; x_wconf 89' lang='lat' dir='ltr'>Hilarium</span> <span class='ocrx_word' id='word_1_440' title='bbox 355 2819 623 2857; x_wconf 86' lang='lat' dir='ltr'>recitatorem</span> <span class='ocrx_word' id='word_1_441' title='bbox 651 2831 739 2856; x_wconf 89' lang='lat' dir='ltr'>esse</span> <span class='ocrx_word' id='word_1_442' title='bbox 768 2822 939 2856; x_wconf 87' lang='lat' dir='ltr'>tantum</span> <span class='ocrx_word' id='word_1_443' title='bbox 968 2820 1288 2865; x_wconf 85' lang='lat' dir='ltr'>sententiarum,</span> <span class='ocrx_word' id='word_1_444' title='bbox 1317 2832 1403 2858; x_wconf 89' lang='lat' dir='ltr'>non</span> <span class='ocrx_word' id='word_1_445' title='bbox 1431 2819 1561 2858; x_wconf 84' lang='lat' dir='ltr'>etiam</span> <span class='ocrx_word' id='word_1_446' title='bbox 1589 2823 1710 2856; x_wconf 85' lang='lat' dir='ltr'>auto-</span> 
     </span>
     <span class='ocr_line' id='line_1_51' title="bbox 116 2872 1710 2920; baseline 0 -9"><span class='ocrx_word' id='word_1_447' title='bbox 116 2884 218 2920; x_wconf 87' lang='lat' dir='ltr'>rem,</span> <span class='ocrx_word' id='word_1_448' title='bbox 240 2872 345 2911; x_wconf 86' lang='lat' dir='ltr'>dicit</span> <span class='ocrx_word' id='word_1_449' title='bbox 364 2873 512 2912; x_wconf 87' lang='lat' dir='ltr'>eadem</span> <span class='ocrx_word' id='word_1_450' title='bbox 533 2886 609 2912; x_wconf 84' lang='lat' dir='ltr'>suo</span> <span class='ocrx_word' id='word_1_451' title='bbox 629 2873 799 2912; x_wconf 90' lang='lat' dir='ltr'>nomine</span> <span class='ocrx_word' id='word_1_452' title='bbox 818 2872 926 2911; x_wconf 89' lang='lat' dir='ltr'>libro</span> <span class='ocrx_word' id='word_1_453' title='bbox 947 2872 1010 2911; x_wconf 89' lang='lat' dir='ltr'>De</span> <span class='ocrx_word' id='word_1_454' title='bbox 1031 2872 1240 2912; x_wconf 85' lang='lat' dir='ltr'>Trinitatc</span> <span class='ocrx_word' id='word_1_455' title='bbox 1261 2873 1525 2920; x_wconf 89' lang='lat' dir='ltr'>duodecimo,</span> <span class='ocrx_word' id='word_1_456' title='bbox 1548 2885 1710 2912; x_wconf 85' lang='lat' dir='ltr'>asseue-</span> 
     </span>
    </p>
   </div>
   <div class='ocr_carea' id='block_1_3' title="bbox 607 2995 1177 3037">
    <p class='ocr_par' dir='ltr' id='par_1_9' title="bbox 607 2995 1177 3037">
     <span class='ocr_line' id='line_1_52' title="bbox 607 2995 1177 3037; baseline 0 -10"><span class='ocrx_word' id='word_1_457' title='bbox 607 3005 685 3037; x_wconf 87' lang='lat'><strong>499.</strong></span> <span class='ocrx_word' id='word_1_458' title='bbox 711 2996 832 3028; x_wconf 80' lang='lat' dir='ltr'>melior</span> <span class='ocrx_word' id='word_1_459' title='bbox 849 2997 944 3036; x_wconf 75' lang='lat' dir='ltr'>pars]</span> <span class='ocrx_word' id='word_1_460' title='bbox 961 2995 1012 3028; x_wconf 68' lang='lat' dir='ltr'>ef.</span> <span class='ocrx_word' id='word_1_461' title='bbox 1031 2995 1053 3027; x_wconf 85' lang='lat'>1.</span> <span class='ocrx_word' id='word_1_462' title='bbox 1080 3004 1177 3035; x_wconf 85' lang='lat' dir='ltr'>124n.</span> 
     </span>
    </p>
   </div>
  </div>
 </body>
</html>
