2012 3370
94 140 217 190 1324]
639 137 799 177 FRoM
829 137 1057 176 ADRIAN
1089 137 1147 177 VI
1610 140 1685 178 147

93 250 283 289 omnium
310 251 474 302 piorum
502 250 721 288 hominum
747 248 823 287 abs
850 252 893 287 te
921 247 1087 298 flagitat
1113 260 1352 295 consensus,
1382 248 1521 286 minus
1547 260 1684 286 neces-

91 305 201 343 saria
237 304 492 343 videantur:
546 316 648 354 qum
685 303 756 341 illa
793 302 930 341 doctis
966 305 1139 340 tantum
1175 303 1352 353 prosint,
1391 301 1469 341 hoc
1508 315 1608 340 vero
1644 303 1685 339 in
1709 316 1745 347 55

91 371 359 398 communem
385 359 573 398 omnium
598 357 933 397 Christianorum
959 369 1107 407 pacem
1133 360 1176 395 et
1200 355 1687 407 tranquillitatem—qui

90 412 176 452 fere
213 413 362 452 Vnicus
397 414 441 451 in
477 412 556 451 hoc
593 411 734 450 seculo
770 415 835 450 est
872 410 1153 461 Euangelicae
1190 410 1409 449 doctrinae
1445 409 1686 449 finis—Deo

91 467 305 518 aspirante
327 467 382 505 sit
403 466 754 505 redundaturum.

146 520 268 568 Quod
299 533 400 583 qum
430 521 492 559 ita
522 521 591 567 sit
624 520 776 558 dilecte
807 518 865 557 fili
897 518 1085 565 Erasme‚
1117 522 1167 557 tu
1198 520 1271 569 qui
1303 531 1328 557 a
1358 531 1489 570 puero
1520 518 1576 558 ad
1605 517 1685 558 1100

89 576 244 614 aetatis
272 576 391 626 quasi
419 587 493 625 per
521 587 665 613 omnes
689 573 844 625 gradus
870 550 1164 618 conscendisti,
1193 577 1236 611 et
1259 576 1384 614 artes
1410 585 1686 624 quascunque
1704 581 1749 611 60

88 630 298 675 tractasti,
333 641 495 679 semper
527 628 688 679 aliquid
720 626 968 666 meditando
1000 639 1048 664 00
1082 626 1302 665 scribendo
1333 628 1378 666 in
1410 627 1560 665 melius
1592 632 1685 666 toto

89 684 308 721 conamine
340 684 585 734 prouexisti‚
619 681 675 721 ad
706 682 815 720 hanc
846 693 935 719 rem
966 681 1035 719 isti
1070 681 1283 726 scientiae,
1317 682 1387 719 isti
1420 681 1684 731 professioni,

87 738 159 776 isti
180 738 313 776 aetati
335 737 525 775 debitam
547 737 707 776 diutius
729 736 956 775 subsistere
978 734 1063 773 noli
1084 748 1093 781 ;
1132 747 1235 785 qum
1257 735 1404 774 eadem
1427 735 1483 774 ad
1504 736 1684 775 scriben-

87 791 190 830 dum
219 792 362 842 vigeat
390 792 435 829 in
464 795 507 830 te
537 791 780 837 acrimonia,
812 789 1015 828 iudicium
1046 789 1102 827 sit
1131 788 1254 840 longe
1284 789 1458 835 firmius,
1491 789 1685 828 doctrina

86 846 219 884 eciam
232 846 454 884 accesserit
466 845 603 884 multo
618 844 881 896 locupletior.
926 843 1074 894 Neque
1090 844 1354 894 prouinciam
1370 843 1479 882 hanc
1495 845 1683 882 raciona-
1705 853 1743 891 63

87 899 226 938 biliter
247 912 377 950 queas
398 899 620 946 declinare,
643 898 760 950 quod
780 898 890 938 forte
911 910 963 936 ex
985 897 1194 936 modestia
1216 897 1343 937 altius
1364 898 1408 936 in
1429 902 1473 937 te
1494 898 1685 937 radicata

86 953 183 993 huic
199 955 256 992 rei
276 954 482 1005 imparem
499 957 543 993 te
561 967 649 992 esse
668 953 796 992 dicas.
843 952 955 991 Nam
972 955 1273 1003 praeterquam
1291 952 1407 1003 quod
1425 953 1684 991 contrarium

85 1011 164 1055 est,
196 1012 246 1047 vt
277 1021 422 1047 omnes
452 1012 612 1047 norunt
642 1011 685 1046 et
715 1008 774 1046 rei
806 1006 938 1045 habet
969 1007 1140 1052 veritas
1174 1005 1312 1045 aderit
1343 1006 1423 1045 tibi
1455 1006 1534 1045 hac
1566 1007 1610 1045 in
1640 1020 1684 1045 re

84 1061 297 1101 laboranti
318 1062 445 1109 Deus,
470 1063 537 1101 cui
557 1063 602 1101 in
623 1062 702 1101 hoc
724 1062 878 1100 seruies
899 1074 906 1099 :
946 1060 1084 1099 aderit
1105 1064 1148 1099 et
1169 1061 1401 1099 iustissima
1422 1059 1519 1100 fidei
1542 1073 1682 1108 causa,

85 1129 194 1167 quae
213 1116 415 1155 aduersus
435 1116 716 1156 hereticorum
736 1116 921 1154 astucias
941 1118 985 1153 et
1008 1114 1194 1165 impetus
1218 1115 1373 1154 victrix
1398 1127 1562 1166 semper
1585 1114 1680 1161 fuit,
1702 1134 1745 1164 70

84 1174 127 1211 et
149 1183 261 1209 nunc
283 1170 562 1222 proculdubio
583 1172 676 1217 erit,
701 1170 897 1221 quamuis
919 1168 1035 1208 Deus
1056 1169 1311 1219 aequissimo
1332 1169 1488 1208 iudicio
1510 1173 1683 1220 propter

84 1225 273 1276 ingentia
309 1224 530 1264 hominum
568 1225 735 1272 scelera,
775 1224 999 1275 praecipue
1037 1223 1429 1270 ecclesiasticorum,
1470 1222 1683 1262 Ecclesiae

83 1291 184 1318 suae
212 1279 455 1318 nauiculam
483 1280 528 1318 in
556 1279 621 1318 his
651 1278 851 1318 fiuctibus
879 1276 1121 1328 procellosis
1149 1277 1341 1316 nonnihil
1370 1277 1562 1317 laborare
1591 1291 1681 1329 per-

84 1333 245 1372 mittat.
316 1332 385 1371 An
426 1337 629 1384 putamus
671 1331 854 1371 eundem
897 1331 1036 1370 Deum
1078 1335 1275 1370 nostrum
1318 1344 1517 1382 sponsam
1561 1343 1682 1371 suam

84 1386 328 1434 Ecclesiam,
353 1400 483 1438 quam
506 1387 694 1438 precioso
717 1386 920 1438 sanguine
942 1398 1020 1424 suo
1042 1385 1122 1424 sibi
1144 1385 1385 1436 acquisiuit,
1411 1389 1454 1425 et
1477 1398 1574 1425 cum
1597 1398 1682 1437 qua
1701 1406 1719 1436 7
1727 1405 1740 1435 5

84 1453 218 1492 vsque
245 1440 301 1480 ad
329 1442 739 1481 consummationem
768 1439 896 1479 seculi
924 1452 968 1478 se
995 1438 1190 1478 futurum
1218 1439 1432 1491 pollicitus
1460 1444 1539 1487 est,
1569 1453 1682 1479 nunc

83 1495 361 1543 deserturum,
399 1499 443 1535 et
477 1507 564 1535 non
599 1496 746 1547 pocius
781 1493 1056 1534 confusurum
1092 1506 1163 1534 eos
1199 1494 1272 1545 qui
1308 1507 1406 1533 suos
1441 1493 1682 1534 intellectus

83 1549 285 1601 superbos
313 1562 362 1589 ac
391 1562 609 1601 peruersos
639 1553 788 1589 contra
817 1549 896 1588 Dei
925 1548 1147 1587 scientiam
1175 1552 1219 1588 et
1249 1552 1398 1588 contra
1427 1548 1680 1588 catholicam

82 1605 308 1643 veritatem
326 1604 527 1644 extollere
545 1617 631 1644 non
650 1606 850 1643 verentur
867 1606 882 1641 ἶ)
919 1602 1074 1654 quibus
1095 1602 1321 1642 ‘iudicium
1338 1602 1361 1650 '‚
1382 1606 1432 1642 vt
1450 1604 1511 1642 ait
1530 1602 1682 1642 Petrus

82 1658 323 1710 Apostolus,
347 1658 456 1698 ‘iam
485 1658 584 1698 olim
604 1672 691 1698 non
709 1657 856 1697 tardat
875 1660 918 1696 et
939 1657 1122 1707 perditio
1142 1657 1309 1696 illorum
1329 1670 1414 1696 non
1434 1657 1640 1697 dormitat
1656 1657 1679 1696 '.
1701 1668 1743 1699 80

129 1736 180 1769 54.
207 1729 344 1771 flagitat
378 1740 563 1762 consensus
592 1741 611 1759 α
629 1742 636 1763 x
670 1739 855 1761 consensus
888 1732 1054 1770 expectat
1087 1731 1120 1763 Β.
1261 1738 1276 1769 5
1285 1737 1312 1769 5.
1340 1729 1527 1761 videantur
1553 1740 1616 1761 om.
1648 1732 1681 1762 Β.

85 1772 136 1813 56.
163 1783 384 1805 communem
401 1773 477 1806 add.
497 1775 531 1807 β.
702 1780 753 1814 57.
780 1773 902 1804 vnicus
919 1785 937 1802 α
953 1784 962 1804 2
994 1783 1084 1804 vnus
1102 1774 1135 1807 Β.
1318 1780 1369 1812 59.
1396 1772 1520 1804 dilecte
1537 1785 1556 1802 α
1573 1785 1580 1804 :
1611 1782 1681 1804 non

80 1815 184 1849 debes
202 1818 236 1851 Β.
405 1819 444 1849 tu
463 1817 538 1850 add.
558 1819 581 1851 Β
761 1815 815 1848 60.
841 1816 1073 1848 conscendisti
1090 1819 1126 1848 et
1144 1829 1162 1846 a
1179 1828 1186 1848 :
1219 1826 1277 1847 eas
1294 1818 1328 1850 Β.
1498 1815 1552 1848 61.
1579 1826 1619 1848 ac
1638 1828 1656 1846 α
1673 1829 1680 1848 :

80 1862 117 1892 et
132 1861 166 1894 Β.
322 1860 358 1892 111
375 1860 497 1892 melius
515 1884 522 1892 .
542 1885 549 1891 .
570 1884 578 1892 .
604 1859 660 1891 62.
686 1859 878 1901 prouexisti
893 1871 933 1891 αι
964 1859 1084 1891 iuuisti
1101 1861 1135 1893 Β.
1308 1859 1367 1891 isti
1384 1859 1548 1891 scientiae
1565 1870 1627 1892 om.
1647 1862 1680 1893 B.

80 1902 136 1942 63.
160 1902 232 1935 noli
246 1914 309 1936 om.
328 1905 361 1936 Β.
483 1903 605 1935 eadem
621 1926 628 1936 .
647 1927 656 1935 .
673 1927 679 1936 .
699 1902 754 1941 64.
781 1902 970 1935 acrimonia
985 1915 1003 1933 α
1019 1915 1027 1935 2
1056 1902 1149 1934 idem
1163 1903 1200 1934 in
1217 1906 1251 1934 te
1267 1902 1312 1934 ad
1327 1902 1549 1934 scribendum
1564 1903 1683 1944 vigeat

80 1949 180 1979 tenor
195 1948 230 1980 Β.
379 1946 479 1988 longe
495 1947 542 1979 sit
558 1950 591 1981 Β.
737 1946 758 1977 6
764 1953 792 1986 5.
818 1946 927 1978 0010111
946 1970 952 1978 .
973 1970 980 1978 .
1001 1971 1008 1978 .
1028 1946 1150 1988 Neque
1167 1959 1186 1977 α
1204 1959 1211 1978 :
1242 1956 1337 1985 vero,
1354 1949 1395 1978 vt
1411 1956 1476 1988 par
1491 1950 1556 1984 est,
1573 1947 1680 1978 etiam

79 1989 284 2032 locupletior
299 1990 481 2022 accesserit
496 2000 603 2032 quam
620 1990 715 2032 prius
730 2002 738 2022 ε
768 1999 881 2031 neque
898 2000 981 2022 vero
996 1992 1030 2024 Β.
1253 1989 1308 2022 66.
1335 1989 1505 2021 declinare
1522 2000 1629 2032 queas
1646 1993 1680 2025 Β.

79 2033 170 2066 forte
184 2033 260 2066 add.
276 2035 310 2068 β.
513 2033 618 2066 altius
632 2034 669 2065 in
684 2036 718 2065 te
733 2033 891 2065 radicata
904 2045 922 2062 α
939 2045 946 2065 :
976 2035 1038 2065 tua
1053 2038 1088 2065 te
1103 2035 1137 2068 Β.
1347 2033 1402 2074 67.
1429 2036 1464 2065 te
1478 2043 1551 2065 esse
1565 2044 1628 2065 om.
1646 2036 1678 2067 Β.

79 2076 134 2108 68.
161 2079 214 2108 est
231 2079 273 2108 vt
288 2088 308 2107 α
324 2088 332 2109 :
362 2080 399 2108 et
415 2078 448 2111 Β.
610 2080 646 2109 et
663 2077 711 2109 rei
728 2076 836 2109 habet
852 2077 982 2109 veritas
999 2077 1074 2110 add.
1094 2079 1128 2111 Β.
1298 2076 1362 2108 hac
1380 2077 1416 2108 in
1435 2089 1479 2109 α.
1471 2089 1479 2096 ·
1509 2077 1546 2108 111
1563 2076 1628 2109 1100
1646 2079 1680 2112 Β.

80 2130 116 2152 re
133 2130 197 2152 mn.
216 2119 262 2152 Ν.
476 2129 528 2162 70.
554 2121 732 2152 astuciae.
783 2130 946 2171 ‚semper
962 2132 1005 2152 a:
1035 2121 1189 2163 impetus
1207 2123 1244 2152 et
1259 2120 1403 2152 insidias
1421 2120 1467 2152 ad
1484 2123 1681 2153 extremum

78 2173 214 2205 semper
231 2163 357 2196 victrix
375 2165 409 2198 Β.
543 2172 596 2205 71.
622 2174 741 2196 nuno.
791 2164 1029 2206 .aequissimo
1046 2176 1088 2196 a:
1121 2163 1350 2206 proculdubio
1367 2163 1475 2196 etiam
1493 2174 1585 2196 nunc
1604 2165 1684 2202 erit,

79 2206 161 2238 licet
175 2206 269 2239 Deus
282 2207 474 2240 iustissimo
488 2209 522 2242 β.
690 2215 744 2248 72.
770 2207 926 2250 ingentia
940 2219 982 2240 a:
1011 2207 1216 2249 grauissima
1231 2209 1265 2241 B.
1437 2208 1621 2250 praecipue
1636 2221 1652 2236 a
1672 2221 1678 2240 :

80 2251 231 2282 maxime
255 2252 289 2285 Β.
449 2259 503 2292 73.
529 2250 583 2283 1110
607 2252 653 2286 B:
704 2251 746 2283 iis
771 2263 802 2283 a.
995 2251 1191 2293 procellosis
1216 2261 1280 2283 om.
1306 2253 1341 2286 Β.
1520 2253 1565 2284 B:
1605 2261 1679 2293 per-

79 2293 192 2326 mittit
226 2305 256 2326 a.
428 2302 481 2336 74.
506 2297 666 2327 nostrum
701 2304 764 2327 om.
801 2296 836 2329 Β.
1002 2303 1022 2336 7
1028 2302 1055 2335 5.
1082 2294 1274 2327 Ecclesiam
1308 2294 1385 2327 add.
1432 2296 1465 2329 Β.
1613 2294 1678 2326 sibi

77 2337 152 2370 add
172 2339 205 2370 Β.
275 2346 330 2379 77.
355 2347 459 2370 01100.
507 2338 591 2380 .78.
616 2347 795 2381 peruersos
811 2350 853 2370 a:
884 2338 1050 2380 superbos
1067 2337 1263 2371 intellectus
1280 2347 1360 2370 01100
1378 2340 1410 2372 Β.
1475 2346 1528 2379 70.
1555 2340 1595 2369 vt
1614 2362 1620 2368 .
1641 2362 1647 2368 .
1670 2362 1675 2368 .

80 2381 133 2413 80.
158 2380 423 2422 Apostolusom.
440 2383 473 2415 Β.

77 2467 233 2499 omnium
251 2467 526 2500 Christianorum
544 2478 665 2510 pacem
683 2473 719 2501 et
738 2468 1042 2510 tranquillitatem,
1060 2469 1120 2510 qui
1138 2468 1208 2500 fere
1227 2479 1316 2500 vnus
1334 2469 1370 2500 in
1389 2468 1452 2499 hoc
1471 2467 1608 2499 sacculo
1625 2471 1678 2500 est

78 2510 308 2552 Euangelieae
327 2511 506 2544 doctrinae
525 2512 615 2550 finis,
636 2512 748 2544 modis
769 2512 930 2544 omnibus
949 2515 1121 2554 spectant.
1166 2512 1221 2545 An
1241 2512 1326 2554 quid
1346 2512 1389 2543 de
1410 2515 1445 2543 te
1464 2521 1623 2543 sensuros
1643 2516 1678 2543 et

77 2549 232 2587 dicturos
250 2554 407 2587 homines
425 2558 540 2606 putas,
561 2566 670 2597 quum
690 2559 725 2588 te
743 2556 861 2588 norint
880 2556 921 2587 M
923 2555 959 2587 S

121 2596 176 2638 65.
201 2597 323 2640 Neque
338 2599 577 2640 prouinciam.
621 2599 701 2640 67.
727 2609 799 2631 esse
814 2599 908 2630 dicas
922 2611 963 2631 a:
988 2599 1109 2640 Neque
1124 2602 1177 2630 est
1191 2598 1287 2640 quod
1302 2602 1337 2630 te
1352 2598 1431 2630 huic
1447 2598 1494 2629 rei
1509 2598 1676 2639 imparem

77 2644 140 2673 aut
163 2641 317 2673 Luthero
339 2641 535 2674 inferiorem
558 2642 676 2674 dicas:
707 2644 757 2682 (et
773 2642 837 2674 hoc
853 2642 946 2674 enim
962 2653 1005 2674 ex
1023 2653 1079 2674 ore
1096 2645 1158 2673 tuo
1174 2642 1353 2683 prodiisse,
1370 2641 1531 2682 quamuis
1550 2641 1678 2673 iudicio

77 2687 197 2716 nostro
220 2684 347 2717 falsum
371 2688 408 2717 et
431 2685 476 2717 ab
500 2686 725 2727 iniquissimis
749 2685 948 2717 hominibus
972 2695 1044 2717 rem
1069 2696 1168 2716 suam
1194 2688 1257 2717 tuo
1281 2684 1386 2716 titulo
1410 2684 1678 2717 honestantibus

77 2728 327 2770 excogitatum,
350 2728 445 2770 typis
467 2731 584 2760 tamen
607 2739 806 2770 expressum
829 2729 1083 2768 circumfertur)
1107 2728 1186 2760 MS.

120 2772 173 2804 68.
197 2770 309 2803 aderit
322 2795 330 2802 .
345 2794 352 2803 .
369 2795 376 2802 .
404 2779 416 2801 1
428 2779 478 2811 13.
501 2776 650 2813 purgato
661 2784 679 2802 α
693 2785 700 2804 :
718 2772 866 2804 diceres:
889 2773 995 2805 etiam
1008 2772 1217 2804 iustissimae
1231 2771 1308 2803 fidei
1322 2781 1445 2803 causae
1458 2771 1542 2803 alias
1555 2774 1677 2804 contra

78 2824 195 2847 omnes
210 2815 363 2857 impetus
377 2818 414 2847 et
428 2815 571 2847 insidias
587 2815 729 2848 tandem
745 2816 892 2854 victrici,
908 2826 977 2847 non
994 2825 1117 2856 parum
1134 2815 1310 2846 aduersari
1327 2815 1512 2847 videreris:
1543 2814 1676 2854 Quibus

77 2858 169 2890 enim
192 2868 347 2900 vnquam
371 2858 565 2890 maledictis
587 2868 703 2900 posses
725 2859 876 2891 atrocius
899 2859 1132 2891 Christianam
1155 2858 1352 2899 religionem
1375 2859 1590 2900 impugnare,
1614 2863 1677 2891 aut

78 2910 147 2941 quo
164 2902 292 2934 maiore
309 2901 432 2944 ellogio
447 2902 551 2934 falsas
568 2906 604 2934 et
620 2912 680 2944 per
695 2912 730 2934 se
747 2906 885 2934 mentes
901 2901 1153 2934 haereticorum
1175 2902 1326 2934 rationes
1345 2902 1509 2934 extollere
1525 2912 1631 2944 quam
1647 2903 1674 2934 si

124 2984 178 3017 75
203 2960 411 3019 acquisiuit]
423 2977 472 3010 Cf.
493 2977 577 3009 Acts
596 2987 648 3009 20.
669 2979 721 3010 28.
960 2986 1013 3018 77.
1039 2975 1250 3016 intellectus]
1268 2977 1355 3010 Cf.2
1376 2977 1450 3010 Cor.
1474 2987 1522 3009 10.
1540 2978 1572 3009 6.

125 3020 177 3060 76.
203 3020 377 3063 pollicitus
396 3019 465 3060 est]
484 3021 586 3054 Matt.
608 3022 660 3054 28.
683 3030 735 3054 20.
959 3030 1012 3062 79.
1040 3021 1176 3062 Petrus]
1189 3029 1263 3052 2.2.
1280 3030 1318 3061 3:
1337 3021 1512 3053 Erasmus
1528 3020 1672 3054 version.

840 3087 914 3118 L2
