2012 3370
248 163 327 201 304
722 157 976 198 LETTERS
1007 158 1079 197 OF
1110 158 1373 198 ERASMus
1725 158 1848 207 [1523

251 273 379 312 etiam
413 271 624 323 grauiores
656 268 914 319 experiebar,
948 268 1131 307 maxime
1163 272 1306 307 autem
1340 268 1441 306 dum
1475 267 1718 307 affectarem
1751 269 1846 308 mis-

251 327 410 366 sionem
431 327 671 376 impetrare.
729 323 843 362 Nihil
867 323 1068 373 temporis
1090 326 1140 361 vt
1161 323 1227 362 vel
1248 323 1410 362 caelum
1431 323 1560 362 libere
1580 323 1847 374 suspicerem,

194 394 234 418 10
251 381 305 420 ab
329 393 453 431 opere
477 379 613 418 aulico
637 377 907 428 suppetebat,
932 389 1179 428 quanquam
1204 390 1277 429 per
1299 377 1525 416 interualla
1547 377 1716 416 interim
1740 390 1849 428 quae

250 435 420 487 publica
446 433 683 471 studiorum
708 432 848 478 facies,
870 432 904 470 si
930 431 1103 482 quando
1130 431 1328 478 vacabat,
1355 432 1564 471 noscitare
1590 444 1676 470 non
1703 431 1853 470 omisi?

251 489 366 541 quod
394 487 566 539 quidem
601 487 645 525 in
678 486 770 525 luce
805 486 1023 524 hominum
1058 489 1102 524 et
1135 486 1179 524 in
1213 486 1391 536 publicis
1426 485 1550 524 vndis
1584 486 1850 536 negotiorum

249 545 409 582 iactato
427 555 513 580 non
529 541 701 580 omnino
718 540 1009 579 difficillimum
1027 539 1123 586 fuit,
1143 553 1237 578 cum
1255 553 1307 578 cx
1324 539 1440 591 vulgi
1456 553 1580 578 sensu
1599 540 1852 591 publicoque

250 597 404 636 iudicio
427 609 557 647 quam
580 595 792 634 sententia
813 595 1191 633 eruditissimorum
1215 595 1356 645 potius
1380 594 1630 644 dependeat.
1684 593 1851 633 Offendi

196 666 229 698 ις
250 650 461 703 quaedam
484 663 560 689 ceu
581 649 751 688 futurae
773 649 988 700 tragediae
1008 649 1287 687 incitamenta
1308 649 1405 687 hinc
1427 652 1471 687 et
1492 648 1588 687 hinc
1611 648 1849 693 emicantia,

252 718 434 757 quorum
480 705 593 743 bona
638 717 734 755 pars
779 704 980 742 interesse
1025 707 1102 742 tua
1146 703 1375 754 plurimum
1422 702 1661 741 videbatur.
1719 702 1853 753 Atqui

253 772 422 799 monere
450 771 526 810 pro
555 758 691 797 officio
721 758 857 809 pudor
885 757 1077 804 vetabat,
1109 758 1227 796 cuius
1255 770 1424 796 sensum
1454 761 1544 796 tam
1574 769 1712 796 acrem
1742 769 1852 796 com-

253 814 391 853 mouit
403 818 571 865 praeter
590 826 712 851 vsum
734 825 873 851 rerum
896 825 1072 851 censura
1091 811 1143 850 de
1161 825 1228 850 me
1242 815 1342 858 tua;
1374 812 1446 862 qui
1468 811 1586 850 velut
1607 813 1855 851 αι’»λικώτατων

253 874 298 908 et
331 882 356 907 a
389 868 510 906 bonis
545 867 697 906 studiis
730 867 1018 905 abalienatum
1058 866 1147 904 iure
1186 865 1386 904 ferebaris
1426 866 1541 916 apud
1580 878 1854 916 congerrones

194 937 238 961 20
258 928 356 963 tuos
385 922 586 968 deridere,
615 922 649 959 si
676 921 848 972 quando
878 921 961 959 mei
989 919 1184 959 inciderit
1212 921 1385 959 mentio.
1444 920 1565 960 Certe
1594 919 1756 959 ridendi
1789 932 1855 957 me

254 976 450 1016 omnibus
475 976 777 1026 intempestiuo
803 974 939 1013 officio
966 974 1165 1025 praebere
1191 987 1338 1013 ansam
1365 974 1531 1013 silentio
1557 975 1680 1021 caui;
1723 986 1854 1025 quan-

254 1044 385 1083 quam
408 1031 460 1070 de
481 1043 576 1069 mea
599 1030 792 1068 barbarie
814 1029 1082 1080 voluptatem
1105 1028 1185 1067 tibi
1206 1028 1311 1067 nihil
1333 1028 1516 1076 inuideo‚
1540 1028 1747 1080 facileque
1768 1028 1856 1067 fero

256 1087 363 1125 citra
397 1085 677 1136 suspicionem
713 1083 949 1122 diminutae
985 1083 1209 1129 amicitiae,
1246 1083 1419 1122 minime
1452 1083 1680 1134 impatiens
1715 1095 1853 1122 coram

256 1141 386 1179 etiam
412 1138 648 1178 audiendae
673 1138 880 1184 veritatis,
902 1137 994 1183 nisi,
1017 1141 1228 1188 quatenus
1255 1137 1396 1176 animo
1421 1137 1578 1184 refrixi,
1599 1138 1738 1176 minus
1764 1150 1853 1176 sum

196 1210 234 1242 25
257 1194 311 1234 ad
337 1198 506 1233 tantam
531 1192 867 1231 familiaritatem
893 1191 1186 1230 sustinendam
1211 1195 1403 1242 repertus
1427 1191 1616 1231 idoneus.

310 1248 378 1287 Ad
402 1248 505 1287 haec
530 1247 737 1286 deterruit
761 1250 806 1286 et
828 1246 972 1285 iudicii
997 1246 1079 1285 mei
1104 1245 1314 1292 debilitas,
1341 1246 1415 1297 qui
1439 1246 1491 1285 de
1516 1250 1593 1285 tua
1617 1246 1857 1297 prudentia,

257 1316 367 1354 quae
394 1315 512 1354 spem
540 1314 679 1340 meam
707 1305 920 1351 superent,
950 1301 1137 1339 sustineo
1165 1299 1288 1339 facile
1315 1313 1494 1351 sperare.
1554 1300 1665 1348 Quid
1693 1301 1821 1351 igitur
1842 1305 1857 1336 ’ἐ

259 1357 454 1409 Cogitaui
500 1369 680 1402 mecum,
725 1355 733 1371 ‘
754 1356 1011 1394 Erasmusne
1057 1359 1252 1406 tempora
1298 1354 1400 1393 haec
1448 1359 1492 1394 et
1534 1354 1856 1394 subnascentem

257 1411 553 1463 posteritatem
589 1423 676 1448 non
711 1410 842 1449 habet
878 1409 1060 1460 cognita,
1098 1413 1319 1459 perspecta
1355 1409 1684 1460 meditataque?
1742 1408 1860 1446 Tunc

200 1480 243 1512 30
258 1466 370 1505 illius
387 1465 640 1504 monitorem
660 1477 760 1515 agas
781 1467 796 1503 ‘3
854 1464 974 1502 Tune
992 1463 1173 1514 praeibis
1191 1467 1340 1502 tantae
1359 1464 1592 1514 sapientiae
1612 1467 1627 1502 ⁶?
1650 1462 1659 1479 ⁹
1706 1462 1859 1513 Scripsi

260 1524 406 1560 tamen
433 1518 728 1559 communibus
755 1518 900 1557 amicis
927 1517 1197 1568 quibusdam,
1225 1530 1278 1556 ne
1305 1518 1502 1556 cautione
1527 1518 1659 1556 nimia
1684 1517 1728 1555 in
1755 1517 1860 1567 peri-

262 1574 404 1614 eulum
432 1574 634 1620 incurras,
665 1572 898 1624 periculum
927 1585 1028 1618 esse,
1058 1571 1187 1623 idque
1215 1572 1365 1610 timere
1398 1572 1556 1610 amicos
1584 1585 1651 1610 me
1679 1570 1860 1622 pruden-

261 1629 418 1674 tiores;
462 1628 537 1680 qui
563 1627 766 1678 quoniam
794 1640 880 1665 non
908 1626 1174 1677 pertulerunt
1202 1625 1257 1664 ad
1285 1630 1328 1665 te
1356 1626 1471 1676 quod
1499 1639 1564 1665 res
1591 1630 1669 1673 est,
1699 1625 1862 1676 opinor,

262 1683 455 1721 riderunt
486 1682 685 1720 nimirum
718 1680 822 1719 nihil
855 1680 998 1719 Videre
1031 1680 1294 1731 Capitonem.
1353 1680 1411 1719 Et
1443 1679 1633 1731 profecto
1666 1693 1719 1718 ne
1750 1692 1863 1718 nunc

204 1751 240 1784 35
262 1736 449 1788 quidem,
474 1736 555 1775 nisi
579 1739 648 1774 tot
670 1735 802 1774 literis
827 1738 1097 1785 prouocatus,
1124 1734 1323 1773 auderem
1349 1734 1488 1773 subire
1512 1738 1685 1773 tantum
1709 1735 1863 1784 impro-

264 1791 412 1830 bitatis
429 1794 473 1829 et
490 1790 710 1828 monitoris
726 1789 1051 1840 impudentiam.
1110 1788 1259 1827 Exerit
1275 1792 1419 1828 autem
1438 1792 1580 1839 caput,
1600 1789 1658 1827 mi
1675 1788 1863 1833 Erasme,

263 1846 350 1884 fere
369 1848 516 1884 nostra
536 1843 775 1890 Germania,
798 1843 871 1882 sed
892 1843 947 1882 ad
966 1843 1182 1882 licentiam
1202 1856 1346 1894 prope.
1404 1843 1447 1882 Si
1467 1843 1541 1894 qui
1561 1843 1661 1881 boni
1680 1842 1864 1887 interim,

266 1900 321 1939 ad
362 1899 604 1950 Scripturae
645 1897 918 1937 latitudinem
960 1897 1269 1936 Christianismi
1309 1897 1552 1936 libertatem
1594 1897 1864 1947 astringunt;

265 1966 447 2005 quorum
485 1952 682 1999 calculus,
720 1952 836 2004 quod
873 1953 1014 2003 potior
1050 1956 1127 1998 est,
1165 1952 1316 2002 incipit
1351 1951 1554 1990 obtinere.
1613 1951 1701 1989 Illis
1737 1955 1786 1989 tu
1823 1950 1867 1988 in

205 2029 251 2060 40
269 2008 547 2059 suspitionem
581 2007 700 2046 venis
734 2010 928 2045 mutatae
962 2006 1211 2053 sententiae,
1241 2006 1316 2057 qui
1349 2010 1501 2057 tuapte
1530 2009 1681 2057 sponte
1710 2004 1866 2043 Luthe-

269 2075 421 2101 ranum
457 2075 612 2101 nomen
650 2061 919 2112 aliquotenus
958 2073 1195 2112 aspergens,
1235 2061 1556 2110 maiest<atem>
1599 2058 1865 2098 Pontificiam

271 2120 420 2167 argute
466 2115 719 2166 excogitatis
766 2115 965 2154 laudibus
1013 2115 1336 2154 cohonestatam
1384 2127 1470 2153 non
1518 2113 1646 2153 semel
1694 2112 1867 2152 attollis.

271 2169 525 2220 Quanquam
552 2169 597 2208 id
625 2169 822 2220 equidem
851 2182 947 2208 cum
975 2169 1121 2220 paucis
1150 2170 1416 2220 ὁμοψή<φοις>
1445 2168 1696 2220 prudentiae
1725 2167 1869 2213 tribui,

272 2237 368 2264 cum
394 2224 480 2263 fere
507 2223 681 2262 modum
707 2223 935 2269 tractandi,
963 2236 1050 2262 non
1075 2224 1298 2262 materiam
1325 2228 1369 2262 et
1393 2236 1482 2262 rem
1509 2225 1869 2274 argumentorum,

210 2291 248 2323 45
271 2280 467 2318 incessas.
526 2278 593 2316 Illi
626 2290 726 2317 vero
761 2277 816 2316 ad
849 2278 1083 2328 impietatis
1118 2277 1419 2316 contumeliam
1453 2277 1702 2328 processisse
1736 2276 1871 2321 aiunt,

273 2333 348 2385 qui
385 2332 597 2383 scripseris
636 2331 773 2371 multa
809 2332 939 2382 impie
977 2331 1212 2370 Lutherum
1251 2332 1491 2378 monuisse3
1546 2330 1662 2382 quod
1700 2329 1871 2381 quidem

275 2386 465 2427 nondum
486 2386 629 2425 videre
651 2386 842 2437 contigit.

328 2441 492 2480 Rumor
520 2441 623 2480 editi
652 2440 807 2491 dialogi
834 2453 909 2491 per
936 2444 992 2486 te,
1022 2452 1107 2490 quo
1136 2453 1245 2490 quae
1273 2439 1370 2478 fidei
1398 2439 1647 2478 tribuuntur
1674 2436 1874 2477 ferebaris

335 2538 364 2569 8.
390 2534 573 2566 affectarer
590 2534 669 2566 MS.
687 2547 694 2566 ε
724 2545 805 2566 corr.
825 2535 924 2566 Hess.
1282 2546 1332 2568 21.
1358 2533 1498 2565 silentio
1512 2533 1622 2564 Hes-s:
1650 2531 1778 2563 silentii
1794 2531 1872 2563 MS.

280 2591 330 2622 ²3-
359 2604 367 2617 ‚
384 2578 527 2610 minime
541 2578 666 2619 scripsi
680 2590 687 2610 ε
717 2603 725 2616 ,
741 2581 831 2611 mIae
846 2578 926 2610 MS.
944 2591 951 2610 :
979 2582 1131 2616 nostrae,
1146 2578 1244 2609 Hess.
1470 2589 1487 2610 2
1492 2588 1521 2619 5.
1548 2579 1704 2617 repertus
1727 2575 1851 2615 scripsi
1866 2588 1873 2606 :

280 2623 428 2654 refectus
452 2621 531 2653 MS.
669 2633 722 2665 40.
749 2624 873 2663 tuapte
895 2622 1042 2662 scripsi:
1079 2625 1203 2663 suapte
1227 2621 1306 2653 MS.
1450 2632 1500 2664 41.
1528 2630 1712 2662 aspergens
1727 2618 1874 2659 scripsi:

280 2675 419 2708 asperso
436 2664 516 2697 MS.
654 2677 706 2708 43.
733 2665 1000 2707 ὁμοψΗ--Μᾶε
1031 2666 1206 2706 ὑμοψύχοις
1236 2665 1334 2697 Hess.

328 2788 378 2818 18.
402 2784 638 2824 αὐλικίυτατον]
654 2785 704 2817 Cf.
720 2785 784 2826 Ep.
804 2787 896 2826 1158.
917 2793 1047 2825 19—203
1159 2795 1211 2827 45.
1236 2783 1351 2822 aiunt]
1379 2784 1462 2816 This
1489 2783 1654 2815 criticism
1682 2793 1751 2814 was
1781 2783 1878 2823 quite

282 2828 395 2861 which
415 2829 542 2871 Capito
560 2829 631 2860 had
651 2828 830 2860 doubtless
850 2838 930 2859 seen
949 2829 986 2859 in
1006 2828 1044 2859 F.
1115 2828 1209 2859 false.
1259 2828 1327 2859 For
1343 2827 1519 2859 Erasmus'
1544 2826 1708 2868 repeated
1733 2826 1876 2857 defense

285 2872 352 2903 For
362 2872 415 2903 his
429 2872 499 2905 real
513 2872 636 2904 dislike
647 2871 682 2903 of
696 2871 804 2903 Court
816 2871 875 2903 life
885 2881 940 2902 see
955 2871 1046 2913 Epp.
1115 2871 1150 2903 of
1163 2870 1296 2903 Luther
1307 2881 1362 2902 see
1375 2871 1440 2912 Ep.
1458 2880 1469 2902 1
1480 2880 1550 2912 143.
1570 2878 1644 2910 1511.

289 2924 382 2955 1241.
400 2918 481 2954 46n‚
501 2917 594 2956 1308.
617 2919 735 2956 16—17.
1158 2916 1211 2957 48.
1235 2914 1325 2946 editi
1352 2911 1497 2954 dialogi]
1524 2912 1608 2944 This
1638 2922 1780 2943 rumour
1810 2923 1878 2943 was

330 2970 382 3000 44.
408 2958 550 2990 modum
572 2957 764 2997 tractandi]
784 2958 833 2989 Cf.
858 2958 947 2999 Epp.
970 2967 1044 2999 947.
1115 2957 1264 2999 perhaps
1278 2957 1385 2989 based
1400 2967 1442 2988 on
1459 2956 1518 2988 the
1532 2965 1607 2986 new
1620 2955 1754 2986 edition
1770 2955 1804 2986 of
1820 2955 1879 2986 the

288 3009 342 3042 35,
358 3003 433 3039 980.
452 3004 549 3041 38-9‚
570 3011 662 3041 1033.
685 3011 778 3041 50-3.
1114 3001 1235 3041 Colloq.
1257 3001 1456 3032 Formnlup:
1486 3009 1540 3029 see
1557 2998 1645 3039 Epp.
1668 3000 1762 3035 1262,
1784 3000 1878 3036 1206.

378 3054 448 3076 non
461 3045 659 3084 materiam]
676 3043 726 3076 Cf.
737 3045 802 3086 Ep.
817 3052 911 3083 1033.
927 3052 1044 3086 140-2.
1116 3053 1193 3083 24n.
