2033 3395
293 167 317 205 6
766 168 1020 208 LETTERS
1051 168 1124 209 OF
1153 168 1417 209 ERASMUS
1767 167 1890 217 [1522

292 280 438 316 tamen
464 278 703 328 argumenti
729 281 928 315 naturam
954 277 1168 328 refragari,
1197 291 1272 316 nec
1299 278 1525 316 admittere
1552 277 1860 328 paraphrasten
1881 290 1889 322 ;

233 342 378 375 3511011
410 335 581 370 tantum
614 331 669 369 ob
702 331 780 369 hoc
809 330 924 381 quod
957 331 1024 369 hic
1056 332 1198 369 variae
1230 332 1316 370 sint
1348 345 1562 383 personae,
1598 332 1753 382 quibus
1786 331 1889 369 dum

292 385 525 425 necessario
558 389 870 435 attemperatur
901 385 1051 431 oratio,
1085 384 1135 424 fit
1167 390 1217 424 vt
1248 386 1362 424 intra
1394 386 1599 425 cancellos
1632 386 1890 425 arctissimos

292 439 541 479 cohibeatur
561 439 761 484 calamus,
784 439 983 477 nimirum
1005 439 1199 478 exclusus
1221 440 1275 478 ab
1297 453 1346 479 ea
1366 440 1563 480 libertate
1584 453 1713 491 quam
1736 439 1889 478 admit-

291 497 393 532 tunt
422 494 584 544 reliqua
614 493 1014 532 commentariorum
1046 506 1225 544 genera:
1273 507 1373 533 nam
1404 499 1448 533 et
1477 495 1746 546 paraphrasis
1777 506 1888 533 com-

292 548 489 587 mentarii
522 560 652 599 genus
685 551 763 587 est.
826 547 989 587 Deinde
1023 560 1155 598 quum
1191 548 1303 587 bona
1336 561 1433 599 pars
1467 548 1688 600 Euangelii
1722 551 1889 588 constet

229 614 275 644 40
292 602 534 641 narratione
575 614 714 641 rerum
755 606 984 653 gestarum,
1027 615 1160 652 eaque
1201 602 1381 653 simplici
1423 616 1471 641 ac
1512 603 1653 654 plana,
1695 602 1887 641 fortassis

291 656 506 695 videbitur
528 656 596 695 hic
619 656 917 707 paraphrastes
941 656 1046 694 nihil
1069 656 1183 695 aliud
1207 670 1336 707 quam
1359 657 1574 697 lucernam
1598 657 1824 697 accendere
1847 657 1891 695 in

291 710 476 757 meridie,
497 710 621 749 iuxta
641 710 895 749 Graecorum
916 711 1201 761 prouerbium.

346 764 439 803 Iam
457 778 590 815 quum
610 769 774 804 veteres
791 765 835 803 in
854 765 1060 816 allegoriis
1078 765 1338 816 explicandis
1356 766 1513 817 partim
1533 766 1711 812 varient,
1732 765 1889 816 partim

291 818 349 858 sic
371 823 503 870 agant
522 823 574 858 vt
594 819 697 858 mihi
718 832 1026 870 nonnunquam
1047 819 1190 859 ludere
1211 820 1439 859 videantur
1458 833 1467 867 ;
1504 833 1580 859 1166
1602 820 1705 859 mihi
1726 820 1893 859 licuerit

231 883 273 917 45
292 886 364 912 eas
385 873 465 912 nisi
488 873 567 912 sub
590 886 769 924 persona
791 873 859 913 vel
881 873 1036 913 Christi
1058 874 1125 913 vel
1149 874 1447 926 Euangelistae
1470 875 1634 921 referre,
1659 874 1801 926 palam
1824 878 1891 913 est

291 928 336 966 in
375 928 549 978 quantis
589 928 795 979 angustiis
833 941 967 968 essem
1008 933 1265 968 versaturus.
1336 929 1501 969 Omitto
1541 929 1657 980 quod
1697 929 1889 968 Christus

291 982 503 1033 quaedam
531 983 594 1021 ita
621 982 790 1022 locutus
817 986 883 1022 est
909 987 960 1022 vt
988 986 1081 1022 tum
1110 996 1243 1034 quum
1272 983 1443 1030 diceret,
1473 983 1650 1035 intelligi
1678 982 1892 1023 noluerit:

291 1036 408 1087 quod
428 1049 559 1088 genus
580 1040 645 1076 est
664 1036 783 1084 illud,
809 1036 818 1052 ‘
836 1037 998 1077 Soluite
1018 1038 1226 1089 templum
1248 1038 1341 1084 hoc,
1364 1042 1408 1077 et
1428 1038 1472 1076 in
1493 1038 1636 1077 triduo
1658 1036 1891 1077 aedificabo

290 1090 396 1129 illud
411 1090 446 1137 ';
507 1104 673 1130 rursum
717 1091 770 1130 de
814 1091 993 1131 emendo
1037 1092 1190 1144 gladio,
1230 1092 1282 1131 de
1319 1092 1528 1131 fermento
1567 1092 1889 1131 Pharisaeorum

235 1154 277 1189 50
293 1145 484 1184 vitando.
534 1145 677 1192 Porro,
698 1145 743 1184 in
763 1158 812 1184 eo
832 1159 1023 1185 sermone
1043 1159 1129 1197 quo
1148 1146 1354 1198 praedicit
1375 1146 1586 1186 excidium
1607 1146 1722 1185 vrbis
1742 1145 1889 1185 Hiero-

292 1199 586 1250 solymitanae,
630 1199 757 1239 finem
799 1200 924 1239 huius
966 1200 1116 1239 mundi
1156 1204 1201 1240 et
1241 1201 1490 1240 afflictiones
1532 1200 1632 1239 olim
1674 1199 1890 1251 Apostolis

293 1257 534 1300 euenturas,
554 1254 617 1292 ita
635 1254 784 1294 miscet
802 1267 850 1293 ac
869 1258 1081 1306 temperat
1099 1268 1333 1294 sermonem
1354 1255 1484 1302 Iesus,
1505 1259 1554 1294 vt
1572 1255 1675 1294 mihi
1694 1254 1891 1294 videatur

293 1321 379 1346 non
399 1308 536 1347 solum
556 1308 772 1359 Apostolis
793 1308 865 1348 sed
886 1309 1008 1348 nobis
1028 1310 1159 1349 etiam
1180 1310 1382 1349 obscurus
1403 1323 1492 1349 esse
1512 1309 1706 1349 voluisse.

347 1362 458 1402 Sunt
483 1375 626 1401 rursus
651 1362 744 1402 loca
769 1363 980 1414 quaedam
1008 1377 1102 1403 mea
1128 1365 1340 1403 sententia
1365 1377 1535 1415 prorsus
1561 1363 1886 1415 inexplicabilia,

236 1426 274 1460 55
293 1428 475 1467 quorum
497 1421 562 1456 est
583 1416 634 1456 de
656 1422 831 1468 peccato
851 1418 896 1456 in
917 1418 1122 1469 Spiritum
1145 1422 1340 1458 sanctum
1362 1431 1582 1470 nunquam
1603 1417 1860 1457 remittendo
1881 1430 1889 1456 ε

294 1470 347 1510 (16
375 1470 443 1510 die
471 1484 681 1522 supremo,
711 1485 838 1522 quem
867 1472 980 1511 solus
1008 1472 1136 1511 Pater
1163 1473 1290 1519 norit,
1320 1473 1449 1512 etiam
1479 1473 1585 1512 Filio
1613 1473 1890 1523 incognitum.

295 1524 377 1564 Hic
400 1525 445 1564 in
468 1526 782 1565 commentariis
805 1526 905 1565 licet
928 1526 1088 1577 absque
1113 1527 1297 1578 periculo
1321 1527 1473 1567 referre
1498 1527 1730 1566 sententias
1754 1526 1889 1565 diuer-

294 1592 435 1618 sorum
469 1579 668 1627 diuersas,
702 1580 801 1619 licet
831 1581 1012 1632 ingenue
1042 1581 1168 1620 fateri
1198 1581 1338 1620 locum
1371 1582 1450 1620 sibi
1481 1595 1568 1620 non
1598 1581 1769 1632 liquere.
1830 1580 1890 1619 At

294 1633 407 1673 idem
430 1633 496 1672 ius
517 1647 604 1673 non
627 1638 692 1673 est
714 1635 1033 1686 paraphrastae.
1085 1635 1310 1675 Praeterea
1333 1640 1433 1674 sunt
1456 1635 1666 1686 quaedam
1690 1636 1752 1674 ita
1775 1634 1892 1674 dicta

233 1692 279 1723 60
296 1691 346 1727 vt
367 1687 423 1726 ad
446 1688 549 1727 haec
572 1701 742 1739 quoque
766 1693 961 1740 tempora
983 1690 1238 1740 pertineant,
1262 1691 1306 1728 in
1329 1690 1483 1741 quibus
1507 1690 1688 1741 plurima
1711 1693 1812 1728 sunt
1835 1689 1889 1728 ab

294 1741 549 1793 Apostolicis
571 1743 780 1782 institutis
803 1743 1063 1783 dissidentia.
1116 1744 1233 1784 Haec
1257 1749 1307 1783 vt
1329 1745 1479 1795 spiritu
1503 1744 1749 1796 prophetico
1773 1757 1890 1794 prae-

295 1797 466 1836 scierint
483 1797 794 1848 Euang'elistae,
813 1802 925 1837 certe
942 1798 1021 1837 sub
1037 1798 1204 1837 illorum
1222 1811 1401 1850 persona
1417 1812 1503 1837 non
1519 1802 1698 1850 possunt
1714 1798 1889 1843 narrari,

295 1851 375 1889 nisi
395 1850 544 1902 frigide
564 1856 609 1891 et
629 1856 788 1891 coacte.
836 1852 1040 1892 Mouebat
1060 1857 1104 1892 et
1123 1853 1228 1892 illud
1248 1854 1437 1892 animum
1459 1866 1614 1899 meum,
1637 1853 1671 1891 si
1690 1853 1735 1891 in
1755 1852 1891 1891 solum

295 1905 565 1944 Matthaeum
580 1906 660 1945 hoc
676 1919 827 1957 operae
843 1920 1065 1954 sumerem,
1082 1907 1171 1946 fore
1186 1908 1379 1958 protinus
1395 1908 1469 1958 qui
1483 1907 1595 1947 idem
1612 1907 1893 1958 efflagitarent

235 1963 277 2002 65
295 1959 340 1998 in
372 1963 559 1999 caeteros
592 1960 901 2012 Euangelistas.
964 1961 1152 2009 Quorum
1185 1961 1400 2001 voluntati
1432 1962 1467 2000 si
1499 1975 1658 2001 morem
1690 1973 1889 2013 gererem,

296 2013 490 2053 futurum
517 2018 567 2053 vt
592 2015 696 2053 mihi
722 2016 888 2066 saepius
914 2016 1061 2055 eadem
1088 2020 1229 2055 essent
1254 2016 1496 2067 repetenda,
1524 2016 1723 2055 nimirum
1749 2015 1893 2054 omnia

296 2068 341 2106 in
379 2068 534 2118 quibus
571 2068 682 2108 inter
720 2082 763 2109 se
802 2070 1074 2109 consentiunt
1113 2070 1424 2121 Euangelistae.
1493 2070 1567 2110 Sin
1605 2083 1656 2109 ex
1695 2069 1892 2108 omnibus

296 2125 547 2173 perpetuam
564 2123 780 2173 quandam
798 2124 1051 2163 narrationis
1068 2125 1216 2164 seriem
1234 2129 1501 2164 contexerem
1521 2126 1669 2176 (quum
1687 2123 1895 2175 explicare

297 2175 563 2216 dissonantes
584 2177 698 2216 locos
719 2178 764 2216 in
786 2177 1069 2229 Euangelistis
1090 2179 1195 2217 nihil
1217 2179 1333 2217 aliud
1355 2180 1411 2218 sit
1432 2192 1562 2230 quam
1584 2179 1628 2217 in
1650 2177 1894 2229 labyrintho

237 2239 282 2272 7Ο
296 2230 484 2281 quodam
507 2231 696 2281 versari),
719 2245 806 2271 non
827 2233 1060 2283 potuissem
1083 2234 1237 2272 seruire
1259 2234 1552 2284 perspicuitati
1573 2233 1892 2284 paraphraseos

353 2283 432 2324 His
455 2288 500 2324 et
521 2285 764 2324 huiusmodi
787 2286 977 2337 plurimis
1000 2288 1259 2338 argumentis
1283 2300 1415 2338 quum
1439 2287 1684 2338 deprecarer
1706 2286 1892 2326 delatam

299 2339 574 2389 prouinciam,
601 2341 789 2391 mihique
814 2341 979 2380 viderer
1003 2341 1158 2381 habere
1184 2355 1355 2381 causam
1381 2342 1538 2380 bonam
1564 2354 1612 2381 ac
1638 2340 1892 2386 vincibilem,

298 2398 444 2432 tamen
465 2393 535 2433 ille
558 2394 663 2434 vicit
684 2394 898 2442 facundia,
923 2396 1028 2434 Vicit
1051 2396 1296 2443 autoritate,
1321 2397 1454 2435 totius
1477 2396 1639 2447 negocii
1662 2394 1893 2446 periculum

298 2451 342 2486 et
359 2447 495 2487 aleam
511 2448 557 2487 in
572 2461 661 2488 sese
677 2449 893 2500 recipiens.
939 2449 1027 2490 Nec
1045 2463 1171 2490 ausus
1189 2463 1282 2489 sum
1300 2450 1460 2489 diutius
1475 2450 1586 2489 illius
1603 2450 1683 2488 viri
1698 2447 1896 2489 reluctari

238 2511 278 2543 75
299 2501 484 2548 consilio,
511 2503 629 2542 cuius
653 2503 836 2543 consiliis
860 2507 937 2542 tua
960 2505 1160 2544 maiestas
1183 2505 1441 2556 grauissimis
1463 2504 1508 2543 in
1531 2504 1656 2543 rebus
1679 2503 1786 2542 solet
1809 2515 1895 2541 non

298 2555 508 2595 illibenter
531 2557 835 2608 obtemperare.
888 2557 948 2596 Et
970 2562 1115 2598 tamen
1138 2572 1270 2610 quum
1294 2572 1370 2610 ego
1392 2572 1478 2598 non
1500 2558 1625 2610 plane
1647 2557 1894 2608 recepissem

300 2611 533 2661 negocium,
565 2611 638 2650 sed
667 2615 839 2650 tantum
868 2612 1080 2662 pollicitus
1110 2626 1243 2652 essem
1272 2613 1501 2664 aliquando
1531 2616 1782 2652 conaturum
1812 2623 1892 2657 me,

300 2663 335 2701 si
373 2663 483 2704 forte
522 2665 780 2716 procederet,
820 2665 888 2705 ille
926 2666 1213 2706 Mediolanum
1253 2681 1296 2707 se
1335 2667 1553 2707 conserens
1591 2679 1685 2706 meo
1723 2665 1893 2704 nomine

301 2718 589 2768 spoponderat
609 2719 831 2759 Germanis
848 2733 954 2772 opus
973 2721 1053 2760 hac
1073 2721 1225 2773 hyeme
1248 2721 1531 2773 proditurum.
1584 2721 1737 2772 Itaque
1760 2731 1893 2770 quum

348 2799 399 2833 54.
419 2803 558 2834 prorsus
569 2795 827 2836 inexplicabilia
841 2808 879 2828 az
898 2796 958 2828 vix
970 2798 1077 2829 etiam
1091 2796 1302 2829 doctissimis
1313 2796 1535 2839 explicabilia
1547 2809 1561 2826 ε
1574 2809 1581 2828 :
1598 2794 1856 2837 inexplicabilia
1867 2793 1892 2833 ζ.

305 2842 356 2877 55.
381 2847 561 2878 nunquam
578 2839 653 2871 add.
671 2839 730 2878 75⁸:
757 2850 819 2872 om.
838 2851 886 2872 αε.
1003 2847 1054 2881 57.
1072 2841 1155 2873 licet
1170 2841 1229 2881 γζε
1254 2841 1341 2873 libet
1357 2853 1405 2873 αε.
1522 2841 1573 2879 58.
1592 2839 1658 2871 sibi
1675 2851 1711 2869 αε
1727 2851 1734 2871 :
1758 2838 1824 2870 tibi
1840 2837 1892 2877 βζ.

313 2893 400 2953 Π38.
426 2895 668 2947 commentarii
712 2917 835 2958 genus]
880 2917 930 2950 Cf.
974 2917 1064 2959 Epp.
1177 2917 1230 2950 68.
1256 2916 1477 2959 perpetuam]
1515 2914 1728 2948 Afterwards
1771 2915 1894 2947 under-

300 2965 520 3039 2332337—9,
544 2964 638 2998 1333.
664 2967 739 2998 397,
763 2969 856 3000 1342.
874 2969 950 3000 929,
971 2960 1063 3001 1381.
1133 2960 1305 3043 {alffiqby
1319 2960 1468 3002 Ziegler:
1492 2969 1548 2991 see
1560 2959 1626 3001 Ep.
1644 2959 1736 2990 1260.
1755 2958 1894 2998 179—81,

346 3051 401 3081 41.
426 3044 618 3085 lucernam]
635 3045 685 3077 Cf.
705 3045 810 3085 Adaq.
835 3050 928 3087 1406.
1177 3049 1233 3087 78.
1260 3047 1510 3086 Mediolanum]
1528 3046 1578 3079 Cf.
1597 3046 1662 3088 Ep.
1684 3047 1776 3086 1248.
1800 3054 1872 3084 14n.
