2012 3370
280 146 358 186 288
755 151 1010 192 LETTERS
1043 152 1114 192 OF
1144 153 1408 193 ERASMUS
1761 153 1885 201 [1523

219 262 258 302 65
281 262 411 309 atque
439 259 535 298 hinc
564 262 775 299 contraria
803 261 958 308 studia,
989 267 1038 301 vt
1064 263 1168 301 nihil
1196 264 1319 303 scribi
1347 265 1481 315 possit
1508 267 1599 302 tam
1626 262 1781 301 insulse
1809 266 1885 301 aut

280 313 410 351 etiam
439 315 580 364 impie,
616 316 718 365 quin
751 316 943 354 inueniat
975 318 1048 367 qui
1081 317 1230 368 pollice
1262 318 1435 357 faueat:
1486 330 1628 356 rursus
1661 317 1765 355 nihil
1793 322 1882 355 tam

280 365 457 406 feliciter
488 373 564 406 aut
596 370 896 420 circunspecta,
930 375 979 409 vt
1009 371 1241 410 remedium
1273 374 1329 411 sit
1360 372 1562 411 aduersus
1594 370 1884 422 sycophantae

280 433 456 460 morsus.
515 422 616 461 Fuit
656 423 736 462 hoc
776 423 1038 464 infelicitatis
1079 439 1210 473 meae,
1254 431 1303 465 vt
1344 439 1438 465 mea
1479 430 1674 465 senectus
1720 426 1764 463 in
1804 424 1884 463 hoc

280 475 467 513 seculum
505 477 713 516 inciderit.
774 477 969 517 Orandus
1003 484 1067 518 est
1102 480 1310 519 Dominus
1344 481 1462 520 Iesus
1496 485 1558 527 vt,
1590 481 1664 530 qui
1698 478 1811 518 solus
1840 478 1883 516 id

216 541 260 571 70
278 533 433 579 potest,
456 543 532 568 suo
553 532 704 581 spiritu
725 533 889 571 animos
910 533 1135 573 Christiani
1161 535 1305 586 populi
1327 540 1466 574 vertat
1492 536 1535 573 in
1557 546 1742 572 amorem
1768 533 1885 583 pacis

277 588 321 620 et
353 584 613 624 concordiae.
674 586 845 625 Etenim
877 600 1007 638 quam
1040 589 1112 627 (liu
1145 591 1295 640 spiritu
1330 594 1475 628 nostro
1508 587 1882 632 tumultuabimur,

276 650 361 687 quo
384 640 517 689 magis
540 639 783 679 adnitemur
805 647 972 681 nosmet
994 643 1216 694 explicare,
1242 648 1367 683 tanto
1390 645 1524 694 magis
1546 642 1828 681 inuoluemur.

331 691 469 739 Quam
499 693 592 732 aliis
622 695 809 734 arrideat
838 696 917 734 hoc
946 697 1134 736 seculum
1164 699 1318 745 nescio,
1350 698 1454 736 mihi
1485 702 1597 736 certe
1628 707 1883 747 magnopere

272 745 480 796 displicet.
538 748 605 787 Sic
630 748 798 788 seruent
822 752 1010 801 partium
1035 751 1178 791 studia
1202 757 1251 791 vt
1276 766 1361 791 non
1385 753 1520 803 possit
1545 764 1633 790 esse
1659 762 1883 802 syncerum

212 814 250 845 75
273 800 490 840 iudicium.
550 802 789 854 Iurgiorum
838 809 882 844 et
930 807 1118 844 rixarum
1168 806 1293 857 plena
1342 811 1443 845 sunt
1491 807 1647 845 omnia.
1706 804 1884 843 Penitus

273 854 444 894 sublata
468 860 533 895 est
557 857 630 895 illa
654 857 827 897 libertas
853 872 902 897 ac
927 861 1118 899 suauitas
1144 860 1396 907 studiorum,
1423 862 1509 900 imo
1534 859 1736 910 neglectis
1761 858 1884 897 bonis

273 909 495 949 autoribus
518 911 621 949 nihil
645 912 787 962 placet
811 914 890 951 nisi
914 914 1030 964 quod
1055 914 1306 953 seditionem
1330 916 1457 965 sapit.
1516 915 1693 953 Interim
1719 916 1884 964 quanta

274 962 414 1002 clades
447 965 695 1004 concordiae
728 966 1019 1006 Christianae!
1080 967 1217 1015 Quam
1250 970 1323 1007 vix
1356 982 1537 1019 vsquam
1568 969 1753 1019 reperias
1785 979 1881 1017 syn-

275 1029 413 1056 ceram
434 1018 549 1057 illam
571 1033 619 1057 ac
641 1020 873 1070 simplicem
891 1023 1137 1068 amicitiam,
1156 1036 1241 1061 non
1258 1023 1401 1073 aliquo
1420 1023 1631 1061 fermento
1648 1023 1850 1060 viciatam
1872 1020 1878 1058 l

212 1077 256 1108 80
274 1070 526 1111 Coniuratos
557 1075 752 1124 reperias,
787 1076 944 1113 amicos
975 1089 1259 1127 nequaquam.
1321 1077 1432 1124 Quid
1463 1081 1608 1115 autem
1640 1080 1703 1115 est
1735 1079 1880 1114 nostra

273 1125 430 1176 religio,
463 1128 496 1165 si
526 1127 639 1165 tollis
670 1141 817 1179 pacem
839 1132 854 1166 ’ἶ
915 1130 1125 1169 Nimirum
1157 1144 1205 1170 ea
1237 1144 1379 1170 rerum
1412 1131 1541 1170 facies
1571 1131 1663 1177 erit,
1696 1130 1817 1181 quasi
1848 1129 1881 1167 si

274 1179 400 1218 tollas
429 1180 559 1220 solem
588 1195 609 1220 e
640 1182 812 1222 mundo.
871 1184 1017 1223 Malim
1046 1198 1123 1236 ego
1154 1185 1221 1224 vel
1250 1185 1407 1225 holitor
1435 1199 1537 1232 esse,
1567 1184 1882 1236 tranquillitate

274 1233 515 1273 Christiana
556 1236 699 1275 fruens
747 1250 796 1276 ac
844 1239 1018 1289 spiritus
1063 1239 1308 1291 Euangelici
1356 1240 1629 1291 simplicitate
1677 1238 1879 1290 gaudens,

274 1300 404 1338 quam
441 1294 590 1341 terque
629 1296 866 1343 quaterque
903 1295 1115 1332 maximus
1153 1294 1375 1346 theologus
1412 1293 1655 1333 huiusmodi
1698 1292 1881 1331 dissidiis

213 1350 250 1389 85
273 1343 505 1383 inuolutus.
559 1345 650 1396 Ego
667 1350 793 1393 certe,
812 1347 927 1398 quod
945 1347 999 1386 ad
1017 1361 1084 1387 me
1100 1350 1299 1399 pertinet,
1318 1349 1398 1388 hoc
1415 1361 1494 1400 ago
1514 1349 1618 1387 totis
1634 1348 1809 1393 viribus,
1831 1350 1881 1384 vt

275 1396 354 1435 hoc
399 1397 657 1438 fermentum
700 1413 752 1439 ex
794 1402 957 1440 intimis
999 1403 1126 1440 animi
1175 1404 1257 1441 mei
1301 1403 1418 1442 fibris
1467 1402 1681 1448 tenellam,
1728 1413 1879 1451 meque

274 1452 498 1491 restituam
576 1454 841 1504 simplicitati
916 1456 1305 1508 tranquillitatique
1374 1458 1547 1508 spiritus
1618 1455 1877 1506 Euangelici,

274 1518 426 1557 meque
454 1520 708 1558 componam
735 1509 779 1547 in
807 1522 905 1548 eum
936 1509 1133 1549 habitum
1157 1513 1325 1557 mentis,
1351 1524 1436 1562 quo
1464 1511 1577 1550 bona
1606 1523 1702 1549 cum
1722 1509 1879 1548 fiducia

274 1572 516 1611 comparere
535 1563 693 1612 possim
715 1563 829 1614 apud
849 1564 1039 1603 tribunal
1059 1565 1155 1604 Iesu
1176 1565 1353 1605 Christi:
1386 1579 1471 1616 quo
1491 1564 1671 1604 fortasse
1692 1577 1783 1603 cras
1803 1567 1880 1602 aut

211 1629 256 1661 90
274 1615 472 1664 perendie
496 1616 574 1654 sim
595 1617 883 1657 accersendus.
940 1618 1195 1670 Quanquam
1226 1620 1423 1658 omnibus
1447 1620 1595 1659 eodem
1621 1617 1878 1658 veniendum

275 1673 352 1714 est,
374 1682 511 1720 neque
537 1672 737 1721 cuiquam
757 1672 861 1710 haec
882 1673 973 1711 vita
994 1673 1119 1724 longa
1139 1678 1283 1725 potest
1304 1687 1406 1720 esse,
1429 1675 1596 1712 etiamsi
1617 1677 1728 1712 esset
1748 1677 1877 1711 certa.

277 1722 401 1761 Nunc
434 1736 567 1774 quum
602 1726 764 1764 incerta
797 1727 865 1772 sit,
901 1728 959 1765 sic
997 1732 1167 1778 oportet
1206 1741 1351 1767 omnes
1389 1729 1531 1767 viuere
1570 1729 1691 1778 quasi
1731 1726 1878 1765 eadem

276 1782 400 1816 nocte
421 1779 477 1817 sit
497 1791 522 1817 a
541 1779 664 1818 nobis
683 1781 826 1819 anima
845 1782 1118 1832 reposcenda.

331 1831 500 1871 Lubens
530 1838 675 1872 autem
707 1834 907 1874 adhorter
937 1848 1082 1875 omnes
1113 1840 1163 1875 vt
1192 1838 1308 1876 seriis
1338 1836 1491 1876 studiis
1520 1849 1597 1888 pro
1627 1849 1670 1875 se
1701 1836 1880 1886 quisque

212 1902 251 1934 95
275 1890 376 1937 agat
394 1886 510 1937 quod
529 1900 621 1938 ago.
680 1887 847 1928 Gradus
866 1889 1018 1941 aliquis
1037 1890 1165 1929 fuerit
1185 1891 1240 1930 ad
1259 1891 1522 1930 sarciendam
1542 1890 1824 1936 concordiam,
1846 1890 1880 1928 si

275 1941 454 1991 quisque
493 1954 664 1992 syncere
705 1956 754 1981 ac
794 1943 927 1983 veluti
968 1958 1109 1984 coram
1149 1945 1240 1984 Deo
1279 1958 1403 1985 suum
1445 1946 1634 1984 animum
1673 1948 1879 1995 expurget

276 2006 301 2032 a
341 1994 550 2034 fermento
593 1996 690 2043 odii,
733 1997 877 2037 liuoris
918 2003 962 2038 et
1004 2000 1300 2038 contentionis.
1359 1999 1546 2050 Simplex
1588 1998 1734 2038 oculus
1774 1997 1879 2037 nihil

275 2053 442 2098 spectat
480 2051 560 2089 nisi
598 2051 773 2101 gloriam
813 2051 980 2092 Christi.
1041 2053 1121 2101 Qui
1160 2055 1466 2093 concionantur
1504 2053 1619 2105 apud
1656 2052 1877 2104 populum,

275 2115 511 2142 sermonem
542 2104 846 2155 Euangelicum
884 2120 988 2157 pure
1027 2121 1284 2159 syncereque
1321 2112 1523 2155 tractent,
1562 2107 1667 2146 nulli
1705 2106 1878 2158 quidem

194 2172 256 2195 100
275 2161 554 2204 assentantes,
585 2159 658 2197 sed
686 2160 856 2198 interim
885 2166 1095 2211 quantum
1124 2162 1213 2200 fieri
1242 2166 1387 2213 potest
1414 2165 1702 2213 temperantes
1731 2161 1785 2200 ab
1814 2160 1879 2199 his

275 2223 384 2261 quae
430 2216 626 2262 spectant
672 2213 726 2251 ad
772 2214 1022 2254 seditionem
1068 2218 1202 2267 magis
1247 2230 1377 2267 quam
1423 2217 1478 2255 ad
1523 2215 1875 2255 aedificationem.

274 2264 400 2304 Absit
448 2265 650 2305 aduersus
699 2269 939 2318 proximum
990 2274 1066 2308 aut
1114 2272 1244 2309 etiam
1292 2272 1486 2322 iniquum
1535 2270 1752 2309 iudicium.
1811 2268 1877 2308 Sic

275 2321 564 2371 vnusquisque
590 2321 641 2359 de
666 2322 834 2372 scriptis
859 2322 1004 2362 alienis
1029 2326 1280 2374 pronunciet
1305 2329 1355 2363 Vt
1379 2324 1507 2364 vellet
1532 2324 1802 2376 pronunciari
1826 2323 1879 2362 de

274 2374 372 2412 suis.
431 2373 653 2413 Caeterum
688 2389 833 2415 eorum
867 2390 976 2428 quae
1009 2379 1243 2417 necessario
1277 2384 1483 2429 cogantur
1517 2392 1662 2417 omnes
1696 2377 1876 2424 credere,

194 2443 249 2476 105
273 2426 464 2467 definitio
497 2429 777 2469 contrahatur
809 2430 864 2469 ad
896 2433 1179 2482 paucissima;
1229 2433 1345 2483 quod
1377 2433 1549 2484 quidem
1582 2432 1726 2471 licebit
1758 2431 1878 2470 salua

272 2483 530 2532 synceritate
576 2483 847 2534 professionis
894 2486 1170 2525 Christianae.
1228 2486 1411 2538 Reliqua
1456 2486 1525 2525 vel
1571 2486 1878 2537 prohibeantur

272 2536 440 2586 inquiri,
470 2537 538 2576 vel
563 2551 640 2576 suo
668 2539 871 2590 cuiusque
897 2540 1053 2579 iudicio
1080 2541 1387 2592 relinquantur.
1446 2540 1510 2579 Ea
1536 2554 1601 2579 res
1627 2553 1713 2579 non
1740 2539 1876 2578 solum

272 2589 424 2629 efficiet
448 2595 498 2629 vt
522 2592 701 2642 posthac
725 2594 972 2633 exoriantur
996 2596 1196 2645 pauciora
1221 2595 1407 2642 dissidia,
1428 2608 1577 2633 verum
1598 2596 1728 2633 etiam
1754 2593 1809 2632 ad
1833 2593 1876 2632 id

272 2644 494 2692 conducet,
528 2650 578 2684 vt-
609 2646 753 2697 religio
786 2647 1025 2687 Christiana
1056 2649 1221 2688 facilius
1253 2663 1327 2700 per
1359 2661 1505 2688 omnes
1539 2649 1651 2687 orbis
1682 2649 1878 2687 nationes

193 2714 253 2735 110
272 2704 542 2749 propagetur.
601 2700 710 2739 Tum
746 2706 892 2740 autem
928 2704 1193 2754 corrigantur
1227 2717 1277 2742 ea
1313 2704 1365 2742 de
1401 2703 1556 2754 quibus
1590 2704 1676 2742 iam
1711 2701 1875 2753 pridem

273 2752 457 2791 mundus
475 2755 626 2793 merito
645 2756 849 2805 queritur.
908 2756 1079 2795 Etenim
1098 2759 1132 2796 si
1149 2757 1278 2796 iudex
1295 2757 1363 2796 ille
1380 2759 1536 2808 impius
1553 2758 1598 2796 in
1616 2757 1753 2796 Euan.
1773 2755 1875 2794 Luc.

272 2818 357 2844 non
382 2808 553 2847 omnino
579 2811 835 2860 contempsit
859 2811 1243 2862 interpellationem
1269 2825 1493 2863 oppressae
1517 2811 1685 2857 viduae,
1712 2813 1876 2861 quanto

319 2967 372 2998 77.
396 2958 619 2997 seditionem]
634 2959 684 2991 Cf.
702 2959 766 3000 Ep.
787 2969 880 3000 1359.
901 2964 949 2994 16.
1154 2973 1208 3005 97.
1233 2961 1386 3003 Simplex
1409 2961 1542 3000 oculus]
1563 2961 1613 2993 Of.
1637 2961 1739 2993 Matt.
1762 2964 1793 2995 6.
1817 2972 1872 2997 22.

320 3009 373 3041 93.
398 3001 516 3034 anima
540 3001 766 3044 reposcenda]
789 3003 839 3035 Cf.
866 3003 961 3035 Luke
989 3013 1037 3036 12.
1110 3005 1205 3036 Luke
1227 3015 1275 3036 11.
1296 3015 1347 3045 34.

274 3052 329 3075 20.
1158 3059 1230 3081 111.
1253 3048 1374 3087 iudex]
1389 3047 1485 3080 Luke
1503 3048 1553 3080 18.
1569 3051 1643 3081 2-6.
