2012 3370
190 129 266 166 156
661 126 917 165 LETTERS
948 125 1020 165 OF
1050 126 1313 166 ERASMUs
1662 128 1702 176 [Ι
1707 136 1786 176 522

187 237 323 276 Moses
361 237 604 288 repudiauit
643 237 757 276 Ietro
796 238 1031 285 consilium,
1067 238 1234 277 etiamsi
1267 251 1343 288 ego
1383 237 1497 276 Ictro
1541 249 1627 276 non
1665 250 1758 276 sum
1780 250 1789 283 ;

186 291 259 331 sed
278 296 423 331 tamen
441 292 555 343 apud
576 292 804 330 Horatium
823 293 971 332 Dauus
990 292 1113 332 fidele
1129 292 1349 331 consilium
1367 291 1564 343 impartit
1581 291 1681 330 hero
1699 304 1790 330 suc.

126 357 171 382 20
186 346 230 386 Si
259 346 363 397 quid
394 346 474 385 erit
502 345 618 397 quod
649 346 915 397 probabitur,
946 347 1091 386 licebit
1119 347 1197 385 vti.
1255 346 1298 386 Si
1329 346 1434 385 nihil
1462 346 1556 392 erit,
1587 346 1790 397 quoniam

187 405 354 451 praeter
381 400 487 438 duos
513 413 590 439 nos
616 413 740 439 nemo
768 406 1005 452 cognoscet,
1034 401 1150 440 nullo
1177 400 1361 452 periculo
1388 413 1453 439 res
1480 400 1791 439 obliterabitur.

188 455 276 494 Nos
294 455 474 493 humiles
491 454 685 493 videmus
703 459 747 494 et
765 455 962 494 audimus
978 455 1160 495 fortasse
1177 455 1389 507 quaedam
1407 468 1493 494 non
1511 453 1793 506 aspernanda,

187 522 298 560 quae
317 521 506 548 summos
529 509 641 548 viros
662 509 845 561 fugiant.

243 563 294 601 In
326 563 472 614 primis
504 563 610 602 illud
641 564 879 603 cauendum
913 578 1075 611 censeo,
1108 578 1161 603 ne
1193 564 1364 616 priuata
1394 563 1664 615 quorundam
1696 561 1797 602 odia

128 636 167 669 25
188 617 362 656 laedant
398 617 616 669 publicum
654 618 767 657 orbis
803 623 848 658 et
884 619 1039 658 Christi
1076 619 1326 670 negocium;
1380 623 1424 657 et
1459 619 1519 657 sic
1555 617 1797 656 vindicetur

188 672 409 710 hominum
443 672 666 718 autoritas,
702 678 752 711 vt
783 686 871 713 non
903 673 1110 725 prodatur
1144 674 1354 712 autoritas
1387 673 1484 712 Iesu
1517 672 1687 719 Christi,
1722 671 1797 722 qui

187 726 301 765 solus
320 730 386 765 est
404 726 493 765 heri
512 730 557 766 et
575 727 701 766 hodie
719 727 810 779 ipse
828 732 874 767 et
890 728 935 767 in
953 727 1106 768 secula.
1165 728 1206 767 N
1208 740 1254 766 os
1273 727 1374 766 olim
1394 727 1605 778 quaedam
1625 726 1798 765 liberius

188 780 480 820 lusimus—sic
503 785 599 820 tum
613 781 780 820 ferebat
794 786 1037 834 temporum
1053 782 1408 834 tranquillitas—,
1425 795 1511 821 non
1527 781 1796 832 suspicantes

189 835 269 874 hoc
295 835 483 874 seculum
510 836 788 875 exoriturum.
846 837 985 884 Nunc,
1013 838 1216 888 quoniam
1245 836 1368 875 video
1395 849 1484 875 rem
1511 836 1796 875 Christianam

130 908 174 941 30
190 890 234 928 in
255 902 384 941 graue
405 889 631 929 discrimen
652 890 821 938 adduci,
839 891 977 930 modis
991 891 1189 930 omnibus
1212 890 1535 941 aduigilandum
1556 894 1635 936 est,
1658 901 1795 939 neque

190 944 420 995 quicquam
464 945 636 983 omnino
680 944 869 984 dandum
913 946 1094 996 priuatis
1136 944 1374 983 affectibus.
1433 944 1575 982 Nolim
1618 943 1799 982 ominari

191 998 313 1037 male.
371 998 532 1037 Tamen
551 999 674 1038 video
694 1000 789 1050 plus
807 1000 1027 1038 imminere
1045 999 1218 1050 periculi
1237 1012 1367 1050 quam
1387 998 1552 1045 vellem,
1573 1002 1650 1036 aut
1668 1010 1798 1048 quam

192 1052 316 1092 multi
332 1053 586 1104 intelligant.
646 1053 821 1092 Vtinam
839 1054 1030 1093 Christus
1047 1054 1190 1092 omnia
1207 1057 1351 1092 vertat
1366 1053 1410 1091 in
1427 1053 1587 1091 bonum
1604 1052 1769 1091 exitum
1791 1050 1798 1089 !

246 1107 408 1146 Ciuitas
448 1107 551 1146 haec
592 1107 759 1147 Basilea
800 1108 946 1147 multis
985 1108 1159 1147 dotibus
1199 1108 1352 1147 eximie
1392 1107 1558 1153 florens,
1599 1106 1800 1158 peculiari

133 1179 172 1213 35
192 1161 379 1212 quodam
403 1161 546 1200 studio
570 1161 741 1201 ducitur
762 1176 862 1214 erga
884 1162 1026 1202 sedem
1049 1163 1191 1208 istam,
1216 1175 1350 1214 quum
1373 1161 1429 1200 ob
1452 1161 1602 1208 multa,
1627 1165 1722 1200 tum
1745 1160 1801 1199 ob

193 1215 413 1267 Synodum
439 1216 657 1266 quondam
683 1217 750 1256 hic
776 1217 983 1256 habitam.
1042 1216 1225 1255 Proinde
1251 1216 1379 1267 digna
1404 1220 1483 1262 est,
1510 1229 1604 1255 meo
1629 1214 1800 1260 iudicio,

193 1269 340 1310 fauore
365 1271 610 1309 sanctitatis
634 1275 749 1318 tuae,
777 1272 1026 1323 praesertim
1051 1285 1184 1323 quum
1211 1271 1327 1322 quod
1353 1271 1476 1322 petit,
1504 1284 1580 1309 nec
1606 1269 1800 1321 iniquum

193 1325 251 1363 sit
271 1338 348 1364 nec
369 1324 550 1364 difficile.
610 1325 703 1364 Hoc
724 1326 864 1365 iussus
884 1339 978 1365 sum
1001 1326 1242 1372 asscribere,
1266 1338 1399 1377 quum
1421 1325 1526 1364 nihil
1548 1328 1660 1364 esset
1680 1337 1801 1375 opus.

194 1379 237 1418 Si
275 1383 352 1417 tua
389 1380 596 1418 sanctitas
633 1379 879 1431 dignabitur
917 1380 1184 1420 obedientiae
1222 1393 1339 1419 meae
1377 1379 1610 1431 periculum
1648 1378 1801 1424 facere,

132 1451 176 1481 40
194 1433 391 1485 iniungat
412 1433 529 1484 quod
552 1433 669 1473 volet
687 1447 697 1481 3
736 1435 817 1474 nisi
840 1439 1064 1486 promptus
1087 1439 1131 1474 et
1155 1434 1292 1474 alacer
1315 1447 1507 1485 paruero,
1532 1447 1584 1472 ne
1607 1436 1804 1472 numeret

196 1487 421 1527 Erasmum
447 1488 558 1526 inter
583 1502 693 1527 suos.
752 1489 934 1540 Spiritus
960 1489 1133 1528 Domini
1158 1489 1255 1528 Iesu
1281 1488 1437 1539 dirigat
1461 1488 1652 1526 animum
1677 1491 1801 1526 tuum

195 1546 240 1581 et
263 1555 408 1581 omnes
431 1546 529 1581 tuos
552 1547 731 1581 conatus
754 1543 809 1581 ad
832 1543 1013 1582 salutem
1038 1544 1151 1582 orbis
1175 1556 1223 1582 ac
1247 1543 1326 1582 Dei
1349 1543 1539 1594 gloriam.

252 1596 456 1635 Basileae.
489 1596 612 1635 Anno
632 1609 847 1636 M.D.XX11.
906 1609 969 1636 Xi.
991 1597 1078 1637 Cal.
1101 1598 1193 1636 Ian.

649 1773 773 1811 1330.
837 1771 904 1812 To
937 1771 1093 1813 JACOB
1126 1771 1352 1813 ZIEGLER.

248 1843 349 1886 Opus
365 1840 616 1886 Epistolarum
632 1855 666 1888 p.
682 1853 702 1887 7
708 1846 762 1887 58.
1500 1843 1620 1879 Basle.

249 1899 292 1934 N.
311 1911 344 1944 p.
360 1909 428 1944 723
447 1913 455 1934 ε
484 1900 599 1935 Lond.
617 1912 678 1936 xx.
696 1911 738 1945 32
757 1914 764 1936 :
793 1902 866 1936 LB.
883 1903 963 1947 642.
1370 1916 1414 1939 22
1431 1903 1635 1938 December
1652 1911 1753 1947 1522.

246 1980 536 2022 [Contemporary
566 1981 651 2013 with
681 1983 746 2024 Ep.
783 1992 876 2024 1329.
932 1983 1000 2015 For
1030 1983 1205 2015 Erasmus’
1238 1983 1530 2025 correspondence
1560 1982 1646 2015 with
1675 1981 1806 2024 Ziegler

201 2024 294 2055 since
312 2024 376 2065 Ep.
399 2026 483 2056 1260
500 2035 555 2056 see
572 2025 592 2056 l.
616 2025 706 2067 15n.]

409 2123 625 2154 ERASMVS
658 2125 762 2155 ROT.
796 2126 972 2156 IACOBO
1004 2127 1233 2157 LANDAVO
1267 2127 1458 2157 BAVARO
1491 2126 1527 2157 S.
1550 2128 1596 2156 D.

260 2185 515 2233 QVANQVAM
543 2199 707 2238 semper
734 2201 828 2226 sum
856 2189 1221 2239 occupatissimus,
1250 2202 1471 2240 nunquam
1499 2193 1646 2228 tamen
1673 2200 1805 2239 quam

205 2253 317 2279 nunc
340 2241 610 2291 occupatior;
650 2241 935 2288 nihilominus,
958 2256 1091 2294 quum
1111 2243 1237 2282 huius
1256 2243 1512 2295 reipublicae
1530 2243 1807 2294 magistratus

205 2294 496 2334 admonuisset
535 2308 578 2334 se
618 2296 872 2346 peculiarem
911 2298 1114 2336 nuncium
1154 2298 1264 2336 istuc
1303 2297 1646 2344 emendaturum,
1687 2309 1806 2348 prae-

205 2348 411 2388 fationem
441 2353 563 2388 tuam
593 2363 679 2401 qua
708 2351 753 2389 in
783 2351 1003 2391 Stunicam
1034 2352 1235 2399 velitaris,
1281 2354 1456 2392 ἀπνευστὶ
1486 2351 1655 2403 perlegi.
1709 2350 1807 2389 Non

170 2407 330 2454 Sagam
363 2404 548 2451 interim,
584 2404 799 2452 Landaue,
835 2407 993 2457 gratias
1027 2419 1103 2458 pro
1136 2407 1220 2446 isto
1253 2410 1330 2445 tuo
1363 2407 1408 2444 in
1441 2419 1510 2445 me
1542 2406 1698 2451 animo,
1734 2403 1807 2443 sed

207 2458 391 2508 optarim
420 2471 542 2509 posse
568 2458 734 2498 referre.
794 2460 1026 2500 Exosculor
1054 2465 1198 2500 autem
1227 2473 1355 2512 supra
1382 2473 1511 2512 quam
1539 2459 1623 2499 dici
1650 2462 1808 2511 potest,

492 2539 585 2572 1329.
613 2548 667 2580 23.
694 2539 835 2583 fugiunt
851 2542 896 2574 H.
1100 2554 1152 2585 43.
1179 2543 1237 2575 H:
1268 2551 1428 2575 M.c.xx11
1447 2557 1478 2574 α.

256 2620 349 2652 1329.
381 2622 431 2651 18.
458 2620 584 2660 Moses]
604 2621 653 2653 Cf.
677 2623 741 2664 Ep.
767 2625 860 2655 1006.
883 2632 956 2664 352.
1044 2624 1178 2656 micinae
1195 2624 1413 2658 traductionis
1428 2622 1627 2664 defensione.
1653 2623 1763 2655 There
1778 2622 1807 2653 is

260 2672 309 2700 19.
336 2663 539 2703 Horatium]
558 2665 593 2697 S.
616 2675 646 2696 2.
669 2675 699 2707 7.
1042 2678 1089 2699 no
1104 2668 1241 2708 preface
1258 2668 1305 2710 by
1321 2668 1473 2710 Ziegler3
1504 2667 1574 2699 and
1590 2667 1649 2699 the
1670 2666 1807 2708 preface

256 2715 309 2747 27.
334 2707 475 2739 liberius
506 2708 665 2747 lusimus]
697 2709 745 2741 Cf.
781 2710 845 2751 Ep.
882 2720 974 2751 1007.
1041 2712 1077 2742 in
1098 2712 1264 2743 Froben’s
1283 2722 1385 2743 name
1406 2722 1486 2753 says
1506 2711 1587 2743 that
1606 2711 1665 2742 the
1682 2709 1809 2741 author

212 2752 298 2795 Son.
344 2794 350 2795 .
1041 2759 1048 2766 ”
1068 2756 1248 2796 promittit
1268 2759 1473 2797 perpetuam
1496 2765 1610 2786 rerum
1632 2757 1807 2796 gestarum

259 2796 310 2831 30.
338 2793 532 2835 Synodum]
548 2795 598 2827 Cf.
617 2795 681 2836 Ep.
703 2805 795 2828 1021.
818 2798 879 2828 106
893 2807 963 2838 seq.
1043 2799 1165 2829 seriem
1196 2809 1239 2830 ex
1262 2802 1415 2840 quatuor
1446 2797 1644 2839 Euangeliis
1667 2800 1807 2828 contex-

260 2837 354 2868 1330.
382 2845 411 2875 3.
437 2838 618 2876 nuncium]
636 2839 685 2871 Cf.
702 2840 766 2881 Ep.
788 2849 882 2880 1329.
903 2852 975 2882 2—3.
1046 2845 1119 2872 tam
1134 2842 1153 2872 ³.
1200 2842 1246 2874 So
1264 2843 1294 2873 it
1314 2853 1397 2883 may
1417 2842 1459 2874 be
1478 2840 1629 2873 inserted
1649 2840 1729 2871 that
1749 2839 1809 2870 the

302 2880 569 2920 praefationem]
591 2882 662 2913 The
686 2883 877 2925 secondary
900 2884 978 2915 title
1046 2884 1192 2917 Libellus
1211 2885 1305 2917 itself
1324 2886 1353 2917 is
1374 2888 1494 2917 meant
1512 2884 1601 2916 here.
1646 2883 1682 2915 It
1703 2892 1809 2924 opens

216 2921 251 2954 of
267 2922 426 2964 Ziegler's
446 2924 592 2957 Libellus
616 2926 695 2967 (Ep.
717 2928 810 2959 1260.
839 2929 978 2969 179-80,
1046 2928 1131 2959 with
1162 2939 1184 2960 a
1215 2929 1314 2961 short
1343 2928 1583 2960 introduction
1614 2926 1724 2958 about
1756 2926 1810 2957 his

216 2975 317 3007 203n,
333 2968 454 3014 271--2)¹
467 2967 496 2998 is
510 2968 554 2999 In
565 2973 705 3009 quatuor
717 2970 979 3010 Euanyeliorum
1046 2972 1181 3012 project
1216 2972 1270 3004 for
1306 2971 1507 3012 composing
1543 2981 1564 3002 a
1601 2970 1810 3002 continuous

214 3013 409 3049 perpetuam
419 3009 592 3042 historiam
604 3012 775 3053 Proloyzts,
788 3023 863 3045 cum
879 3014 979 3045 Eras-
1046 3015 1222 3047 narrative
1243 3015 1278 3047 of
1298 3015 1357 3047 the
1378 3014 1530 3055 Gospels.
