2012 3370
103 136 226 186 1528]
599 133 672 173 To
700 133 856 173 JOHN
885 130 1201 173 CAEsARIUs
1620 128 1698 167 609

100 247 169 286 vel
184 259 318 285 vnum
334 250 632 298 argumentum
649 243 833 294 proferre
848 243 893 281 in
909 255 993 292 quo
1010 240 1162 279 fuerim
1178 239 1281 278 mihi
1298 238 1546 283 contrarius,
1564 249 1698 288 quum

101 305 169 340 tot
192 305 342 340 extent
366 313 483 339 meae
507 298 833 343 lucubrationes,
860 308 1077 347 quumque
1101 295 1180 333 hae
1204 293 1259 332 ab
1282 292 1556 343 iniquissimis
1580 303 1697 341 syco-

102 354 275 405 phantis
293 354 578 393 excutiantur.
635 351 756 390 Idem
775 350 911 389 scribo
931 349 1047 400 quod
1074 349 1174 387 olim
1201 347 1451 393 scribebam,
1479 345 1592 385 idem
1620 357 1699 396 ago

102 413 315 460 quatenus
337 408 448 453 licet,
475 420 523 445 ac
548 406 790 457 diligentius
814 417 894 454 ago
918 416 1048 454 quam
1072 415 1149 441 vos
1172 402 1350 453 putatis.
1723 416 1761 438 10

160 462 169 478 ‘
188 462 279 513 Ego
314 462 456 512 peperi
492 473 634 506 ouum,
673 459 886 497 Lutherus
921 457 1102 496 exclusit
1121 456 1144 495 ².
1209 456 1364 494 Mirum
1400 466 1500 493 vero
1536 452 1700 492 dictum

105 516 400 555 Minoritarum
439 516 632 559 istorum,
676 524 913 563 magnaque
954 515 998 549 et
1038 510 1152 549 bona
1191 509 1310 560 pulte
1351 508 1540 559 dignum.
1610 507 1701 557 Ego

104 571 226 620 posui
251 583 381 608 ouum
407 568 697 620 gallinaceum,
727 565 938 604 Lutherus
964 564 1144 603 exclusit
1169 563 1333 614 pullum
1359 561 1481 613 longe
1507 559 1700 599 dissimil-

103 624 265 663 limum.
307 623 424 662 Nihil
436 624 564 661 miror
576 621 630 660 ab
643 621 736 659 istis
750 619 971 658 ventribus
983 618 1089 657 talia
1101 618 1216 656 dicta
1229 616 1449 668 proficisci,
1464 620 1507 654 te
1520 615 1703 653 demiror

104 691 202 716 cum
234 677 317 716 illis
352 677 519 716 sentire.
584 675 718 725 Atqui
752 677 802 713 tu
836 674 925 723 ipse
960 673 1096 722 possis
1130 684 1219 710 esse
1255 672 1442 722 optimus
1477 670 1600 708 testis
1636 681 1759 717 111615

105 731 354 771 violentiam
398 730 573 768 Lutheri
617 741 781 779 semper
824 726 1100 777 improbasse,
1146 729 1410 764 metuentem
1454 736 1507 762 ne
1550 735 1616 762 res
1658 723 1703 761 in

105 789 301 824 cruentos
322 784 534 823 tumultus
555 783 702 821 exiret.

161 838 341 889 Optares
358 851 425 876 me
441 850 611 888 prorsus
627 836 802 875 siluisse.
849 833 961 882 Quid
976 847 1053 885 ego
1070 832 1198 871 audio
1219 836 1234 871 ’ἰ
1280 832 1348 870 An
1363 831 1459 870 ideo
1474 829 1704 869 tacendum

106 905 275 943 prorsus
309 896 401 931 erat
433 891 486 930 de
520 891 832 942 superstitione,
868 888 921 927 de
955 887 1199 939 sophistica,
1235 886 1287 924 de
1321 884 1703 937 pseudoepiscopis,

106 947 158 985 de
184 946 305 985 malis
330 945 560 991 monachis,
586 957 639 983 ne
664 945 759 995 quis
784 943 887 981 haec
912 942 995 981 alio
1019 942 1161 992 rapiat
1185 953 1315 992 quam
1341 943 1511 990 oportet
1533 942 1548 976 ?
1604 937 1706 984 Quis
1724 956 1767 978 20

106 1001 340 1040 diuinasset
360 999 475 1050 apud
497 998 729 1038 Germanos
749 997 881 1036 latere
902 996 1006 1035 talia
1026 999 1227 1047 portenta
1248 1007 1357 1046 quae
1378 1006 1491 1032 nunc
1513 991 1707 1031 videmus

106 1055 258 1093 exoriri
280 1057 296 1093 Τ
341 1054 350 1069 ‘
369 1054 466 1092 Huc
491 1053 749 1092 videbantur
769 1051 777 1067 ’
804 1051 958 1102 inquis,
988 1050 997 1065 ‘
1015 1049 1189 1089 tendere
1214 1053 1292 1087 tua
1318 1048 1476 1098 scripta
1496 1046 1520 1086 '.
1575 1045 1668 1092 Quo
1690 1048 1705 1083 ⁶?

106 1108 175 1147 Ad
201 1108 469 1147 factionem?
514 1107 568 1145 ab
597 1107 676 1145 hac
705 1118 869 1155 semper
897 1104 1111 1143 abhorrui.
1168 1102 1236 1141 Ad
1264 1102 1553 1141 seditionem?
1598 1100 1708 1138 hanc

106 1175 327 1213 nunquam
366 1175 452 1201 non
491 1174 586 1200 sum
625 1160 879 1199 detestatus.
948 1158 1039 1210 Ego
1078 1157 1262 1209 processi
1301 1169 1435 1206 vsque
1476 1154 1531 1193 ad
1569 1153 1706 1192 littus.

107 1216 175 1255 An
205 1216 301 1255 ideo
333 1216 479 1255 videor
511 1215 615 1254 mihi
646 1215 895 1260 contrarius,
930 1213 965 1252 si
997 1225 1064 1251 me
1095 1211 1193 1250 nolo
1225 1211 1501 1262 praecipitem
1533 1207 1634 1246 dare
1665 1208 1709 1246 in
1728 1228 1765 1258 25

108 1270 263 1309 fluctus
278 1273 294 1309 ⁴?

163 1324 291 1363 Doles
319 1337 385 1362 me
413 1323 522 1362 male
549 1322 708 1362 audire.
764 1321 823 1360 At
850 1334 926 1372 ego
954 1320 1140 1359 vicissim
1167 1318 1289 1357 doleo
1316 1330 1406 1356 esse
1432 1320 1524 1356 tam
1552 1314 1710 1354 multos

106 1379 218 1417 inter
246 1378 507 1418 Christianos
535 1378 609 1428 qui
638 1376 690 1414 de
719 1375 1016 1414 benemerente
1045 1373 1280 1424 loquuntur
1308 1371 1431 1410 male.
1490 1370 1710 1417 Quiescere

107 1445 194 1471 non
217 1431 351 1470 licuit.
406 1431 585 1481 Vtrique
610 1431 723 1481 parti
749 1429 913 1480 placere
938 1441 1024 1467 non
1049 1432 1257 1479 poteram.
1312 1425 1377 1464 Ne
1402 1425 1498 1464 Ioui
1523 1423 1709 1474 quidem,

108 1489 158 1525 vt
194 1486 329 1532 aiunt,
366 1485 446 1524 hoc
482 1484 635 1523 datum
671 1488 749 1529 est,
788 1487 838 1521 vt
872 1482 1041 1533 placeat
1078 1480 1288 1527 omnibus,
1325 1480 1415 1518 siue
1449 1478 1585 1530 pluat,
1622 1478 1711 1515 siue
1732 1498 1772 1529 30

108 1552 254 1579 sereno
290 1539 415 1578 vultu
452 1538 651 1577 arrideat.
717 1537 924 1576 Attamen
959 1535 1095 1574 leuius
1132 1534 1293 1573 malum
1330 1546 1418 1572 esse
1455 1532 1565 1571 duco
1602 1530 1711 1570 male

109 1593 255 1632 audire
280 1593 396 1644 apud
420 1593 525 1631 istos
551 1604 681 1644 quam
707 1604 804 1629 cum
829 1591 989 1630 insanis
1014 1589 1272 1641 quibusdam
1297 1587 1448 1626 furere.
1503 1586 1712 1624 Fortassis

108 1649 198 1698 ipse
230 1660 371 1686 rerum
404 1648 544 1685 exitus
580 1645 734 1684 efficiet
765 1649 816 1683 vt
846 1644 995 1682 melius
1028 1643 1215 1682 audiam.
1275 1641 1396 1680 Certe
1430 1640 1713 1679 cordatissimi

110 1702 268 1753 quique
294 1702 339 1740 in
366 1701 557 1751 vtrisque
585 1700 734 1738 castris
760 1699 847 1737 iam
873 1711 987 1736 nunc
1014 1696 1257 1748 approbant
1285 1707 1424 1733 meam
1451 1698 1495 1732 et
1522 1693 1711 1732 modera-

110 1757 272 1794 tionem
292 1758 337 1793 et
356 1755 661 1805 integritatem.
712 1752 792 1791 Est
813 1751 987 1803 aliquid,
1010 1752 1068 1790 mi
1090 1750 1270 1796 Caesari,
1292 1750 1337 1788 in
1357 1748 1434 1787 tali
1455 1751 1712 1797 tempestate
1733 1768 1769 1800 35

110 1822 196 1848 non
228 1808 381 1859 depelli
414 1821 440 1846 a
472 1812 588 1846 recto
622 1820 759 1846 cursu.
822 1806 874 1844 Id
907 1806 1042 1856 magis
1074 1805 1246 1851 diceres,
1282 1804 1316 1842 si
1349 1806 1489 1841 totam
1521 1800 1712 1840 fabulam

111 1876 330 1914 pernosses
359 1875 469 1913 quae
499 1862 566 1900 hic
597 1862 750 1912 agitur.
809 1860 919 1899 Male
949 1859 1077 1898 audio
1107 1858 1223 1909 apud
1253 1856 1444 1896 sordidos
1475 1855 1712 1907 quosdam3

111 1930 218 1968 quos
249 1918 339 1968 ipse
371 1917 501 1955 etiam
535 1915 626 1954 odit
659 1915 871 1954 Lutherus
903 1918 954 1953 vt
985 1913 1258 1964 applausores
1290 1910 1595 1950 incommodos.
1656 1908 1715 1947 At

112 1971 261 2010 melius
296 1970 423 2009 audio
459 1970 575 2020 apud
610 1968 875 2016 Pontificem,
913 1969 1148 2014 Caesarem,
1185 1965 1517 2011 Ferdinandum,
1554 1963 1714 2014 Regem

112 2025 300 2076 Angliae,
332 2024 520 2075 aliosque
550 2036 754 2075 proceres,
786 2022 902 2074 apud
932 2035 1038 2073 quos
1068 2020 1293 2059 falsissimo
1323 2019 1490 2058 delatus
1520 2030 1635 2056 eram
1666 2020 1713 2054 vt
1732 2040 1775 2068 40

113 2079 300 2118 Luthero
322 2078 578 2118 foederatus.
630 2078 721 2129 Ego
743 2090 844 2115 vero
867 2076 934 2115 vel
957 2077 1158 2126 vtrinque
1180 2074 1360 2125 lapidari
1383 2072 1495 2111 malo
1519 2072 1716 2110 conuitiis

112 2146 243 2184 quam
266 2133 311 2172 in
334 2132 413 2172 hac
437 2132 727 2171 coniuratione
752 2130 1024 2182 magnificum
1048 2130 1200 2168 ducem
1224 2142 1359 2180 agere.
1412 2125 1608 2166 Factioni
1630 2138 1716 2163 non

113 2187 254 2234 adero,
278 2186 510 2238 Euangelio
532 2199 618 2225 non
639 2185 778 2225 deero.

171 2240 362 2280 offendit
404 2241 500 2279 istic
544 2240 754 2291 quosdam
798 2252 893 2278 mea
938 2240 1139 2289 Διατριβή.
1234 2236 1368 2287 Atqui
1412 2232 1715 2273 Melanchthon

114 2295 261 2334 scribit
287 2307 382 2333 eam
408 2294 711 2345 Vittenbergae
737 2294 1001 2344 aequissimis
1027 2292 1180 2331 animis
1206 2294 1443 2340 exceptam,
1471 2301 1548 2326 nec
1575 2288 1714 2337 ipsum
1732 2310 1771 2340 43

116 2348 350 2388 Lutherum
369 2361 623 2400 magnopere
643 2347 865 2387 offensum.
918 2347 1031 2386 Istos
1050 2346 1151 2385 deos
1171 2346 1265 2396 quis
1289 2342 1478 2395 placabit
1499 2345 1515 2380 ⁴?
1556 2341 1714 2379 Miseri-

115 2403 302 2442 cordiam
328 2415 466 2441 meam
492 2403 572 2441 tibi
598 2402 804 2453 placuisse
830 2401 1104 2440 vehementer
1129 2399 1306 2451 gaudeo.
1362 2397 1425 2435 De
1450 2396 1582 2434 libero
1609 2394 1716 2440 arb„

115 2470 213 2496 cum
245 2457 431 2503 vacabit,
464 2456 572 2495 feres
604 2457 891 2502 sententiam;
939 2468 1016 2494 nos
1047 2457 1288 2493 reuerenter
1321 2451 1591 2502 excipiemus.
1653 2448 1716 2486 De

116 2512 288 2562 negocio
320 2510 687 2562 typographorum
720 2510 842 2548 binas
875 2510 1019 2560 accepi
1050 2508 1208 2547 literas.
1273 2505 1395 2553 Quod
1428 2506 1473 2543 in
1506 2502 1716 2554 prioribus

116 2564 302 2611 volebas,
324 2564 410 2603 iam
429 2564 542 2602 vltro
561 2577 728 2615 egeram
749 2577 757 2610 ;
793 2563 908 2615 quod
928 2564 972 2602 in
992 2560 1308 2613 posterioribus,
1331 2559 1503 2598 omnino
1523 2557 1717 2595 futurum
1737 2580 1778 2611 50

116 2623 194 2665 est,
219 2619 300 2657 nisi
323 2618 425 2669 quid
448 2618 644 2656 inciderit
667 2617 783 2669 quod
806 2618 934 2656 vitari
957 2629 1043 2655 non
1066 2619 1210 2666 potest
1231 2628 1238 2653 :
1279 2624 1526 2664 quanquam
1550 2623 1627 2662 ego
1651 2623 1718 2648 mc

117 2672 243 2711 robus
272 2673 452 2711 istorum
483 2671 707 2722 figulorum
738 2684 824 2710 non
856 2683 1109 2722 magnopere
1142 2669 1366 2707 admisceo,
1427 2666 1573 2706 Annos
1604 2664 1716 2716 plus-

167 2818 217 2841 11.
243 2808 318 2849 Ego
344 2808 461 2848 peperi
488 2806 610 2845 ouum]
637 2806 720 2837 This
746 2805 885 2837 famous
950 2816 1006 2837 sce
1024 2805 1113 2846 Epp.
1138 2813 1299 2843 1419-20.
1322 2805 1415 2842 1481.

118 2855 301 2885 uttcrance
316 2850 353 2882 of
367 2851 427 2882 thc
444 2850 668 2881 Franciscans
685 2849 720 2880 of
736 2849 885 2891 Cologno
1040 2847 1305 2885 Melanchthon]
1328 2847 1390 2879 See
1410 2846 1473 2886 Ep.
1500 2853 1596 2886 1500.
1616 2854 1716 2886 42-3.

118 2897 147 2928 is
164 2896 291 2927 known
309 2894 392 2935 only
408 2894 497 2925 from
516 2893 587 2924 this
603 2903 734 2924 source.
995 2895 1050 2931 46.
1076 2888 1362 2928 Misericordiam]
1379 2890 1442 2922 Sco
1460 2889 1524 2930 Ep.
1548 2897 1642 2928 1474.

165 2948 218 2980 39.
244 2937 518 2975 Ferdinandum]
535 2936 585 2968 Cf.
604 2937 668 2977 Ep.
690 2944 784 2977 1505.
994 2946 1049 2975 49.
1077 2933 1393 2977 typographorum]
1424 2933 1487 2965 See
1519 2932 1585 2974 Ep.
1623 2940 1717 2974 1523.

163 2992 218 3022 42.
245 2980 498 3019 coniuratione]
516 2979 568 3011 Cf.
588 2980 651 3020 Ep.
676 2988 769 3019 1433.
793 2989 868 3011 11n.
956 2988 1056 3011 10011.

163 3035 220 3066 44.
247 3024 420 3066 Διατριβή]
443 3024 516 3056 The
539 3023 588 3055 De
607 3022 707 3055 libero
723 3022 862 3054 arbitrio
879 3033 886 3053 :
999 3031 1052 3063 52.
1077 3021 1275 3064 figulorum]
1290 3021 1352 3054 See
1367 3020 1432 3062 Ep.
1452 3027 1546 3060 1437.
1564 3027 1636 3059 223.

180 3099 278 3131 ⁴52·5
879 3091 909 3119 R
931 3092 951 3119 r
