2012 3370
166 163 288 212 1381]
736 161 809 200 To
841 160 1047 200 HENRY
1077 160 1184 199 vm
1681 157 1759 196 313

167 271 240 303 Not
254 271 335 312 only
351 282 419 303 was
435 271 493 303 the
509 270 599 303 book
612 269 666 301 for
680 269 801 310 Henry
814 269 959 301 allowed
974 272 1011 300 to
1024 279 1154 311 appear
1167 270 1202 300 in
1217 279 1237 299 a
1251 266 1500 309 comparative!
1504 277 1526 307 y
1541 265 1761 307 unimposing

165 316 278 353 form;
319 315 393 354 but,
419 315 552 356 though
577 315 641 355 Ep.
672 314 751 354 1385
780 323 849 344 was
874 314 1014 345 written
1038 317 1076 344 to
1100 323 1315 354 accompany
1342 312 1400 343 the
1424 310 1675 353 presentation‚
1701 309 1760 341 the

165 359 315 401 apology
336 359 422 391 with
442 358 554 390 which
576 358 641 399 Ep.
668 366 751 398 1430
773 368 891 398 opens,
913 360 1071 398 suggests
1092 357 1172 388 that
1194 357 1290 388 there
1312 366 1382 387 was
1403 365 1497 386 some
1519 354 1621 395 delay
1641 354 1678 385 in
1701 353 1760 384 the

165 402 321 445 delivery
342 403 377 435 of
398 402 459 434 the
480 401 581 434 book.
628 401 696 432 For
716 401 848 432 similar
869 400 1146 432 unaccountable
1169 400 1392 431 carelessness
1414 409 1459 430 on
1480 397 1656 430 Erasmus'
1681 400 1762 438 part

165 456 220 478 see
241 447 331 488 Epp.
353 448 426 487 835.
451 454 480 486 5,
500 455 576 486 939.
601 454 651 482 12,
676 454 756 485 1393
777 444 931 482 introd.;
965 444 1035 476 and
1055 444 1115 476 the
1134 444 1239 475 fiasco
1259 442 1451 475 connected
1469 441 1555 473 with
1575 441 1639 482 Ep.
1666 449 1760 481 1333.

166 490 324 521 Another
338 500 415 521 case
431 500 501 521 was
516 489 601 520 with
617 488 676 520 the
693 488 936 520 Ciceronianus
951 500 958 519 :
988 498 1043 519 see
1060 488 1119 519 the
1135 487 1239 519 letter
1254 490 1291 519 to
1308 487 1463 525 Vlatten,
1483 495 1521 526 19
1538 485 1657 517 March
1678 485 1761 525 1528

165 534 290 573 (Lond.
308 534 376 565 xix.
393 535 449 572 68,
465 534 534 565 LB.
550 532 658 573 947).]

199 638 448 668 INVICTISS.
472 637 682 667 ANGLIAE
707 637 765 666 ET
789 636 1029 666 FRANCIAE
1053 636 1181 673 REGI,
1208 635 1399 665 DOMINO
1423 632 1727 670 HYBERNIAE,

259 695 555 726 CATHOLICAE
588 695 721 724 FIDEI
753 695 1041 731 DEFENSORI,
1075 693 1290 723 HENRICO
1323 693 1429 722 EIVS
1462 691 1669 722 NOMINIS

499 753 682 783 OCTAVO
716 752 933 783 ERASMVS
966 751 1320 782 ROTERODAMVS
1354 751 1390 779 S.
1414 751 1458 779 D.

220 822 364 862 Mmo
384 822 464 861 tibi
484 822 643 861 Lucam
663 821 888 869 medicum,
910 821 1225 873 generosissime
1246 820 1353 866 Rex,
1374 833 1461 858 non
1481 819 1610 857 alium
1632 831 1761 869 quam

167 877 348 916 antehac
384 876 584 923 habebas,
622 876 696 915 sed
732 876 896 916 Latinis
932 876 1105 915 auribus
1141 875 1412 926 explanatius
1447 873 1666 924 fusiusque
1703 873 1759 911 lo-

166 935 382 981 quentem.
437 931 525 970 Nec
552 931 619 970 hic
647 930 749 970 mihi
776 935 883 982 puto
910 929 1162 970 sumendam
1189 942 1361 981 operam
1388 932 1439 967 vt
1465 927 1628 979 placem
1655 928 1761 966 istos

166 986 239 1035 qui
272 985 394 1025 nobis
428 986 615 1025 occinere
644 985 781 1025 solent
809 989 923 1024 recte
955 984 1172 1039 proditam
1201 997 1226 1023 a
1255 983 1510 1023 doctissimis
1539 983 1640 1021 viris
1670 995 1759 1020 sen-

165 1040 360 1087 tentiam,
386 1041 432 1079 in
457 1039 702 1079 muneribus
731 1040 883 1079 dandis
907 1039 1013 1078 illud
1037 1039 1245 1090 imprimis
1271 1051 1360 1078 esse
1387 1036 1684 1089 spectandum,
1712 1039 1796 1075 vts

166 1097 269 1144 apta
298 1095 384 1133 sint
412 1107 522 1145 quae
551 1094 772 1134 donamus.
830 1094 1012 1133 Factum
1041 1097 1107 1133 est
1134 1093 1215 1133 hoc
1243 1105 1378 1144 nuper
1407 1105 1432 1131 a
1460 1091 1596 1137 nobis,
1627 1103 1760 1142 quum

164 1148 312 1187 Carolo
333 1148 499 1188 Caesari
520 1149 756 1188 dicaremus
776 1149 1045 1188 Matthaeum
1065 1161 1073 1195 3
1111 1152 1155 1187 et
1175 1151 1276 1187 ante
1295 1160 1372 1186 nos
1393 1146 1448 1185 ab
1468 1145 1764 1185 eruditissimis

164 1202 407 1242 hominibus
430 1203 771 1242 demonstratum
795 1207 861 1242 est
885 1217 936 1242 ex
961 1203 1292 1254 praescriptione
1316 1204 1514 1241 vetustae
1539 1203 1761 1239 consuctu-

164 1257 287 1303 dinis,
313 1257 495 1308 quoduis
521 1262 820 1308 argumentum
850 1262 964 1297 recte
994 1258 1126 1297 dicari
1149 1256 1424 1308 principibus.
1485 1254 1600 1303 Quos
1631 1255 1761 1293 etiam

164 1312 196 1349 si
221 1313 402 1350 sciamus
425 1325 646 1362 nunquam
669 1312 865 1359 lecturos,
889 1316 1036 1351 tamen
1059 1312 1157 1350 hinc
1180 1324 1230 1350 ea
1253 1312 1421 1362 capitur
1443 1309 1621 1355 vtilitas,
1647 1307 1762 1359 quod
1786 1315 1824 1336 10

161 1365 329 1404 illorum
346 1365 484 1404 titulis
502 1379 608 1417 opus
625 1366 912 1405 studiosorum
930 1366 1155 1405 affectibus
1173 1364 1497 1404 commendatur
1517 1377 1524 1403 :
1559 1362 1761 1414 quemad-

163 1419 337 1458 modum
363 1433 450 1459 non
467 1421 619 1459 inscite
638 1421 806 1471 scripsit
825 1420 1000 1467 Plinius,
1021 1419 1233 1471 quaedam
1254 1419 1309 1458 ob
1336 1419 1415 1457 hoc
1434 1419 1575 1469 ipsum
1595 1430 1762 1456 summo

162 1473 308 1513 haberi
329 1475 374 1513 in
396 1475 549 1525 precio,
574 1474 690 1526 quod
712 1476 799 1514 sint
820 1474 991 1526 templis
1014 1474 1170 1514 dicata.
1223 1474 1303 1513 Est
1325 1477 1470 1512 autem
1493 1471 1762 1523 quorundam

163 1541 261 1579 erga
290 1541 425 1580 nuper
454 1533 580 1568 natos
610 1529 739 1568 libros
769 1533 895 1568 tanta
925 1529 1151 1568 morositas
1182 1532 1232 1567 vt
1261 1529 1378 1580 prius
1408 1528 1602 1566 reiiciant
1632 1539 1762 1578 quam

162 1582 402 1634 degustent.
454 1583 609 1635 Itaque
631 1584 742 1635 perit
764 1587 808 1622 et
830 1584 1025 1635 scriptori
1047 1587 1242 1635 speratus
1263 1582 1429 1622 fructus
1452 1585 1496 1620 et
1517 1581 1664 1620 lectori
1688 1593 1764 1619 sua
1787 1587 1820 1619 15

163 1637 340 1676 vtilitas.
399 1637 465 1677 Ab
496 1638 560 1677 his
589 1638 694 1677 illud
724 1638 875 1677 saltem
904 1638 1156 1690 impetrabit
1184 1637 1398 1689 praefixus
1427 1638 1472 1676 in
1500 1636 1763 1686 frontispitio

162 1691 389 1731 voluminis
408 1705 671 1731 summorum
691 1694 931 1744 principum
950 1693 1116 1739 titulus,
1137 1705 1190 1731 ne
1210 1692 1430 1738 damnent,
1451 1704 1504 1730 ne
1523 1690 1764 1736 fastidiant,

161 1759 213 1784 ne
228 1751 481 1797 conspuant,
496 1748 744 1798 priusquam
758 1747 948 1798 legerint.
993 1747 1249 1798 Quanquam
1264 1750 1308 1785 et
1321 1746 1480 1797 alioqui
1494 1744 1763 1796 quorundam

163 1801 402 1852 principum
430 1801 568 1852 pietas
595 1801 701 1841 facit
728 1815 780 1840 ne
809 1802 1008 1840 videatur
1035 1801 1218 1840 absurde
1245 1800 1384 1839 facere
1413 1800 1486 1851 qui
1515 1799 1622 1850 Regi
1651 1798 1764 1838 dono

164 1855 301 1894 mittit
350 1855 645 1907 Euangelium.
725 1856 1081 1907 Quandoquidem
1131 1855 1235 1894 mihi
1283 1854 1524 1893 retulerunt
1572 1853 1764 1892 homines
1781 1859 1824 1881 20

165 1910 337 1948 minime
366 1911 479 1957 vani,
501 1914 545 1949 et
574 1910 771 1950 Carolum
790 1911 1024 1957 Caesarem,
1045 1911 1079 1949 si
1108 1909 1212 1961 quid
1229 1911 1274 1948 in
1292 1910 1426 1948 tantis
1445 1921 1585 1947 rerum
1604 1907 1761 1946 tumul-

164 1963 280 2002 tibus
309 1964 438 2003 datur
473 1965 565 2011 ocii,
596 1965 639 2003 id
668 1966 712 2003 in
742 1965 999 2016 Euangelico
1029 1964 1171 2003 codice
1200 1964 1381 2002 libenter
1410 1975 1679 2006 consumere3
1720 1965 1763 2000 et

161 2017 492 2057 illustrissimum
509 2019 748 2070 Principem
764 2019 1096 2065 Ferdinandum,
1114 2019 1240 2057 huius
1254 2018 1444 2064 fratrem,
1464 2017 1763 2068 Paraphrasim

163 2073 207 2110 in
230 2072 435 2111 Ioannem
458 2086 587 2124 quam
618 2074 698 2124 ipsi
726 2086 862 2125 nuper
884 2074 1092 2120 dedicaui,
1116 2073 1361 2124 frequenter
1382 2072 1539 2111 habere
1560 2073 1605 2110 in
1628 2071 1760 2109 mani-

165 2126 243 2165 bus
264 2140 271 2172 ;
307 2131 437 2178 atque
454 2127 663 2179 inclytum
690 2129 821 2167 etiam
839 2129 1059 2167 Danorum
1077 2140 1217 2179 regem
1244 2127 1564 2173 Christiernum,
1584 2125 1628 2164 id
1646 2124 1760 2176 quod
1781 2132 1818 2163 25

164 2181 243 2219 tibi
283 2195 453 2233 quoque
493 2186 645 2221 notum
686 2196 774 2222 esse
815 2187 971 2234 potest,
1014 2183 1277 2222 Christianos
1315 2181 1478 2220 libellos
1518 2180 1763 2231 frequenter

164 2235 317 2275 habere
338 2237 382 2275 in
403 2237 614 2284 manibus,
635 2241 912 2288 nostramque
932 2239 976 2276 in
997 2237 1267 2276 Matthaeum
1289 2235 1589 2287 Paraphrasim
1612 2234 1764 2285 cupide

162 2289 310 2341 legere.
376 2290 494 2338 Quur
526 2292 657 2342 igitur
690 2292 890 2331 videatur
930 2293 1075 2343 inepte
1110 2292 1227 2330 mitti
1275 2290 1557 2342 Euangelium
1591 2290 1642 2328 iis
1690 2289 1763 2339 qui

163 2347 355 2383 tractant
375 2349 419 2384 et
438 2350 588 2384 amant
608 2346 901 2398 Euangelium,
924 2346 1040 2398 quod
1061 2350 1173 2385 certe
1194 2345 1249 2384 ab
1271 2345 1468 2384 omnibus
1487 2342 1762 2382 tract-andum

163 2401 228 2437 est
252 2400 325 2450 qui
349 2412 393 2438 se
417 2401 702 2440 meminerunt
726 2414 815 2440 esse
837 2401 1100 2441 Christianos
1121 2404 1136 2438 ’ἔ
1191 2400 1445 2450 Quanquam
1472 2402 1616 2436 autom
1641 2398 1763 2435 iuxta
1783 2402 1825 2434 30

164 2453 372 2492 rationem
409 2454 642 2494 humanam
672 2455 751 2494 hoc
781 2457 1050 2506 potissimum
1089 2455 1337 2493 donandum
1367 2458 1432 2492 est
1462 2466 1546 2503 quo
1578 2452 1761 2490 maxime

163 2511 258 2558 eget
300 2509 367 2547 cui
410 2510 611 2556 mittitur,
655 2514 801 2548 tamen
842 2511 965 2549 iuxta
1006 2509 1195 2560 regulam
1239 2508 1540 2559 Euangelicam
1584 2506 1759 2544 habenti

164 2561 411 2601 donandum
431 2568 509 2610 est,
531 2568 581 2602 vt
601 2564 817 2603 exuberet.

208 2657 275 2679 ΤΙΤ.
304 2657 347 2679 ET
371 2659 554 2681 FRANCIAE
576 2661 630 2681 om
666 2652 682 2680 δ
787 2659 864 2681 uns.
890 2654 965 2680 (11118
990 2658 1155 2681 ERASMVS
1178 2649 1253 2680 add.
1282 2648 1306 2688 ζ.
1444 2659 1472 2689 3.
1501 2647 1585 2678 mihi
1608 2647 1662 2678 hic
1689 2645 1714 2685 ζ.

209 2752 229 2779 o
267 2748 413 2780 Factum
444 2753 499 2781 est
529 2748 607 2788 hoc]
638 2751 700 2781 Sec
735 2749 797 2790 Ep.
835 2757 926 2788 1255.
993 2754 1030 2780 to
1052 2748 1206 2780 bcfriend
1227 2748 1332 2779 thom.
1381 2748 1530 2787 laeaving
1552 2746 1696 2779 Malincs
1716 2758 1759 2779 011

164 2796 305 2831 85—100.
998 2802 1009 2825 ς
1029 2793 1131 2828 dune,
1148 2792 1232 2831 thoy
1250 2802 1335 2822 wcrc
1352 2792 1386 2821 1ἶ11
1403 2791 1547 2822 1101111011
1563 2797 1602 2822 at
1618 2791 1676 2822 tho
1692 2791 1758 2823 end

213 2844 259 2865 12.
287 2834 432 2873 Plinius]
449 2836 491 2866 II.
510 2836 553 2866 N.
572 2835 678 2876 praef.
700 2845 748 2873 19.
993 2835 1028 2865 of
1042 2835 1100 2866 thc
1114 2835 1247 2869 111011111,
1261 2834 1330 2865 und
1345 2835 1390 2874 by
1403 2842 1422 2865 o
1435 2833 1519 2874 ,July
1532 2834 1601 2866 had
1614 2834 1759 2866 reached

209 2887 259 2917 24.
288 2879 320 2909 in
337 2878 518 2917 Ioannem]
535 2880 596 2910 Sec
614 2879 676 2919 Ep.
700 2886 790 2917 1333.
994 2878 1194 2909 Gravclincs
1208 2888 1251 2909 011
1267 2877 1356 2909 their
1370 2882 1487 2909 return
1502 2877 1657 2918 joni-noy.
1697 2878 1758 2910 Sco

208 2930 260 2961 25.
287 2921 550 2961 Christicrnum]
568 2923 629 2954 Sec
653 2922 712 2962 Ep.
737 2924 827 2952 1228.
850 2929 926 2960 3011.
994 2922 1129 2953 Browcr
1155 2922 1203 2952 iii.
1234 2929 1331 2961 3075,
1362 2929 1501 2960 3141-2.
1533 2929 1628 2962 3153,
1661 2929 1755 2962 3155.

209 2967 260 2996 20.
287 2969 409 2997 notum
425 2976 498 2998 esse
515 2964 645 3007 potest]
661 2965 732 2997 The
750 2965 842 3006 King
858 2965 927 2996 and
994 2967 1133 3005 3105-6.

166 3008 282 3045 Quecn
298 3008 333 3039 of
350 3009 525 3041 Dcnmark
542 3009 609 3040 had
626 3008 751 3041 visited
768 3008 927 3049 England
1038 3017 1089 3048 32.
1118 3007 1378 3049 Euangelicam]
1391 3007 1440 3039 Cf.
1455 3008 1558 3040 Matt.
1576 3016 1622 3047 13.
1642 3017 1689 3045 12,
1704 3017 1755 3048 25.

166 3051 328 3093 receutly,
341 3052 412 3085 and
424 3052 543 3093 chry
557 3052 624 3084 had
640 3052 723 3083 been
738 3051 927 3093 persuaded
993 3062 1034 3090 2«)
1051 3064 1058 3088 ;
1089 3051 1187 3083 Max-k
1204 3061 1234 3090 4.
1256 3059 1294 3092 25
1314 3063 1321 3088 ;
1353 3051 1447 3083 Lukc
1466 3054 1495 3083 ὃ.
1520 3054 1568 3088 18,
1592 3060 1640 3090 19.
1661 3054 1711 3082 20.
