2012 3370
155 134 276 185 1342]
621 132 693 172 TO
723 131 952 172 MARCUS
983 132 1277 173 LAURINUS
1666 135 1746 174 213

152 255 352 294 syncerus
377 246 421 282 et
446 242 605 293 absque
629 241 741 289 11100,
768 242 928 294 absque
953 244 1174 295 supercilio
1194 257 1203 283 :
1245 257 1331 284 non
1356 244 1562 290 militaris,
1592 248 1640 282 vt
1665 244 1751 283 fere

152 296 291 336 solent
311 296 426 349 apud
447 296 691 342 Germanos,
714 296 787 335 sed
809 310 905 336 vere
927 298 1189 337 sacerdotem
1210 311 1350 350 agens.
1402 298 1444 337 Is
1464 298 1559 337 ilico
1581 299 1753 338 resciuit

152 351 387 390 aduentum
410 363 564 397 meum,
589 354 633 389 et
655 350 825 389 honoris
847 352 985 402 gratia
1007 352 1181 392 volebat
1202 365 1424 392 accersere.
1476 352 1559 393 Sed
1581 352 1749 392 submo-
1771 364 1832 402 365

153 406 248 444 nuit
265 405 478 444 hominem
497 405 738 451 Botzemus,
758 410 950 455 parceret
968 406 1203 446 valetudini
1221 420 1339 446 meae
1360 420 1368 446 :
1403 420 1446 446 se
1463 407 1751 446 indicaturum

153 460 325 511 quando
343 459 388 498 id
407 458 676 499 commodum
695 463 806 497 esset
823 459 1031 499 futurum.
1078 460 1222 512 Atque
1240 462 1308 500 hic
1327 462 1537 513 geminam
1557 461 1750 500 humani·

152 514 256 552 tatis
271 513 439 553 laudem
455 513 688 564 promeruit
704 512 952 564 Episcopus.
997 514 1292 554 Humanitatis
1308 520 1400 554 erat
1415 515 1530 566 quod
1546 515 1753 554 offerebat

153 568 350 615 officium,
384 567 458 606 sed
490 567 659 606 maioris
692 567 974 607 humanitatis
1006 573 1099 608 erat
1131 570 1247 620 quod
1280 569 1472 609 oblatum
1506 570 1753 621 patiebatur

152 622 346 661 recusari.
394 621 575 669 Quidam
593 621 705 660 enim
722 621 998 672 indignantur
1015 636 1142 674 seque
1160 624 1375 662 contemni
1391 628 1562 675 putant,
1581 624 1661 662 nisi
1677 636 1752 675 per
1770 640 1835 674 370

152 677 296 715 omnia
314 676 540 722 obseruias,
562 675 630 714 vel
649 679 725 714 tuo
746 675 871 714 malo.
920 677 1037 715 Misit
1055 681 1201 716 tamen
1221 690 1499 717 oeconomum
1518 691 1656 725 suum,
1678 678 1752 729 qui

153 730 256 769 mihi
287 730 525 781 perdicibus
557 729 722 780 aliquot
753 729 922 769 donatis
955 730 1137 770 deferret
1168 732 1372 783 quicquid
1404 745 1543 771 rerum
1575 732 1753 771 haberet

152 784 303 824 domus
326 784 523 835 Episcopi
543 796 551 829 ;
590 788 634 823 et
655 784 719 823 vsi
741 797 886 823 sumus
908 784 1078 824 assidua
1098 785 1353 825 liberalitate
1375 786 1597 825 Praesulis.
1648 787 1753 825 Post

152 838 240 877 dies
284 838 446 889 aliquot
489 838 637 877 enixus
679 851 787 884 sum,
822 838 896 878 sed
928 839 986 878 sic
1019 844 1070 878 vt
1101 853 1322 891 nunquam
1356 841 1513 879 maiore
1547 841 1752 879 cruciatu.

153 893 425 944 Languebam
443 893 572 944 igitur
590 906 612 931 e
631 897 771 944 partu,
792 894 850 932 sic
870 897 919 932 vt
937 906 1013 932 nec
1033 894 1136 933 mihi
1154 907 1230 933 nec
1251 895 1342 933 aliis
1361 908 1493 934 essem
1512 894 1722 933 iucundus
1743 907 1751 933 2
1772 912 1833 945 375

153 947 310 998 alioqui
334 946 439 985 nihil
464 946 609 986 deerat
635 947 690 986 ad
715 960 925 986 summam
952 948 1234 1000 voluptatem.
1289 949 1427 988 Deum
1452 949 1751 995 immortalem,

153 1000 268 1053 quod
292 1001 538 1052 hospitium,
564 1002 658 1052 quis
683 1001 847 1052 hospes,
874 1015 1004 1053 quam
1030 1003 1128 1042 belli
1151 1003 1410 1050 homunculi,
1437 1016 1567 1055 quam
1592 1003 1754 1042 nitidus

153 1059 398 1107 apparatus,
418 1068 527 1106 quae
544 1054 727 1102 fabulae,
747 1069 856 1107 quae
874 1056 1088 1104 lectiones,
1107 1070 1217 1109 quae
1235 1058 1452 1097 cantiones
1474 1058 1481 1097 l
1530 1057 1565 1097 O
1582 1070 1754 1097 mensae

154 1123 392 1161 coenaeque
427 1109 554 1149 deum
574 1110 582 1148 !
645 1109 743 1148 Non
776 1110 1009 1150 inuiderem
1045 1111 1125 1150 diis
1159 1112 1335 1163 poeticis
1370 1125 1494 1151 suum
1528 1116 1676 1151 nectar
1710 1116 1755 1151 et

154 1164 423 1210 ambrosiam,
445 1164 480 1202 si
501 1163 703 1203 valetudo
724 1164 874 1204 fuisset
894 1165 1114 1216 aliquanto
1136 1166 1370 1205 secundior.
1773 1176 1838 1216 380

207 1217 576 1257 Adblandiebatur
607 1223 651 1257 et
682 1219 771 1269 ipse
803 1219 883 1258 loci
916 1220 1035 1258 situs.
1097 1220 1301 1259 Imminet
1332 1221 1444 1260 enim
1477 1220 1753 1260 Constantiae

152 1271 268 1310 lacus
286 1273 389 1310 mire
406 1273 633 1322 spaciosus,
653 1273 696 1310 in
714 1272 886 1324 longum
905 1274 1029 1312 simul
1048 1278 1091 1313 et
1108 1275 1151 1312 in
1169 1274 1304 1313 latum
1324 1275 1378 1313 ad
1397 1275 1533 1313 multa
1551 1287 1752 1326 passuum

154 1326 269 1364 milia
306 1330 536 1377 porrectus,
575 1339 651 1365 nec
689 1327 828 1365 minus
865 1328 1034 1366 interim
1073 1341 1288 1368 amoenus.
1355 1329 1534 1368 Addunt
1570 1329 1752 1380 gratiam

155 1384 319 1418 montes
341 1380 550 1419 nemorosi
572 1380 759 1431 vndique
781 1394 870 1420 sese
893 1385 1172 1429 ostentantes,
1189 1383 1365 1433 quidam
1381 1384 1558 1430 eminus,
1576 1383 1751 1434 quidam

152 1448 174 1473 0
207 1435 458 1485 propinquO.
518 1434 630 1473 Nam
661 1434 745 1473 illic
778 1435 953 1474 Rhenus
985 1435 1104 1475 velut
1134 1437 1178 1475 in
1210 1437 1381 1489 Alpium
1415 1437 1672 1489 confragosis
1705 1450 1753 1476 ac
1773 1449 1834 1489 385

153 1489 392 1540 praeruptis
421 1488 523 1527 locis
554 1488 802 1536 delassatus,
835 1494 1042 1540 tanquam
1075 1504 1253 1530 amoeno
1286 1491 1515 1530 diuersorio
1546 1491 1756 1530 refocillat

152 1556 240 1582 sese
261 1556 269 1590 3
307 1555 381 1594 per
401 1543 519 1582 cuius
540 1543 726 1582 medium
747 1543 897 1582 leniter
917 1544 1130 1592 delabens,
1153 1545 1268 1597 apud
1289 1546 1584 1586 Constantiam
1606 1546 1757 1597 recipit

154 1611 242 1636 sese
268 1598 312 1636 in
338 1610 462 1636 suum
490 1597 672 1644 alueum,
701 1602 870 1649 recepto
898 1599 1022 1637 simul
1049 1604 1093 1638 et
1118 1601 1318 1639 nomine:
1361 1613 1608 1652 quanquam
1637 1605 1757 1639 totus

153 1651 270 1691 lacus
291 1664 454 1703 semper
476 1652 628 1690 maluit
649 1665 803 1691 nomen
825 1666 949 1692 suum
971 1653 1122 1693 debere
1145 1655 1325 1701 ciuitati,
1349 1655 1633 1707 Bregantinus
1655 1654 1755 1693 olim

154 1705 307 1752 dictus,
343 1706 417 1756 qui
451 1719 563 1745 nunc
599 1706 934 1746 Constantiensis
968 1708 1220 1759 appellatur,
1257 1709 1391 1749 donec
1426 1710 1463 1748 ei
1498 1722 1607 1760 quae
1642 1722 1755 1748 nunc
1775 1728 1842 1760 390

155 1760 405 1800 Constantia
432 1764 670 1807 vocaretur,
699 1761 912 1812 Breganto
941 1775 1096 1800 nomen
1123 1767 1246 1802 esset.
1303 1763 1470 1802 Dicitur
1497 1768 1541 1802 et
1568 1763 1757 1814 piscosus

155 1828 243 1853 csse
263 1818 307 1853 et
326 1814 630 1865 profunditatis
652 1816 723 1853 Vix
745 1815 990 1863 credendae,
1013 1816 1118 1855 adeo
1138 1821 1188 1855 vt
1208 1817 1362 1856 alicubi
1382 1831 1549 1856 summa
1569 1830 1681 1869 aqua
1702 1817 1757 1856 ab

156 1869 240 1907 imo
268 1868 401 1908 fundo
429 1869 542 1908 absit
569 1869 723 1908 cubitis
751 1874 936 1908 centum.
992 1871 1104 1910 Nam
1132 1872 1254 1910 aiunt
1280 1873 1516 1923 ingentium
1544 1872 1755 1911 montium

156 1923 286 1962 moles
309 1923 429 1974 aquis
453 1923 577 1962 huius
600 1924 700 1974 tegi.
752 1924 794 1962 Is
817 1924 891 1974 qui
914 1929 1081 1975 praeest
1103 1926 1300 1964 sodalitio
1324 1926 1666 1972 Dominicalium,
1693 1926 1758 1964 vir

156 1977 449 2027 integerrimus
467 1977 744 2028 doctrinaque
763 1978 909 2024 solida,
929 1979 1003 2017 sed
1020 1980 1063 2017 in
1082 1980 1353 2019 concionibus
1371 1981 1499 2020 sacris
1517 1980 1757 2019 admirabili
1777 1999 1836 2032 395

156 2031 343 2081 quadam
364 2031 577 2078 facundia,
599 2031 778 2070 donauit
798 2032 920 2070 nobis
939 2046 991 2071 ex
1013 2046 1061 2071 eo
1082 2034 1176 2073 lacu
1197 2035 1354 2085 piscem
1375 2035 1604 2087 ingentem,
1625 2047 1756 2087 quam

155 2085 382 2124 Throttam
405 2085 594 2137 appellat
616 2086 779 2137 vulgus,
804 2099 958 2125 munus
980 2100 1075 2139 rege
1098 2088 1287 2140 dignum,
1311 2090 1346 2128 si
1368 2089 1484 2141 apud
1505 2102 1583 2129 nos
1605 2089 1757 2128 datum

156 2139 318 2178 fuisset.
376 2139 550 2178 Rhenus
578 2140 722 2179 relicto
751 2140 806 2179 ad
834 2140 1030 2180 dextram
1057 2142 1166 2190 lacu,
1195 2143 1416 2193 paululum
1445 2143 1759 2195 praeterlapsus

159 2193 308 2232 vrbem
325 2193 637 2241 Constantiam,
656 2195 793 2234 veluti
809 2194 960 2234 ludens
977 2209 1025 2234 ac
1042 2196 1269 2237 lasciuiens
1283 2198 1469 2238 insulam
1486 2198 1605 2245 facit,
1624 2210 1755 2249 quam

157 2252 340 2299 occupat
372 2249 533 2300 insigne
568 2250 871 2288 monasterium
906 2251 1146 2302 virginum;
1199 2265 1247 2291 ac
1282 2265 1382 2292 mox
1416 2254 1460 2292 in
1493 2266 1584 2292 sese
1618 2253 1758 2291 coiens
1774 2271 1843 2303 400

794 2342 866 2374 397.
894 2331 1056 2364 Trottam
1072 2333 1118 2364 N.

204 2416 277 2454 363.
303 2412 481 2451 militaris]
498 2412 550 2444 Cf.
569 2412 634 2453 Ep.
655 2414 749 2445 1158.
771 2422 847 2452 1911.
992 2413 1157 2454 preacher
1188 2418 1225 2445 to
1256 2413 1316 2445 the
1348 2413 1573 2445 Dominicans
1605 2413 1639 2444 of
1670 2414 1756 2445 Con-

203 2468 277 2499 371.
304 2455 494 2495 obseruias]
512 2455 561 2488 Cf.
583 2456 647 2497 Ep.
666 2457 740 2497 867.
762 2465 839 2497 37n.
991 2459 1122 2495 stance,
1154 2457 1225 2489 and
1255 2457 1350 2489 vicar
1384 2457 1418 2488 of
1458 2457 1516 2487 tho
1549 2456 1757 2496 Provincial,

204 2511 278 2543 377.
307 2498 614 2538 bellihomunculi]
645 2499 695 2531 Cf.
726 2499 792 2541 Ep.
825 2508 918 2539 1301.
991 2501 1050 2539 †21
1073 2500 1162 2542 Aug.
1184 2511 1287 2543 1534:
1311 2511 1368 2533 see
1379 2500 1578 2533 N.Pa111us.
1596 2500 1755 2531 Demo-che

162 2546 237 2576 1811.
992 2543 1252 2584 Dominilcaner,
1272 2555 1367 2586 1903,
1384 2555 1443 2585 pp.
1463 2553 1604 2585 313—23.

205 2589 279 2627 381.
306 2584 624 2625 Adblandiebatur]
651 2585 734 2617 This
764 2586 923 2628 expatia·
1035 2598 1109 2630 397.
1137 2587 1338 2626 Throttam]
1353 2588 1393 2618 In
1406 2587 1464 2618 the
1476 2587 1524 2617 Dc
1535 2598 1589 2617 esu
1603 2586 1755 2618 carnia-111,

163 2630 237 2660 tion
260 2630 289 2660 is
314 2640 335 2660 a
361 2639 516 2661 measure
541 2630 576 2661 of
602 2629 777 2661 Erasmus'
804 2630 923 2670 enjoy-
992 2631 1062 2669 (sec
1084 2631 1149 2672 Ep.
1176 2640 1269 2672 1274.
1296 2632 1374 2670 14¹¹)
1397 2631 1562 2661 Erasmus
1585 2630 1758 2662 mentions

164 2676 260 2704 mont
271 2672 471 2703 ofhisvisit.
497 2673 552 2704 He
564 2672 876 2713 hardlyeverhalts
888 2676 925 2704 to
994 2673 1052 2704 the
1082 2672 1242 2705 ‘trocta'
1272 2684 1309 2705 as
1337 2684 1400 2705 onc
1429 2674 1463 2705 of
1491 2673 1550 2705 the
1578 2673 1757 2705 delicat-ies

163 2716 308 2747 ‹lescant
326 2726 370 2747 on
388 2715 527 2747 natural
544 2726 696 2756 scenery.
995 2716 1104 2748 which
1133 2717 1193 2748 the
1221 2717 1293 2747 rich
1321 2717 1470 2758 enjoyed
1499 2726 1543 2748 on
1572 2717 1642 2748 fast
1670 2717 1757 2759 days

207 2771 280 2801 391.
309 2758 498 2800 Breganto]
509 2759 544 2790 It
554 2769 700 2800 appears
713 2759 802 2790 from
818 2759 922 2790 BRE.
994 2760 1080 2799 (LB.
1099 2760 1144 2791 ix.
1169 2770 1249 2791 1202
1266 2762 1308 2799 F).

164 2813 227 2843 233
244 2803 324 2834 that
339 2802 503 2834 Erasmus
517 2802 546 2833 is
561 2802 640 2834 here
656 2802 797 2843 making
811 2812 832 2833 a
848 2802 924 2832 niis·
1036 2814 1110 2845 400.
1137 2804 1401 2844 monasterium]
1433 2803 1541 2835 Thcm
1574 2814 1685 2836 see-ms
1716 2808 1754 2835 to

165 2846 268 2877 take:
318 2846 530 2887 attributing
566 2848 604 2877 to
638 2846 831 2877 Constance
867 2845 927 2876 the
993 2845 1034 2877 bc
1059 2857 1104 2877 no
1127 2847 1242 2879 island
1270 2847 1425 2880 between
1459 2848 1655 2880 Constanco
1683 2849 1754 2880 and

164 2899 266 2921 name
284 2889 319 2921 of
340 2890 499 2928 Bregenz,
519 2888 629 2920 which
648 2889 676 2919 is
694 2892 732 2919 at
749 2889 808 2920 the
827 2888 928 2920 other
994 2889 1053 2920 the
1088 2891 1255 2922 (intersee
1285 2894 1410 2932 exce-pt
1443 2891 1501 2922 the
1536 2891 1753 2923 well-known

165 2933 232 2964 end
252 2932 286 2964 oi
307 2933 366 2964 the
385 2932 471 2964 lake.
995 2934 1002 2943 ⁸
1019 2933 1127 2964 lnsel’
1171 2935 1256 2965 with
1296 2935 1341 2966 its
1378 2935 1585 2966 Dominican
1623 2934 1753 2976 friary:

209 2988 282 3019 394.
328 2974 611 3015 Dominicalium]
653 2975 735 3006 Ant.
776 2975 927 3007 (hilden-
996 2976 1059 3007 but
1084 2977 1100 3007 1
1127 2981 1256 3009 cannot
1288 2978 1359 3010 find
1387 2989 1456 3019 any
1479 2979 1645 3010 evidence
1672 2979 1707 3010 of
1734 2989 1754 3010 a

168 3022 322 3052 miinstcr
364 3020 511 3060 (Pirum)
557 3019 591 3051 of
638 3019 926 3057 Hermannstmlt,
994 3030 1150 3061 nunncry
1170 3022 1274 3053 there.
