2012 3370
196 145 316 194 1352]
782 141 855 181 To
887 141 1112 180 ADRIAN
1142 141 1202 180 VI
1708 139 1786 177 259

191 254 377 303 negocio,
392 252 600 299 habenda,
620 251 781 302 opinor,
802 255 894 290 erat
910 251 1060 302 gratia.
1107 251 1230 290 Nunc
1249 254 1317 289 tot
1334 249 1535 301 epistolis,
1555 252 1622 287 tot
1640 247 1788 286 libellis

194 306 346 346 aeditis
375 311 560 347 testatus
588 318 683 344 sum
713 318 780 344 me
810 318 899 344 esse
929 305 1230 344 alienissimum
1262 318 1287 343 a
1316 303 1483 343 foedere
1513 302 1787 347 Lutheran03

194 374 364 401 omnem
401 374 519 413 spem
556 360 639 399 mei
676 358 816 398 ademi
853 359 1063 406 omnibus,
1102 372 1151 398 ac
1188 372 1240 398 ne
1278 358 1459 397 nominis
1496 357 1669 409 quidem
1706 356 1789 394 mei
1806 360 1845 399 65

192 419 419 466 praetextu
447 427 595 467 passus
625 426 720 452 sum
749 413 841 452 illos
872 414 937 452 vti
967 413 1082 465 apud
1112 413 1276 464 vulgus.
1336 412 1508 451 Publice
1538 411 1789 450 dehortatus

192 482 286 508 sum
315 483 341 509 a
369 469 567 509 seditioso
596 468 783 519 negociO,
813 468 1016 518 priuatim
1045 481 1320 518 quoscunque
1349 467 1470 517 potui
1500 465 1567 504 vel
1596 464 1790 504 cohercui

192 524 260 563 vel
281 524 492 571 reuocaui,
516 522 583 562 vel
605 526 717 561 certe
740 522 984 560 moderatus
1007 535 1114 560 sum.
1166 522 1314 572 Neque
1337 521 1441 559 nihil
1463 520 1622 571 profeci
1642 533 1649 558 :
1689 522 1790 557 sunt

193 578 267 628 qui
308 578 411 617 mihi
450 590 526 629 pro
567 576 760 615 fidelibus
802 576 974 614 monitis
1016 580 1149 627 agunt
1189 576 1360 626 gratias.
1433 574 1606 621 Quoties
1647 573 1790 624 palam

193 631 368 671 Lutheri
387 631 726 671 maledicentiam
747 630 985 668 detestatus
1006 643 1099 668 sum
1121 630 1127 667 l
1180 629 1281 676 Quis
1302 629 1402 667 tulit
1428 629 1641 679 indignius
1661 639 1791 678 quam
1808 637 1853 669 70

192 699 282 737 ego,
304 686 431 737 Regis
451 685 682 736 Anglorum
702 697 857 723 nomen
877 688 968 722 tam
988 684 1265 722 irreuerenter
1285 687 1499 721 attactum
1521 686 1535 721 ‘3

246 740 389 791 Atque
411 740 581 779 interim
605 738 707 778 dum
732 739 834 777 haec
860 751 938 789 ago
963 738 1078 788 apud
1103 737 1348 783 Germanos,
1375 737 1568 775 Rhomae
1592 735 1793 774 traducor

193 793 360 833 furiosis
389 807 437 833 ac
466 794 560 845 plus
590 806 719 844 quam
748 792 922 831 famosis
951 792 1114 830 libellis.
1173 791 1225 830 In
1254 791 1491 829 Brabantia
1519 803 1605 828 non
1634 790 1719 827 iam
1749 789 1794 826 in

194 848 399 887 conuiuiis
422 852 593 887 tantum
617 861 665 887 ac
688 846 904 893 vehiculis,
929 846 1003 886 sed
1025 847 1069 884 in
1091 845 1271 897 publicis
1294 844 1566 884 concionibus
1589 857 1637 882 ac
1661 843 1792 881 solen-

194 902 318 941 nibus
347 902 699 953 praelectionibus
729 901 948 952 praedicor
977 901 1226 946 haereticus,
1258 899 1563 945 haeresiarcha,
1595 897 1792 936 schisma·
1812 908 1850 940 75

193 957 302 996 ticus
341 970 389 995 ac
426 956 650 1002 falsarius3
698 956 800 994 haec
838 968 975 1006 neque
1015 967 1109 993 raro
1140 954 1258 993 facta
1288 958 1402 1000 sunt,
1436 966 1573 1003 neque
1605 952 1714 991 clam
1745 955 1795 989 Vt

192 1011 374 1062 ignorari
392 1011 568 1062 possint.
617 1010 862 1050 Sciscitetur
880 1023 906 1048 a
924 1009 1081 1060 populo
1100 1012 1177 1048 tua
1195 1009 1413 1047 sanctitas.
1437 1008 1582 1046 audiet
1600 1019 1626 1044 a
1644 1006 1796 1057 quouis

193 1065 361 1103 illorum
382 1065 567 1104 nomina.
619 1064 764 1103 Habet
785 1063 962 1102 Lutheri
981 1063 1113 1102 factio
1135 1062 1344 1114 quosdam
1366 1063 1439 1113 qui
1461 1062 1519 1100 sic
1540 1064 1796 1113 promouent

192 1119 302 1158 illius
333 1132 517 1166 causam,
548 1119 669 1170 quasi
698 1118 950 1157 deuouerint
978 1118 1136 1168 seipsos
1168 1117 1248 1155 nisi
1280 1116 1396 1155 illam
1429 1115 1566 1154 modis
1598 1114 1795 1154 omnibus

196 1173 463 1212 subuertant.
522 1173 581 1212 Et
608 1173 680 1212 isti
708 1172 789 1211 sibi
819 1172 1018 1211 videntur
1047 1171 1265 1210 Pontificis
1295 1183 1467 1209 causam
1496 1169 1681 1208 humeris
1711 1169 1797 1207 suis
1814 1171 1858 1202 80

195 1228 413 1267 sustinere.
464 1227 638 1266 Iactant
657 1227 762 1265 nihil
782 1240 870 1265 esse
891 1227 1023 1278 pestis
1043 1226 1088 1264 in
1106 1225 1224 1264 libris
1245 1225 1420 1264 Lutheri
1441 1223 1558 1276 quod
1577 1223 1690 1262 idem
1711 1236 1798 1261 non

194 1282 251 1320 sit
270 1282 314 1320 in
334 1282 450 1320 meis.
500 1281 588 1320 Nec
609 1281 718 1320 Vllus
738 1280 878 1320 adhuc
899 1279 1102 1319 articulus
1122 1279 1299 1331 proferri
1318 1280 1462 1330 potuit
1482 1279 1556 1329 qui
1576 1277 1680 1316 mihi
1701 1290 1796 1316 cum

196 1335 381 1374 Luthero
406 1336 646 1374 conueniat.
698 1335 781 1374 Sed
803 1335 875 1373 isti
897 1335 1234 1385 interpretantur
1257 1333 1468 1384 quaedam
1490 1346 1497 1371 :
1538 1345 1700 1378 verum,
1725 1331 1798 1370 sed

196 1389 558 1440 deprauatissime,
592 1389 876 1439 suspicantur,
908 1388 982 1427 sed
1014 1388 1356 1427 maliciosissime.
1417 1387 1485 1426 Sic
1517 1399 1592 1437 ego
1626 1390 1796 1424 centum

196 1443 309 1482 locos
346 1443 539 1495 colligam
576 1456 628 1482 ex
664 1443 853 1481 Paulinis
885 1442 1038 1494 Epist.,
1073 1443 1147 1493 qui
1178 1445 1418 1492 congruunt
1455 1454 1551 1479 cum
1588 1440 1652 1478 his
1689 1452 1798 1490 quae
1817 1442 1854 1482 85

196 1497 402 1536 damnata
423 1501 525 1536 sunt
545 1498 589 1536 in
610 1497 786 1536 Lutheri
806 1496 936 1535 libris.
988 1496 1023 1536 O
1045 1509 1174 1547 graue
1196 1495 1436 1546 exemplum
1459 1507 1604 1534 eorum
1626 1495 1700 1545 qui
1721 1493 1801 1532 sibi

198 1551 310 1591 credi
338 1551 560 1603 postulant
585 1552 630 1590 in
656 1552 829 1603 negocio
857 1550 979 1590 fidei!
1037 1550 1149 1598 Quid
1175 1550 1288 1589 enim
1315 1550 1386 1588 isti
1414 1549 1530 1588 aliud
1557 1548 1799 1600 proficiunt,

193 1607 273 1645 nisi
288 1606 404 1657 quod
420 1605 523 1645 dum
538 1606 680 1657 palam
696 1606 888 1644 seruiunt
903 1606 989 1644 suis
1004 1605 1184 1656 priuatis
1200 1604 1437 1650 affectibus,
1455 1608 1499 1642 et
1514 1603 1612 1642 fidei
1628 1615 1799 1641 causam

195 1660 380 1712 perdunt
400 1664 445 1699 et
465 1661 545 1699 sibi
567 1661 844 1699 autoritatem
867 1660 1089 1711 abrogant,
1113 1663 1157 1698 et
1178 1659 1294 1710 vulgi
1315 1658 1461 1697 odium
1482 1659 1527 1696 in
1548 1656 1798 1696 Pontificem

195 1715 453 1754 exacerbant
469 1715 476 1753 1
1816 1722 1861 1753 90

250 1768 387 1808 Multa
414 1769 561 1819 scripsi
588 1768 704 1819 prius
731 1781 862 1819 quam
890 1768 1124 1819 suspicarer
1151 1767 1387 1806 Lutherum
1415 1779 1503 1805 esse
1531 1770 1696 1812 natum,
1723 1769 1799 1803 aut

196 1823 443 1874 priusquam
470 1823 697 1874 quisquam
723 1822 954 1861 somniaret
980 1822 1059 1861 hoc
1086 1821 1274 1861 seculum
1301 1821 1578 1860 exoriturum.
1634 1819 1797 1858 Praeci-

196 1878 333 1928 pitaui
352 1877 491 1916 fateor
510 1877 710 1928 pleraque
731 1877 1029 1915 omnia—nam
1050 1876 1130 1915 hoc
1151 1876 1254 1914 mihi
1275 1875 1431 1914 vicium
1453 1878 1518 1914 est
1538 1875 1767 1925 genuinum
1789 1887 1797 1919 ;

195 1931 419 1971 doctorum
437 1935 584 1970 tamen
601 1945 650 1970 ac
668 1931 916 1982 praesertim
936 1930 1148 1970 Ecclesiae
1165 1930 1320 1969 iudicio
1339 1942 1406 1968 me
1424 1941 1589 1980 semper
1607 1928 1796 1967 submisi.

195 1985 353 2024 Multos
370 1986 529 2037 rogaui,
544 1990 766 2025 monerent
782 1986 816 2024 si
833 1985 937 2036 quid
953 1986 1109 2024 inesset
1125 1985 1169 2023 in
1185 1983 1554 2023 lucubrationibus
1571 1982 1797 2022 emendan-
1814 1994 1854 2026 95

197 2040 326 2086 dum;
357 2044 401 2079 et
420 2040 494 2091 qui
514 2044 607 2079 tum
630 2040 696 2079 vel
719 2040 992 2079 obticuerunt
1013 2039 1080 2078 vel
1104 2038 1416 2090 approbabant,
1438 2041 1586 2077 exorto
1610 2037 1797 2075 Luthero

197 2093 407 2133 damnant
426 2094 542 2145 quod
558 2093 915 2145 approbauerant.
964 2093 1080 2132 Nihil
1094 2106 1181 2132 non
1196 2093 1523 2132 calumniantur.
1581 2090 1667 2130 Sub
1683 2091 1795 2129 omni

196 2148 349 2199 lapide,
361 2148 477 2199 quod
493 2149 628 2196 aiunt,
643 2148 774 2188 cubat
789 2149 976 2200 scorpius
993 2161 1000 2195 ;
1024 2148 1103 2187 hoc
1120 2151 1378 2199 suspectum,
1392 2147 1472 2186 hoc
1487 2146 1796 2191 scandalosum,

197 2203 276 2242 hoc
290 2203 566 2242 irreuerenter
576 2203 752 2242 dictum.
795 2203 852 2242 Et
864 2216 997 2254 quum
1010 2202 1165 2241 nullius
1179 2201 1434 2248 academiae,
1445 2201 1599 2240 nullius
1613 2201 1798 2251 episcopi

197 2270 385 2304 censura,
408 2258 452 2296 in
474 2270 540 2296 me
562 2257 732 2308 prodita
753 2258 822 2304 sit,
844 2261 991 2296 tamen
1011 2256 1187 2308 quidam
1209 2257 1380 2308 priuata
1401 2256 1634 2295 autoritate
1656 2255 1797 2293 clami-
1819 2264 1881 2287 100

198 2315 296 2350 tant
320 2311 593 2359 haereticum,
619 2312 968 2351 haeresiarcham.
1023 2311 1158 2359 Quem
1183 2311 1373 2350 animum
1398 2310 1676 2361 quantumuis
1702 2322 1796 2347 con-

197 2369 384 2405 stantem
412 2366 514 2405 haec
541 2367 717 2405 iniuriae
744 2379 830 2405 non
856 2366 1139 2417 propellerent
1164 2366 1209 2404 in
1234 2365 1465 2404 factionem
1487 2368 1501 2402 ⁸?
1559 2364 1626 2402 Me
1654 2367 1798 2401 tamen

197 2420 313 2459 nulla
334 2420 398 2459 Vis
422 2433 447 2459 a
468 2425 583 2460 recto
606 2420 827 2460 deflectere
850 2421 1005 2471 potuit.
1058 2421 1115 2459 Et
1138 2425 1283 2459 tamen
1306 2420 1363 2458 sic
1386 2420 1570 2470 primum
1593 2416 1800 2468 impulsus

197 2478 262 2513 est
282 2474 420 2521 Arius,
442 2475 500 2513 sic
521 2475 819 2514 Tertullianus.

256 2528 393 2575 Quare
423 2529 621 2580 dispiciat
649 2533 726 2568 tua
755 2530 961 2568 sanctitas
991 2542 1046 2567 an
1075 2529 1187 2567 hunc
1218 2529 1406 2566 animum
1437 2527 1611 2577 dignum
1642 2525 1800 2563 iudicet
1822 2536 1877 2568 103

198 2583 272 2633 qui
299 2582 482 2621 dedatur
508 2583 776 2634 quorundam
803 2583 1112 2634 impotentibus
1140 2582 1259 2628 odiis,
1290 2586 1382 2620 tum
1411 2594 1466 2619 an
1494 2581 1572 2618 hoc
1600 2578 1797 2630 expediat

199 2637 370 2687 negocio
394 2637 510 2687 quod
533 2641 598 2676 est
621 2638 664 2676 in
688 2637 897 2676 manibus.
952 2636 1032 2684 Qui
1058 2637 1162 2675 benc
1187 2636 1338 2674 volunt
1362 2634 1610 2673 Pontificiac
1633 2646 1799 2679 causae,

777 2730 846 2752 102.
875 2718 957 2749 hace
978 2718 1009 2749 H
1027 2731 1033 2749 :
1065 2718 1128 2748 hae
1147 2718 1202 2749 Nl.

243 2811 296 2848 63.
321 2805 492 2847 epistolis]
511 2805 603 2837 Such
621 2816 659 2836 as
680 2806 768 2847 Epp.
787 2815 864 2845 939,
883 2808 961 2845 961,
1085 2816 1133 2848 72.
1160 2804 1333 2843 Rliomac]
1361 2805 1413 2846 By
1440 2804 1584 2836 Stunica
1609 2804 1714 2845 (App.
1748 2808 1799 2844 15)

199 2854 277 2890 907,
300 2858 393 2889 1033.
1034 2849 1104 2879 and
1121 2848 1292 2880 Carranza
1309 2848 1389 2889 (Ep.
1413 2857 1505 2888 ¹277·
1527 2849 1617 2890 24η).

244 2897 297 2927 66.
324 2892 481 2932 Publice]
500 2902 527 2924 e.
540 2903 570 2934 g.
589 2893 625 2924 in
642 2892 700 2924 the
721 2892 912 2924 Consilium
932 2892 966 2923 of
1079 2902 1131 2932 92.
1159 2890 1408 2933 Praecipitaui]
1421 2891 1470 2923 Cf.
1486 2901 1512 2931 1,
1525 2902 1557 2932 p.
1575 2901 1601 2931 3.
1617 2894 1677 2923 6—1
1690 2901 1716 2925 1.
1731 2891 1800 2923 and

205 2945 310 2976 1520:
340 2946 396 2968 sec
413 2936 477 2978 Ep.
500 2945 582 2976 1149
599 2935 726 2967 introd.
1035 2935 1125 2977 Epp.
1142 2938 1216 2976 269.
1235 2945 1290 2975 29,
1306 2938 1403 2976 54—6‚
1417 2945 1494 2975 402.
1513 2945 1544 2973 2,
1558 2945 1634 2975 421.
1655 2937 1706 2977 58,
1723 2936 1798 2975 842.

245 2984 297 3024 67.
324 2979 506 3022 priuatim]
524 2979 584 3013 See
604 2980 666 3022 Ep.
691 2988 784 3024 1275.
806 2988 883 3011 2111.
1036 2980 1327 3020 1,918.4—6‚935.
1343 2989 1440 3020 33—4‚
1457 2987 1550 3021 1479.
1567 2981 1618 3020 56,
1638 2979 1797 3019 1482.44.

248 3034 297 3069 71.
324 3023 518 3064 attactum]
536 3023 585 3055 Cf.
608 3024 671 3066 Ep.
697 3026 788 3064 1308.
810 3034 864 3063 9n.
1077 3026 1128 3063 98.
1156 3022 1326 3065 scorpius]
1348 3023 1396 3055 Cf.
1422 3023 1527 3062 Adaq.
1554 3031 1626 3063 334.

966 3092 1034 3121 52
