2033 3395
123 135 245 184 1255]
700 132 773 172 To
801 132 1063 172 CHARLEs
1093 131 1130 170 V
1686 127 1710 165 7

118 242 209 293 ipse
234 242 444 282 Basileam
469 246 628 292 repeto,
656 242 714 280 sic
740 242 919 293 vrgebar
944 241 1131 291 vndique
1158 253 1184 278 a
1209 238 1428 278 Germanis
1455 237 1571 283 111013,
1599 235 1712 286 flagi·
1731 234 1774 266 8⁰

121 297 333 335 tatoribus
346 309 432 335 non
445 308 596 348 parum
610 296 828 346 improbis,
838 300 889 334 vt
902 308 987 346 quo
1001 294 1129 334 fidem
1138 294 1249 332 illius
1260 306 1308 332 ac
1323 304 1462 332 meam
1475 290 1712 335 liberarem,

122 363 229 401 opus
253 355 470 390 menstruo
492 349 624 389 ferme
647 350 792 389 labore
810 349 1071 400 perfecerim.
1124 348 1299 387 Vtinam
1323 349 1381 385 sit
1395 344 1593 385 omnibus
1612 342 1715 382 felix

119 404 231 442 illius
249 404 472 455 imperium
493 417 541 443 ac
562 417 703 443 meum
724 403 973 454 obsequium
994 403 1002 441 l
1039 406 1083 442 et
1102 415 1222 453 spero
1242 401 1344 448 fore,
1365 400 1402 439 si
1420 404 1497 438 tua
1516 398 1716 437 maiestas

122 458 201 497 hoc
222 458 520 497 munusculum
540 458 620 496 sibi
640 457 829 497 dicatum
851 461 1063 509 agnoscet.

176 512 259 551 Sed
278 512 344 551 hic
364 511 543 551 fortasse
563 512 676 551 dicet
696 512 846 563 aliquis
867 512 941 563 qui
960 516 1003 551 te
1023 524 1109 550 non
1129 510 1211 549 alio
1231 509 1358 549 titulo
1379 520 1508 559 quam
1529 505 1717 547 Caesaris
1734 505 1773 545 83

121 566 256 613 nouit,
298 566 409 614 Quid
454 566 534 605 1100
572 570 871 617 argumentum
909 565 964 604 ad
999 565 1269 617 prophanum
1307 563 1553 615 principem,
1600 558 1717 611 quod

122 620 257 671 magis
284 620 565 660 conueniebat
594 620 822 659 abbatibus
852 624 929 659 aut
955 620 1161 671 episcopis
1191 620 1468 658 consecrare?
1527 614 1717 654 Primum

123 675 226 713 mihi
256 674 426 714 videtur
457 679 557 725 apte
587 674 750 721 datum,
783 674 986 725 quicquid
1016 674 1242 713 honestum
1273 671 1449 711 offertur
1479 669 1718 710 Christiano

122 728 314 779 principi.
367 728 553 775 Adhaec,
580 742 713 780 quum
738 729 878 767 nullus
903 729 1097 780 princeps
1122 732 1213 766 tam
1238 726 1484 778 prophanus
1508 724 1564 762 sit
1588 727 1639 761 vt
1664 721 1718 760 ab

124 782 345 834 Euangelii
382 783 638 834 professione
676 784 732 822 sit
769 783 943 829 alienus,
982 782 1180 822 Caesares
1216 782 1261 819 in
1300 781 1379 819 1100
1417 781 1637 829 vngunt-ur
1675 779 1718 815 et
1735 784 1781 817 90

124 841 434 885 consecrantur,
456 842 507 876 vt
531 837 832 888 Euangelicam
860 837 1103 888 religionem
1123 836 1191 875 vel
1215 839 1413 874 tutentur
1441 833 1510 872 vel
1533 831 1720 870 sarciant

123 891 191 930 vel
217 895 466 943 propagent.
522 891 677 943 Itaque
703 905 790 931 non
816 891 965 931 doctor
991 895 1057 931 est
1084 889 1305 941 Euangelii
1331 889 1496 933 Caesar,
1525 885 1599 925 sed
1626 897 1719 936 pro-

123 949 348 996 pugnator.
399 945 554 985 Fateor
574 959 582 984 :
622 945 696 985 sed
717 946 887 985 interim
910 958 987 997 par
1010 949 1075 985 est
1096 957 1183 984 non
1204 945 1397 996 ignorare
1419 940 1544 993 quale
1566 940 1623 979 sit
1645 951 1721 990 pro

124 1012 208 1050 quo
238 1002 369 1038 sumis
397 1013 528 1038 arma.
586 1000 730 1047 Porro,
761 1013 894 1051 quum
923 1005 1048 1039 tuum
1076 1000 1208 1038 istum
1237 998 1428 1037 animum
1457 993 1722 1044 contemplor

124 1054 182 1093 sic
201 1053 390 1105 religioni
407 1054 643 1106 pietatique
661 1054 854 1094 deditum
873 1059 923 1093 vt
941 1054 1147 1106 episcopis
1164 1057 1209 1093 et
1227 1051 1456 1091 abbatibus
1475 1049 1531 1088 ad
1548 1047 1721 1100 pietatis
1737 1056 1778 1089 95

124 1107 315 1147 studium
341 1108 410 1147 vel
434 1108 577 1160 regula
602 1109 736 1159 possit
761 1122 850 1148 esse
875 1109 943 1148 vel
968 1108 1118 1155 calcar,
1145 1120 1232 1146 non
1256 1107 1361 1146 mihi
1385 1106 1502 1143 visus
1527 1115 1621 1142 sum
1647 1101 1722 1139 vlli

125 1163 424 1213 congruentius
442 1163 520 1202 hoc
538 1176 693 1202 munus
710 1163 982 1202 dedicaturus
999 1175 1129 1214 quam
1146 1166 1247 1201 tuae
1264 1159 1493 1199 maiestati.
1539 1155 1722 1196 Proinde

125 1216 240 1267 quod
281 1221 382 1267 apte
423 1216 641 1256 dicaturus
682 1230 797 1257 eram
839 1217 1077 1257 Christiano
1119 1216 1312 1267 principi,
1355 1214 1498 1265 aptius
1540 1210 1721 1256 Caesari,

123 1270 343 1322 aptissime
364 1270 458 1310 dico
478 1271 641 1311 Carolo.
690 1272 829 1310 Minus
852 1276 956 1322 apta
977 1271 1174 1310 deferunt
1195 1270 1267 1321 qui
1290 1280 1476 1320 gemmas
1497 1278 1626 1311 raras,
1649 1263 1724 1314 qui

123 1325 283 1364 feroces
293 1324 489 1371 caballos,
505 1326 578 1376 qui
589 1338 712 1364 canes
726 1326 981 1372 venatorios,
993 1326 1066 1376 qui
1080 1324 1228 1363 aulaea
1241 1323 1460 1362 barbarica
1470 1320 1722 1371 largiuntur.
1745 1327 1808 1351 100

125 1379 218 1418 Iam
236 1391 370 1430 quum
386 1379 684 1430 Euangelistae
700 1380 804 1418 nulli
822 1393 905 1418 non
923 1379 1165 1430 scripserint
1184 1377 1479 1429 Euangelium,
1498 1387 1584 1413 non
1599 1372 1724 1411 Video

125 1446 210 1484 quo
226 1433 366 1472 minus
379 1433 437 1472 sit
450 1433 504 1472 ab
517 1434 713 1472 omnibus
729 1434 967 1485 legendum.
1017 1434 1076 1472 Et
1090 1445 1167 1472 nos
1179 1433 1242 1471 ita
1254 1430 1536 1470 tractauimus
1550 1432 1600 1466 vt
1612 1431 1656 1466 et
1668 1426 1723 1465 ab

124 1487 334 1527 illiteratis
363 1488 498 1538 possit
529 1487 720 1539 intelligi.
782 1488 964 1540 Legetur
997 1492 1142 1527 autem
1175 1499 1341 1526 summo
1376 1497 1472 1524 011111
1505 1483 1662 1528 fructu,
1690 1480 1726 1519 si

125 1542 304 1593 quisque
324 1542 403 1581 hoc
420 1542 561 1581 animo
582 1547 723 1582 sumet
740 1543 785 1581 in
805 1556 970 1589 manus,
991 1547 1042 1581 vt
1061 1543 1197 1593 seipso
1218 1540 1423 1580 reddatur
1443 1538 1589 1577 melior
1609 1550 1617 1582 ;
1647 1548 1724 1574 nec

127 1596 428 1647 Euangelicam
436 1597 690 1647 scripturam
701 1597 755 1636 ad
763 1610 859 1636 suos
872 1596 1166 1637 accommodet
1173 1595 1364 1641 affectus,
1374 1593 1448 1633 sed
1457 1605 1579 1632 suam
1587 1591 1724 1629 vitam
1748 1599 1805 1631 105

126 1663 308 1702 suasque
319 1650 575 1701 cupiditates
586 1651 641 1690 ad
651 1652 776 1690 huius
789 1652 976 1703 regulam
988 1652 1183 1702 corrigat.
1214 1650 1302 1689 Nos
1313 1650 1357 1687 in
1366 1648 1446 1687 hoc
1457 1659 1582 1698 opere
1592 1644 1722 1696 potis-

126 1705 281 1744 simum
301 1706 470 1756 sequuti
491 1718 636 1744 sumus
653 1706 887 1757 Origenem,
910 1707 970 1746 rei
989 1706 1251 1756 theologicae
1265 1704 1389 1754 longe
1404 1700 1722 1753 peritissimum,

127 1759 477 1810 Chrysostomum
499 1773 547 1799 ac
568 1760 894 1812 Hieronymum,
914 1774 967 1800 ex
988 1760 1237 1799 orthodoxis
1258 1756 1595 1810 probatissimos.

180 1813 267 1852 Det
298 1813 391 1861 tibi,
426 1813 579 1854 Caesar
616 1815 926 1866 augustissime,
962 1814 1153 1854 coelestis
1185 1813 1254 1852 ille
1288 1812 1502 1862 Princeps,
1536 1821 1586 1848 ea
1619 1806 1727 1846 velle

126 1867 353 1919 conarique
371 1881 480 1919 quae
497 1872 599 1908 sunt
615 1870 793 1920 optima,
811 1874 942 1921 atque
957 1868 1070 1907 idem
1087 1872 1186 1907 tuos
1203 1870 1381 1906 conatus
1398 1866 1505 1904 bene
1520 1863 1727 1908 fortunet,
1750 1872 1811 1894 110

127 1926 177 1961 vt
202 1922 510 1974 amplissimum
535 1923 772 1974 imperium,
801 1923 917 1974 quod
943 1924 1051 1962 citra
1075 1922 1291 1973 sanguinis
1316 1919 1493 1959 humani
1518 1918 1727 1956 iacturam

127 1976 334 2016 hactenus
369 1977 561 2028 contigit,
598 1979 732 2029 possis
767 1978 916 2017 itidem
952 1977 1020 2017 vel
1055 1989 1289 2028 propagare
1324 1974 1392 2013 vel
1427 1972 1550 2012 tueri.
1615 1968 1728 2008 Illud

125 2031 297 2070 interim
317 2044 482 2082 semper
501 2032 740 2071 meminerit
760 2036 838 2071 tua
858 2032 1095 2078 clementia,
1116 2030 1280 2070 nullum
1302 2029 1459 2068 bellum
1479 2039 1616 2077 neque
1636 2028 1728 2063 tam

126 2084 249 2124 iustis
274 2084 326 2124 de
351 2086 488 2124 causis
512 2086 667 2137 suscipi
691 2099 829 2138 neque
853 2090 944 2125 tam
969 2085 1187 2125 moderate
1212 2084 1312 2136 geri,
1338 2082 1454 2134 quod
1477 2094 1564 2120 non
1582 2079 1729 2130 ingens

129 2143 174 2179 et
198 2139 401 2179 scelerum
425 2143 470 2179 et
494 2140 790 2179 calamitatum
816 2154 967 2192 agmen
992 2153 1135 2180 secum
1159 2139 1307 2178 trahat
1327 2151 1334 2176 :
1376 2141 1471 2176 tum
1496 2134 1729 2174 maximam
1750 2145 1808 2178 115

131 2193 338 2232 malorum
358 2198 525 2245 partem
547 2194 602 2233 ad
621 2195 816 2234 irmoxios
837 2199 882 2234 et
899 2195 1095 2247 indignos
1115 2193 1310 2234 recidere.

185 2247 388 2287 Basileae.
431 2247 496 2287 Id.
521 2248 612 2288 Ian.
636 2249 717 2288 An.
741 2260 788 2289 M.
804 2260 1003 2289 D.Xx.11.

498 2379 619 2417 1256.
683 2373 823 2417 FROM
857 2374 989 2417 JOHN
1023 2376 1172 2417 Lotis
1207 2374 1371 2415 Vivus.

182 2448 284 2483 Viuis
302 2448 434 2492 Opera,
458 2458 557 2492 1555,
576 2449 613 2490 ii,
634 2461 667 2493 p.
687 2450 757 2490 960
777 2451 837 2492 (a).
1418 2444 1594 2478 Louvain.

181 2507 233 2539 Vi.
255 2504 296 2538 E.
320 2507 344 2538 f.
372 2512 411 2547 55
430 2508 473 2537 v0
498 2506 575 2547 (Β);
613 2504 729 2538 Lond.
757 2504 837 2538 Viv.
861 2506 908 2538 6:
948 2504 1021 2538 LB.
1045 2509 1125 2547 (215.
1334 2512 1374 2543 19
1393 2500 1562 2542 January
1584 2505 1681 2540 1523.

223 2575 306 2615 [For
321 2584 458 2606 sources
475 2575 543 2606 and
562 2574 644 2607 date
660 2586 716 2607 sce
734 2575 798 2616 Ep.
821 2584 903 2607 1222
922 2575 1048 2607 introd.
1096 2574 1265 2607 Erasmus
1282 2571 1413 2614 replied
1429 2581 1473 2602 on
1494 2579 1515 2608 4
1533 2568 1633 2608 Feb.]

563 2663 685 2693 IDEM
719 2664 875 2692 EIDEM
901 2656 1063 2704 <vivims
1098 2651 1325 2699 musmo>

191 2727 603 2766 EXPECTATISSIMAS
640 2732 738 2766 tuas
774 2727 917 2766 literas
954 2727 1097 2778 accepi
1133 2727 1198 2765 his
1234 2725 1382 2765 diebus
1419 2722 1704 2775 superioribus
1724 2734 1732 2761 :

136 2795 246 2833 quae
273 2782 388 2828 mihi,
410 2782 525 2832 quod
545 2782 621 2820 abs
641 2786 684 2821 te
704 2785 857 2829 essent,
878 2795 964 2820 non
983 2785 1218 2833 potuerunt
1242 2793 1331 2818 esse
1352 2792 1439 2818 non
1467 2778 1703 2817 ratissimae
1725 2789 1733 2815 ε

185 2862 279 2892 1255.
299 2867 352 2899 91.
380 2871 433 2891 az:
451 2862 687 2894 tutcanturssz
705 2863 909 2899 tueantury.
948 2868 1018 2898 107.
1046 2860 1101 2891 <152
1120 2859 1295 2900 Originem
1310 2869 1342 2897 γ.
1379 2865 1451 2897 117.
1478 2855 1530 2888 Id.
1546 2867 1582 2887 a:
1599 2854 1688 2886 Idib.
1707 2853 1732 2893 ζ.

186 2916 283 2964 1255.
308 2932 361 2963 82.
388 2916 582 2971 menstruo]
622 2930 665 2963 In
709 2931 774 2972 Ep.
819 2940 910 2971 1342.
1029 2930 1125 2961 1:356.
1159 2936 1185 2961 1.
1211 2929 1346 2969 literas]
1375 2928 1448 2960 Not
1479 2929 1625 2959 extant:
1671 2925 1736 2957 but

139 2984 251 3015 243-4
265 2975 336 3007 this
351 2976 512 3007 estimato
528 2975 556 3006 is
572 2974 746 3006 doublcd:
773 2974 836 3005 but
852 2974 913 3006 the
982 2973 1153 3015 probably
1178 2971 1214 3003 of
1244 2983 1282 3015 14
1310 2983 1349 3003 or
1374 2982 1415 3004 22
1444 2972 1525 3002 Dec.
1558 2971 1613 3008 (cf.
1644 2970 1733 3009 Epp.

140 3019 260 3051 earlier
270 3019 375 3061 figure
391 3019 418 3050 is
434 3029 528 3050 more
542 3018 648 3060 likely
663 3021 700 3050 to
717 3018 758 3050 bc
769 3021 909 3050 correct.
985 3018 1102 3055 1248«)
1119 3016 1187 3048 and
1208 3027 1300 3058 1254.
1319 3017 1407 3057 2—3).
