2012 3370
154 165 275 215 1362]
580 165 739 203 FROM
767 164 919 203 JOHN
952 163 1118 203 LOUIS
1150 162 1317 202 VIVES
1667 160 1742 198 281

151 286 248 311 cum
264 273 308 312 in
325 273 403 312 hac
420 278 540 325 parte
556 273 716 311 felicius
733 272 932 311 succedat
948 286 1077 334 quam
1095 277 1243 334 optare
1260 285 1325 310 me
1343 284 1419 322 par
1435 274 1513 316 est,
1530 270 1743 320 incorrup-

150 327 236 365 tius
258 340 352 366 mea
372 328 681 367 aestimantem.
733 326 856 374 Quid,
880 327 995 377 quod
1016 327 1051 365 si
1072 327 1259 365 maxima
1280 325 1503 364 mihimet
1494 337 1582 375 lpse
1604 324 1656 362 de
1678 336 1745 362 me

151 382 461 443 persuasissem,
488 385 532 420 et
557 394 623 420 me
649 381 833 431 optimos
859 394 907 419 ac
934 380 1251 430 doctiss<imos>
1277 380 1406 419 libros
1432 379 1609 418 scribere
1636 377 1743 416 arbi-

150 440 296 482 traier,
319 449 405 475 non
425 436 569 487 ignoro
591 439 736 474 tamen
758 435 1010 496 peculiarem
1032 435 1142 485 genii
1163 434 1353 473 fauorem
1372 447 1474 480 esse,
1496 446 1521 472 a
1547 445 1631 484 quo
1654 432 1746 470 vita
1768 444 1802 476 15

151 490 435 529 monumentis
478 489 672 528 literariis
713 489 970 539 inspiratur;
1022 494 1065 527 et
1100 489 1317 527 fortunam
1352 501 1440 527 esse
1475 500 1585 538 quae
1620 486 1745 524 rebus

150 544 336 594 precium
375 547 420 583 et
458 544 754 583 aeternitatem
794 543 937 589 donet,
978 556 1138 593 nosque
1179 542 1351 581 consilia
1390 546 1618 593 praestare,
1658 553 1744 579 non

150 602 304 636 euenta
324 611 332 636 :
369 597 463 637 ideo
485 598 686 649 sapientis
707 610 808 643 esse,
832 601 1060 648 postquam
1082 610 1191 647 quae
1211 597 1255 635 in
1277 610 1406 635 manu
1428 609 1505 635 sua
1525 596 1608 634 sita
1629 598 1743 640 sunt,

151 665 280 702 quam
303 652 436 703 possit
450 652 655 690 industrie
677 665 725 690 ac
741 651 963 702 diligenter
984 651 1251 701 disposuerit,
1267 650 1455 689 fortuitis
1477 649 1742 700 aequabilem

149 719 193 744 se
210 706 410 757 praebere
429 719 437 752 ;
472 706 678 757 siquidem
697 705 812 744 aliud
829 706 873 744 in
891 706 983 744 vita
1001 704 1304 756 praestandum
1322 717 1408 743 non
1426 708 1491 743 est
1510 704 1620 742 bono
1640 704 1744 749 viro,
1763 716 1806 738 20

149 764 316 810 praeter
335 760 516 811 culpam.

204 814 320 853 Haec
341 814 512 865 quidem
534 827 599 853 me
621 813 949 860 consolarentur,
972 814 1006 852 si
1026 814 1070 852 in
1091 826 1191 852 vera
1211 812 1448 852 eruditione
1468 825 1516 851 ac
1537 811 1747 863 sapientia

149 868 351 907 obscurus
367 881 498 907 essem
519 881 526 906 :
559 881 671 907 nunc
691 873 835 907 autem
851 872 896 907 et
911 868 1059 907 clarior
1075 881 1167 906 sum
1184 880 1314 918 quam
1330 867 1562 918 plerunque
1578 865 1744 911 vellem,

148 935 200 960 116
221 935 358 961 11166111
379 936 404 961 a
423 923 547 962 rebus
567 923 762 961 omnibus
782 923 969 974 inopiam
989 927 1079 961 tam
1101 922 1224 960 mulii
1244 924 1487 972 spectarent
1507 934 1555 959 ac
1576 920 1745 959 scirent.

149 976 207 1015 Et
238 977 493 1028 imperitiam
527 990 665 1016 meam
698 981 867 1015 tantam
900 990 988 1016 esse
1021 976 1159 1023 video,
1194 980 1243 1014 vt
1274 975 1391 1014 illam
1424 974 1611 1026 profiteri
1645 986 1780 1025 prae
1764 988 1801 1018 -5

147 1030 307 1081 pudore
326 1044 461 1082 cogar,
482 1035 531 1070 vt
548 1031 663 1082 quod
681 1031 752 1070 alii
769 1031 1067 1093 deprehensuri
1084 1034 1197 1077 sunt,
1217 1031 1305 1081 ipse
1324 1030 1483 1069 minore
1502 1028 1627 1080 culpa
1644 1041 1745 1079 prae

148 1098 215 1123 me
237 1084 383 1124 feram.
436 1086 589 1136 Scripsi
612 1090 757 1124 tamen
780 1086 963 1136 primum
993 1085 1147 1124 aetatis
1176 1085 1312 1124 calore
1341 1084 1560 1135 impulsus,
1592 1081 1743 1121 deinde

149 1139 251 1189 quia

796 1214 916 1249 tenet
935 1210 1168 1249 insanabile
1190 1210 1346 1249 multos

526 1264 743 1303 Scribendi
772 1265 1004 1303 cacoethes.
1765 1275 1808 1307 30

146 1333 229 1373 Sed
249 1346 389 1372 meum
410 1334 582 1380 sanabO,
601 1338 649 1373 vt
669 1347 802 1384 spero.
852 1335 963 1373 Nam
984 1335 1109 1373 simul
1124 1339 1174 1373 vt
1192 1335 1375 1386 primum
1396 1334 1571 1373 emisero
1590 1333 1743 1372 librum

146 1400 273 1438 quem
307 1387 371 1426 his
403 1387 551 1426 diebus
585 1388 640 1426 ad
678 1388 885 1439 Reginam
922 1388 1098 1440 Angliae
1138 1390 1368 1440 composui,
1410 1389 1454 1427 in
1492 1388 1639 1439 longas
1676 1400 1743 1426 me

147 1441 302 1480 abdam
328 1441 453 1480 ferias
479 1445 523 1480 et
548 1442 686 1481 ocium
712 1443 946 1489 innoxium,
966 1446 1059 1481 tum
1086 1443 1202 1494 quod
1220 1443 1299 1482 hoc
1317 1443 1372 1482 ad
1390 1443 1589 1494 pinguem
1608 1442 1743 1480 vitam

148 1495 403 1547 beatamque
434 1496 784 1548 compendiosius,
817 1501 911 1536 tum
945 1510 997 1536 ne
1034 1510 1102 1535 me
1134 1498 1263 1537 toties
1295 1510 1399 1536 voce
1436 1496 1615 1548 prodam
1648 1508 1744 1535 mea

147 1549 266 1589 velut
301 1563 436 1597 sorex,
476 1554 519 1589 et
555 1550 757 1590 lacessam
795 1550 992 1590 fortunae
1036 1555 1166 1603 atque
1207 1551 1534 1591 em‘stimationis
1577 1550 1713 1589 aleam
1733 1563 1742 1596 3
1764 1565 1801 1596 35

147 1608 359 1655 postremo
395 1605 524 1656 quod,
561 1609 611 1644 vt
645 1605 800 1644 Atilius
836 1606 1097 1653 consulebat,
1133 1607 1267 1645 satius
1311 1610 1376 1645 est
1413 1619 1574 1645 cessare
1612 1617 1742 1656 quam

146 1658 250 1697 nihil
275 1672 408 1710 agere.
463 1659 571 1698 Tum
598 1660 756 1698 nemini
780 1660 985 1699 facessam
1010 1661 1229 1711 negocium
1262 1674 1314 1700 ex
1342 1661 1434 1699 istis
1467 1660 1541 1711 qui
1570 1659 1744 1698 nomina

146 1716 292 1751 nostra
329 1713 575 1764 quaestibus
613 1715 698 1752 suis
736 1715 971 1753 metiuntur
1004 1719 1047 1753 et
1080 1719 1265 1753 censent.
1326 1715 1383 1753 Et
1416 1715 1518 1753 haec
1555 1713 1740 1764 quidem,

147 1771 196 1805 vt
227 1768 410 1806 maxime
437 1781 584 1806 verum
613 1768 860 1807 Franciscus
889 1769 1127 1819 scripserit:
1170 1782 1269 1807 nam
1292 1782 1347 1807 an
1368 1769 1431 1807 ita
1459 1769 1528 1814 sit,
1557 1772 1739 1818 tempus,

147 1825 196 1860 vt
224 1834 358 1872 spero,
392 1821 636 1868 declarabit,
667 1826 711 1861 et
738 1826 881 1873 potest
912 1823 1144 1862 Frobenius
1174 1824 1228 1861 ab
1260 1823 1422 1861 Hilario
1451 1822 1667 1862 sciscitari.
1761 1837 1806 1866 40

200 1875 263 1914 De
290 1875 528 1927 Augustino
555 1877 639 1915 scio
665 1876 784 1915 illum
812 1876 1050 1915 vendidisse
1076 1877 1258 1928 plurima
1285 1877 1554 1928 exemplaria,
1583 1880 1627 1915 et
1652 1877 1741 1927 ipse

146 1930 246 1968 noui
277 1930 351 1980 qui
382 1931 573 1969 emerint.
636 1930 716 1978 Qui
747 1944 847 1969 vero
880 1930 932 1970 de
964 1931 1156 1970 Londino
1189 1931 1319 1970 audet
1350 1936 1440 1970 tam
1472 1930 1743 1982 impudenter

148 1984 351 2022 mentiri?
396 1984 470 2023 vbi
495 1985 584 2035 ipse
610 1983 746 2024 fassus
774 1985 877 2024 mihi
904 1989 968 2024 est
995 1999 1037 2024 se
1064 1986 1210 2037 paucis
1237 1986 1386 2025 diebus
1412 1998 1540 2036 supra
1566 1985 1742 2036 triginta

147 2037 374 2089 Augustini
404 2039 661 2090 exemplaria
692 2039 947 2080 distraxisse„
1010 2040 1131 2079 Certe
1163 2040 1374 2091 Lupsetus
1406 2039 1591 2091 negabat
1623 2052 1666 2077 se
1697 2039 1741 2076 in

147 2091 298 2143 Anglia
315 2092 469 2131 vidisse
487 2092 772 2145 Augustinum
790 2093 922 2132 vllum
941 2107 1082 2133 meum
1101 2095 1307 2134 venalem.
1354 2094 1407 2133 In
1424 2094 1572 2133 eadem
1590 2093 1742 2144 Aiiglia
1763 2109 1800 2140 45

146 2159 273 2197 supra
310 2146 621 2198 quadringenta
657 2161 752 2187 mea
789 2148 961 2187 Somnia
999 2148 1229 2188 affirmauit
1266 2149 1369 2188 mihi
1406 2148 1644 2188 vendidisse
1683 2160 1739 2186 se.

146 2200 307 2239 Forsan
319 2214 405 2240 non
418 2201 629 2241 vendibile
641 2206 770 2253 putat
782 2216 949 2249 nomen,
965 2202 1081 2254 quod
1094 2203 1258 2242 confert
1271 2217 1367 2242 cum
1381 2207 1457 2242 tuo
1472 2206 1548 2242 aut
1561 2201 1737 2241 Budaei.

147 2254 258 2302 Quid
279 2258 294 2293 ⁶?
332 2268 597 2306 nusquamne
616 2260 681 2295 est
700 2257 767 2296 hic
788 2256 893 2296 alius
913 2270 1039 2308 quem
1061 2258 1220 2297 socium
1241 2258 1320 2297 sibi
1340 2257 1573 2297 Frobenius
1593 2256 1739 2296 adiun-

413 2356 464 2386 26.
491 2363 594 2394 cogor
612 2353 715 2385 Lond.
881 2356 932 2396 36.
959 2353 1087 2385 Atilius
1106 2354 1252 2395 scripsi:
1286 2353 1421 2396 Appius
1441 2367 1470 2383 α.

190 2486 241 2516 29.
267 2479 365 2507 tenet
378 2476 586 2525 insanabile]
602 2477 683 2509 Juv.
703 2487 733 2517 7.
755 2487 840 2517 51‚*.
973 2478 1034 2510 the
1067 2479 1245 2511 witticism
1278 2489 1316 2510 as
1352 2477 1496 2511 ‘melius
1528 2482 1581 2510 cst
1613 2478 1739 2510 studiis

193 2519 413 2560 31.Iib1um]
438 2521 489 2551 De
513 2520 721 2552 institutione
740 2520 913 2561 focmznac
971 2522 1171 2554 litterarum
1202 2533 1264 2564 per
1295 2523 1409 2554 otium
1441 2532 1548 2564 quam
1573 2522 1737 2554 inanibus

146 2562 370 2601 Christianae,
390 2563 568 2605 Antwerp,
589 2564 634 2595 M.
664 2564 791 2599 Hillen.
817 2574 912 2606 1524
971 2566 1008 2597 in
1026 2566 1110 2598 vrbe
1127 2566 1277 2607 negotiis
1291 2566 1491 2598 incumbere
1506 2566 1526 2598 ².

149 2605 337 2655 impensis
353 2607 491 2638 honesti
508 2608 574 2638 viri
590 2608 763 2639 Francisei
782 2600 911 2649 131101(
1018 2621 1070 2651 40.
1097 2609 1246 2649 Hilario]
1272 2610 1430 2648 Bertulf3
1467 2620 1522 2641 606
1547 2610 1612 2651 Ep.
1643 2619 1734 2650 1257.

148 2658 240 2687 man,
269 2650 354 2681 ciuis
383 2650 615 2682 Coloniensis'
682 2651 768 2682 with
796 2653 911 2684 Vives'
978 2661 1051 2694 1311.

146 2691 282 2732 preface
317 2697 355 2724 to
385 2694 503 2732 Queen
534 2663 732 2732 Catharine,
766 2703 781 2734 5
815 2695 912 2736 April
1019 2705 1069 2738 41.
1097 2695 1308 2736 Augustino]
1324 2696 1384 2728 Sco
1400 2697 1463 2737 Ep.
1483 2705 1578 2736 1309.

152 2744 209 2775 152
215 2745 245 2775 3,
296 2737 437 2778 Bruges.
510 2737 583 2768 The
631 2737 712 2779 long
760 2738 911 2769 interval
1060 2738 1173 2778 illum]
1196 2739 1232 2770 F.
1270 2740 1474 2778 Berckman,
1506 2741 1584 2771 who
1614 2740 1642 2772 is
1672 2741 1736 2772 {re-

148 2778 304 2811 between
330 2779 467 2821 preface
493 2780 564 2811 and
590 2780 808 2821 publication
835 2792 910 2821 sug·
973 2782 1121 2823 quently
1141 2782 1292 2814 referred
1308 2788 1345 2815 to
1363 2783 1482 2821 below,
1503 2784 1616 2816 either
1632 2795 1669 2815 as
1691 2785 1735 2816 N.

146 2826 240 2863 gests
258 2823 338 2854 that
357 2824 460 2855 Vives
478 2823 532 2855 for
549 2834 569 2854 a
587 2825 672 2855 time
690 2824 780 2855 tried
799 2828 836 2855 to
854 2821 912 2866 get
973 2825 1030 2863 (cf.
1050 2826 1115 2866 Ep.
1136 2828 1230 2865 1306.
1246 2827 1326 2868 38n)
1341 2837 1378 2859 or
1394 2827 1544 2859 without
1558 2828 1735 2869 specifica-

147 2866 207 2897 the
233 2866 324 2898 book
347 2866 489 2907 printed
513 2867 663 2899 without
688 2868 892 2899 Bcrckman
897 2879 912 2899 s
973 2870 1048 2900 tion
1062 2869 1110 2908 (ll.
1124 2874 1176 2911 46,
1188 2872 1254 2913 47).
1302 2871 1364 2902 See
1375 2870 1448 2902 also
1462 2871 1526 2911 Ep.
1547 2873 1639 2911 1388.
1658 2882 1734 2911 2411.

146 2909 217 2948 aid,
246 2910 310 2942 but
336 2914 375 2941 at
400 2910 469 2942 last
496 2921 565 2942 was
593 2910 730 2953 obliged
758 2916 795 2943 to
822 2912 911 2943 have
1018 2925 1069 2955 44.
1096 2912 1284 2954 Lupsetus]
1319 2914 1380 2946 See
1416 2915 1471 2956 Ep
1499 2939 1507 2947 .
1542 2925 1618 2956 270.
1653 2920 1735 2954 0011,

148 2963 304 2986 recourse
322 2957 360 2985 to
378 2954 461 2985 him.
978 2960 1061 2995 1300
1079 2957 1208 2988 introd.

195 3001 245 3038 36.
271 2997 413 3036 Atilius]
445 2997 494 3029 Cf.
530 2998 616 3029 l'lin.
651 2998 737 3038 ΕΝ).
771 3008 794 3029 1.
821 3008 852 3038 9.
882 3000 910 3029 8.
1019 3003 1069 3042 46.
1096 3000 1252 3039 Somnia]
1291 3001 1352 3033 See
1392 3002 1456 3043 Ep.
1501 3003 1594 3033 1108.
1634 3012 1738 3035 20211.

149 3040 221 3071 Thc
244 3041 435 3073 Thesaurus
455 3042 490 3082 (i.
518 3044 609 3082 1381.
631 3044 733 3082 01-4)
754 3042 913 3084 explains
974 3043 1110 3075 Froben
1124 3044 1194 3076 had
1209 3045 1385 3086 reprinted
1399 3046 1427 3077 it.
1441 3046 1476 3077 in
1492 3046 1611 3078 March
1630 3056 1723 3087 1521.
