2012 3370
90 147 209 196 1304]
678 143 751 183 TO
786 142 1011 183 ADRIAN
1043 143 1104 183 VI
1602 144 1676 182 107

85 257 312 306 pastorem.
371 253 505 293 Locus
538 257 603 292 est
635 253 948 293 Commentario
982 254 1211 292 centesimo
1243 256 1379 298 sexto,
1410 256 1454 290 et
1482 252 1526 290 in
1555 251 1676 291 Com·

85 309 293 347 mentario
315 308 470 347 Psalmi
492 308 709 346 centesimi
730 308 931 346 tricesimi
952 308 1107 346 octaui.
1166 307 1302 346 Docet
1323 307 1521 345 eximiam
1544 319 1677 357 quan-

85 362 185 401 dam
217 366 475 415 potestatem
507 361 634 400 Petro
665 361 874 400 tributam
906 374 932 400 a
963 361 1142 408 Christo,
1177 374 1303 412 quem
1335 365 1401 400 ter
1432 364 1676 411 negauerat,

84 416 201 455 haud
228 416 355 456 dubie
382 416 558 467 loquens
586 415 638 454 de
666 419 881 467 potestate
909 415 1216 467 pascendarum
1246 416 1403 454 ouium.
1472 414 1536 453 De
1564 414 1678 453 votis

84 470 308 521 aliquoties
330 470 535 516 meminit,
561 469 634 508 sed
656 470 721 508 his
745 469 959 508 duntaxat
982 470 1136 520 quibus
1158 471 1203 508 in
1226 470 1440 520 baptismo
1463 468 1678 508 Christum
1696 468 1757 501 295

85 524 273 575 professi,
294 524 454 563 mundo
473 523 742 574 Satanaeque
756 525 1107 570 renuntiauimus,
1125 537 1211 562 non
1226 523 1340 574 quod
1360 523 1539 562 arbitrer
1558 522 1677 561 illum

84 579 244 630 reliqua
283 582 387 618 vota
426 579 739 629 contempsisse,
781 578 855 616 sed
895 578 1010 628 quod
1048 578 1165 624 haec,
1207 583 1256 617 vt
1296 582 1409 623 sunt,
1450 577 1678 628 praecipua

84 632 266 672 duxerit.
323 633 411 672 Nec
432 632 583 671 dubito
604 633 709 683 quin
729 633 773 671 in
794 632 859 671 his
880 631 1235 670 commentariolis
1259 632 1447 683 Origenis
1468 631 1679 670 industria

84 686 212 726 fuerit
237 686 422 734 adiutus,
450 687 524 738 qui
548 687 593 726 in
617 686 782 725 nullum
808 699 915 737 opus
941 686 1111 725 diuinae
1138 686 1380 737 Scripturae
1413 685 1678 736 frequentius

83 741 245 780 aedidit
278 741 603 780 commentarios
635 753 765 792 quam
802 741 847 780 in
883 740 1150 780 Psalterium.
1226 740 1339 779 Nam
1375 739 1477 779 locis
1514 739 1678 790 aliquot
1697 745 1762 777 300

84 795 272 834 declarat
294 808 337 834 se
361 795 520 835 Graeca
543 795 746 834 calluisse.

137 849 220 889 Sed
238 850 408 888 interim
428 849 583 889 dixerit
602 849 705 888 mihi
726 849 950 901 quispiam,
974 848 1084 896 Quid
1104 849 1172 888 hic
1191 849 1353 900 gratiae
1372 848 1452 888 tibi
1471 847 1676 899 postulas,

83 904 156 954 qui
173 903 278 942 nihil
294 903 457 955 largiris
473 903 525 943 de
542 908 619 943 tuo
637 905 650 943 2
709 904 807 943 Non
823 917 969 943 recuso
987 916 1073 954 quo
1089 904 1229 942 minus
1246 907 1341 942 tota
1364 902 1457 942 laus
1475 903 1532 941 sit
1550 915 1678 954 penes

84 957 331 1005 Arnobium,
363 958 490 998 modo
519 971 650 1010 quam
678 958 908 1009 plurimum
938 958 1139 998 Vtilitatis
1167 957 1264 997 hinc
1294 961 1440 996 manet
1469 957 1525 997 ad
1554 969 1678 996 verae

84 1013 256 1064 pietatis
303 1012 567 1052 candidatos.
625 1013 684 1052 Et
730 1016 877 1052 tamen
923 1016 989 1052 est
1036 1012 1197 1063 aliquid
1243 1011 1477 1063 prodidisse
1523 1011 1678 1051 librum
1699 1016 1760 1049 305

84 1066 265 1105 antehac
300 1066 538 1115 obscurum,
575 1070 706 1118 atque
740 1068 870 1106 etiam
905 1066 961 1106 ob
995 1066 1192 1106 dictionis
1227 1067 1335 1105 vitia
1368 1070 1678 1117 contemptum.

86 1121 165 1160 Est
200 1120 361 1172 aliquid
397 1121 480 1161 huc
519 1121 749 1173 perpulisse
787 1121 992 1160 Ioannem
1020 1121 1290 1168 Fmbenium,
1320 1124 1371 1160 vt
1398 1133 1474 1160 suo
1501 1124 1678 1171 sumptu

85 1188 245 1226 suoque
273 1176 458 1227 periculo
486 1189 647 1215 nouum
676 1188 782 1227 opus
809 1175 1037 1215 excuderet
1065 1176 1151 1215 suis
1179 1174 1384 1214 formulis.
1441 1174 1539 1214 Non
1567 1175 1679 1213 enim

84 1242 248 1281 semper
281 1242 414 1281 aeque
446 1229 624 1270 feliciter
655 1230 737 1269 illis
770 1230 886 1269 cadit
919 1229 1142 1269 aeditionis
1176 1229 1280 1268 alea.
1338 1229 1571 1275 Postremo,
1607 1230 1680 1268 vix

84 1284 310 1334 quisquam
341 1283 487 1323 credat
517 1289 729 1335 quantum
759 1283 888 1323 fuerit
917 1285 1079 1335 negocii
1109 1285 1154 1323 in
1184 1283 1441 1335 castigandis
1471 1283 1682 1323 erroribus
1701 1289 1765 1321 310

84 1337 272 1377 scribae:
319 1338 436 1389 quod
465 1342 515 1377 vt
544 1338 740 1385 facerem,
771 1351 896 1390 saepe
925 1342 1045 1377 totus
1075 1337 1269 1377 Psalmus
1299 1342 1391 1377 erat
1419 1337 1680 1388 relegendus,

84 1396 134 1431 vt
158 1392 272 1431 illinc
298 1392 576 1432 subodorarer
603 1392 747 1444 lapsus
776 1393 1052 1432 occasionem.
1110 1392 1247 1431 Erant
1276 1392 1530 1431 obseruandi
1558 1391 1679 1430 fami·

85 1446 207 1485 liares
247 1446 372 1486 huius
413 1447 550 1499 operis
590 1447 823 1487 soloecismi
861 1460 910 1486 ac
942 1446 1206 1486 barbarismi.
1264 1446 1432 1485 Alicubi
1460 1459 1526 1486 res
1555 1445 1680 1497 plane

85 1500 254 1540 Delium
294 1502 538 1553 quempiam
577 1506 819 1541 natatorem
858 1501 1120 1553 postulabat,
1162 1504 1239 1540 aut
1278 1500 1484 1553 Sibyllam
1524 1501 1680 1552 potius.

86 1555 225 1594 Huius
255 1556 416 1607 generis
446 1569 579 1595 vnum
610 1556 852 1607 exemplum
883 1555 996 1595 dabo
1026 1556 1340 1595 Commentario
1371 1555 1682 1606 septuagesimo
1703 1560 1764 1593 3¹5

85 1610 279 1660 septimo.
337 1610 483 1650 Scriba
503 1624 589 1650 non
609 1610 846 1662 intelligens
867 1611 925 1650 sic
947 1611 1156 1661 pinxerat,
1180 1609 1284 1661 quod
1304 1622 1424 1649 aures
1446 1609 1492 1648 in
1506 1609 1682 1660 faciens.

87 1664 165 1702 His
189 1664 329 1703 verbis
353 1677 485 1716 quum
509 1665 614 1704 1111111
639 1666 810 1705 omnino
834 1664 1153 1716 significaretur,
1179 1664 1337 1715 diuque
1361 1677 1428 1702 me
1452 1664 1681 1711 torsissem,

86 1718 276 1758 diuinaui
311 1719 357 1758 id
391 1719 507 1771 quod
542 1732 607 1758 res
643 1724 720 1767 est,
758 1720 964 1771 scriptum
999 1719 1127 1758 fuisse
1162 1719 1268 1770 quod
1302 1718 1477 1757 auxesin
1505 1718 1681 1769 faciens.

87 1772 198 1811 Nam
231 1774 275 1812 in
308 1773 517 1825 plerisque
551 1775 769 1826 scripturis
801 1773 936 1826 figura
968 1773 1094 1812 huius
1121 1773 1268 1812 literae
1299 1787 1352 1812 .x.
1384 1786 1469 1812 non
1498 1772 1682 1812 multum

87 1827 288 1866 abhorret
315 1827 370 1867 ab
401 1841 448 1868 .r.
505 1828 659 1880 Itaque
687 1828 824 1867 scriba
853 1827 1010 1868 Graece
1040 1841 1210 1879 prorsus
1245 1829 1416 1879 ignarus
1451 1831 1496 1866 et
1532 1826 1683 1865 Latine
1704 1832 1770 1865 320

88 1882 310 1921 minimum
334 1882 498 1930 doctus,
523 1896 575 1922 ex
598 1883 772 1922 auxesin
793 1882 953 1922 fecerat
974 1895 1094 1921 aures
1117 1882 1176 1921 in.
1235 1882 1346 1921 Item
1369 1881 1683 1921 Commentario

89 1937 318 1976 centesimo
350 1938 503 1988 quinto
536 1938 741 1988 scriptum
774 1941 866 1977 erat
902 1936 1138 1987 ‘Suscipiat
1165 1936 1353 1987 regulam
1382 1936 1682 1988 poenitentiae,

89 1990 247 2030 excluso
262 2003 372 2030 noua
387 1991 445 2030 ita
459 1995 511 2031 vt
524 1992 801 2031 centesimum
816 1991 1015 2042 quintum
1036 1991 1253 2030 Psalmum
1269 1990 1276 2005 ’
1294 1995 1375 2030 etc.
1414 1991 1503 2030 Nos
1518 2003 1570 2029 ex
1586 2003 1682 2029 con-

90 2046 250 2084 iectura
273 2046 550 2092 restituimus,
573 2045 730 2085 excluso
753 2045 929 2092 Nouato,
956 2046 1044 2084 siue
1063 2045 1107 2084 N
1108 2045 1315 2084 ouatiano.
1373 2045 1485 2084 Nam
1506 2049 1684 2095 vterque

90 2098 173 2138 fuit
194 2099 381 2138 eiusdem
402 2100 597 2147 haeresis,
620 2113 697 2140 nec
719 2100 979 2139 admittebat
1000 2101 1302 2151 poenitentem.
1706 2105 1766 2137 323

145 2153 316 2193 Nouum
338 2154 466 2206 igitur
488 2168 594 2206 opus
615 2167 727 2194 nouo
750 2153 959 2201 Pontifici,
984 2159 1179 2193 sanctum
1202 2167 1250 2193 ac
1272 2153 1557 2205 theologicum
1580 2166 1686 2204 opus

91 2208 360 2259 integerrimo
404 2209 601 2261 theologo
647 2208 843 2248 Pontifici
889 2209 1145 2248 dedicamus.
1205 2209 1269 2254 Id,
1317 2209 1381 2247 vti
1427 2220 1562 2259 spero,
1610 2212 1686 2246 tua

91 2263 297 2302 sanctitas
310 2263 389 2302 hoc
402 2262 602 2302 libentius
616 2264 808 2315 accipiet,
824 2263 938 2314 quod
952 2263 1031 2302 hoc
1046 2263 1296 2302 munusculo
1310 2262 1414 2301 nihil
1427 2274 1688 2301 venamur-—

92 2329 237 2356 sumus
261 2318 373 2356 enim
406 2322 551 2357 nostra
576 2319 772 2369 quamuis
797 2319 915 2357 tenui
939 2317 1158 2357 fortunula
1183 2317 1508 2357 contenti—nisi
1533 2320 1584 2355 vt
1607 2316 1686 2355 hoc

93 2384 198 2422 opus
221 2373 307 2410 tuis
326 2373 523 2423 auspiciis
542 2377 667 2411 exeat
686 2373 729 2411 in
749 2385 899 2411 manus
919 2372 1139 2411 hominum
1156 2385 1164 2418 ;
1204 2372 1283 2411 hoc
1303 2373 1502 2410 nimirum
1523 2371 1684 2409 vberio-
1707 2377 1771 2409 33Ο

92 2438 181 2464 10111
198 2426 371 2477 pietatis
387 2426 574 2465 fructum
592 2426 834 2473 allaturum,
855 2427 889 2465 si
908 2431 985 2466 tuo
1004 2426 1164 2465 calculo
1193 2426 1322 2465 fuerit
1347 2425 1686 2476 comprobatum,

93 2493 220 2531 quem
249 2480 305 2519 ad
333 2480 450 2519 istud
479 2481 700 2532 dignitatis
728 2481 945 2532 fastigium
975 2494 1061 2520 non
1090 2481 1281 2527 ambitio,
1313 2493 1398 2519 non
1428 2479 1537 2518 vllus
1566 2478 1689 2517 fauor

93 2534 317 2581 humanus,
333 2534 418 2582 sed,
434 2539 484 2574 vt
498 2535 747 2574 confidimus
761 2548 918 2582 omnes,
934 2536 1107 2587 propitii
1120 2536 1304 2574 numinis
1319 2534 1517 2573 voluntas
1531 2533 1687 2580 euexit,

95 2592 144 2627 vt
167 2593 277 2628 esset
300 2602 385 2629 non
409 2591 548 2628 minus
572 2591 759 2640 optimus
782 2591 1027 2641 integritate
1051 2603 1181 2640 quam
1206 2590 1416 2628 maximus
1441 2588 1687 2633 autoritate,

94 2643 167 2694 qui
189 2642 266 2682 hos
286 2644 439 2694 impios
461 2644 573 2683 orbis
593 2645 821 2684 Christiani
842 2644 1067 2690 tumultus,
1090 2645 1175 2682 iam
1198 2644 1278 2682 heu
1301 2643 1479 2681 nimium
1501 2642 1689 2680 diutinos
1710 2647 1772 2681 335

94 2710 143 2736 ac
167 2710 330 2748 semper
352 2699 396 2736 in
418 2699 537 2749 peius
560 2698 792 2749 gliscentes
815 2698 1043 2749 aliquando
1063 2701 1304 2748 componat.
1363 2696 1564 2736 Videmus
1584 2695 1691 2735 duos

292 2838 318 2839 j
537 2799 607 2829 331.
635 2802 676 2830 ’γε
701 2790 873 2822 allaturus
890 2815 897 2823 .
918 2815 925 2823 .
945 2815 952 2823 .
971 2790 1219 2831 comprobatus
1236 2802 1266 2820 n.

144 2882 216 2913 314.
244 2873 381 2905 Delium
406 2897 413 2904 .
439 2897 447 2905 .
474 2897 481 2904 .
507 2871 721 2911 natatorem]
745 2872 764 2903 i.
778 2883 806 2903 e.
837 2882 858 2903 a
928 2871 1038 2903 about
1076 2882 1097 2902 a
1136 2871 1227 2903 book
1267 2871 1301 2903 of
1341 2871 1538 2903 Heraclitus
1574 2872 1689 2913 (Diog.

96 2920 216 2958 strong
241 2917 424 2954 swimmer,
452 2916 529 2947 who
556 2915 670 2947 would
696 2919 760 2947 not
785 2926 860 2947 suc-
928 2915 1043 2946 Laert.
1079 2925 1108 2946 2.
1149 2924 1175 2955 5.
1214 2916 1258 2956 7).
1317 2914 1366 2947 Cf.
1404 2915 1517 2946 MHE.
1553 2915 1601 2946 iii.
1639 2924 1691 2956 53,

97 2960 201 2993 cumb
226 2963 264 2992 to
287 2960 346 2992 the
371 2959 492 2992 book's
516 2959 703 3001 obscur-ity.
753 2959 859 2999 Adaq.
930 2958 1051 2990 ‘Adeo
1082 2958 1247 2990 obscurus
1277 2962 1331 2990 est
1361 2962 1403 2990 vt
1432 2959 1492 3000 qui
1525 2959 1690 2991 obscuris-

100 3012 162 3043 529
205 3003 275 3036 and
319 3003 558 3043 Apophtheqm.
602 3002 640 3034 iii
683 3003 767 3042 (LB.
812 3003 858 3034 iv.
929 3002 1050 3038 simus,
1074 3005 1111 3034 et
1135 3002 1195 3044 qui
1220 3001 1358 3034 Delium
1383 3002 1570 3034 suffocaret
1593 3006 1692 3035 nata-

103 3056 113 3077 1
125 3048 228 3087 58An)
244 3047 331 3079 refer
347 3051 384 3079 to
398 3057 443 3079 an
459 3050 638 3079 utfterancc
655 3046 690 3078 of
706 3046 864 3078 Socrates
931 3049 1041 3077 torem
1056 3045 1074 3077 '.
