2012 3370
235 145 313 183 330
710 140 962 180 LETTERS
994 140 1065 179 OF
1096 140 1358 180 ER-ASMUS
1708 139 1831 190 [1523

235 252 499 292 litteraturae
535 257 578 291 et
612 265 735 291 cause
772 251 1023 301 Euangelice
1058 254 1102 289 et
1136 251 1316 289 nominis
1351 250 1602 295 Germanici,
1637 249 1826 300 quando-

235 306 407 358 quidem
458 306 608 358 vulgus
658 305 782 344 hodie
832 304 1064 343 Germanos
1112 309 1239 344 vocat
1288 305 1529 356 quicunque
1584 303 1829 342 Germanice

176 370 214 409 85
236 360 482 411 loquuntur.

292 413 642 466 Oecolampadius
667 413 755 453 heri
779 413 1031 464 disputauit‚
1057 418 1101 452 et
1124 413 1296 465 quidem
1321 413 1509 459 feliciter,
1536 412 1831 463 disputaturus

237 468 375 508 denuo
407 469 600 520 proximo
632 468 868 507 Dominico.
929 467 1139 507 Lutherus
1171 468 1338 519 scripsit
1369 467 1423 506 ad
1457 465 1829 518 Oecolampadium

238 523 339 562 mihi
361 536 447 562 non
469 522 652 562 multum
675 535 763 561 esse
785 521 1059 561 tribuendum
1081 522 1125 561 in
1147 522 1210 561 his
1233 535 1315 573 que
1337 525 1438 560 sunt
1459 521 1645 572 spiritus.
1696 519 1830 559 Velim

237 578 315 616 hoc
338 591 389 616 ex
415 578 509 627 (te)
533 577 703 624 discere,
727 576 969 616 doctissime
991 576 1175 628 Zwingli‚
1200 577 1294 627 quis
1317 577 1373 614 sit
1394 575 1462 614 ille
1484 575 1670 626 spiritus.
1721 574 1832 613 Nam

177 650 221 679 90
238 631 383 670 videor
405 632 507 670 mihi
529 631 614 671 fere
637 631 780 670 omnia
801 631 991 671 docuisse
1012 644 1094 683 que
1117 631 1241 670 docet
1263 630 1486 676 Lutherus,
1511 629 1590 668 nisi
1611 628 1728 680 quod
1749 641 1834 667 non

238 690 327 725 tam
342 686 553 733 atrociter,
568 686 767 737 quodque
782 686 969 725 abstinui
982 699 1007 724 a
1019 685 1274 737 quibusdam
1290 685 1513 736 enigmatis
1526 687 1570 723 et
1582 683 1808 735 paradoxis
1825 695 1833 721 :

239 740 349 779 vnde
387 741 556 792 cupiam
594 740 823 792 plurimum
860 740 1042 791 denique
1079 740 1265 779 fructum
1305 739 1456 785 enasci,
1496 738 1570 777 sed
1607 750 1682 789 ego
1721 737 1833 776 malo

238 794 424 834 fructum
455 795 589 846 magis
618 799 870 846 presentem.
930 794 1062 833 Valde
1093 798 1244 845 grauat
1272 794 1377 832 istos
1406 793 1580 839 inuidia,
1612 791 1728 843 quod
1758 804 1834 830 vos

237 849 422 898 prebetis
442 849 583 901 palam
605 850 770 901 copiam
791 849 987 888 omnibus
1008 848 1336 888 contradicendi.
1386 848 1538 887 Precor
1558 851 1607 885 vt
1627 846 1835 885 Dominus

177 920 217 952 95
238 903 356 943 Iesus
377 904 533 955 dirigat
553 917 602 943 ac
623 904 729 943 bene
748 903 942 942 fortunet
961 903 1156 954 spiritum
1178 906 1381 941 vestrum.

293 958 416 1006 Quod
435 958 622 997 Hilarius
642 971 758 997 meus
777 957 899 1003 dixit,
920 970 994 1008 per
1012 962 1054 996 te
1074 957 1261 1008 potuisse
1279 957 1412 1008 premi
1430 956 1617 995 libellum
1638 955 1834 1000 Hutteni‚

238 1012 272 1051 si
293 1013 508 1059 voluisses,
532 1025 583 1051 ex
604 1026 680 1051 suo
702 1012 843 1051 animo
865 1011 988 1058 dixit,
1010 1024 1095 1050 non
1116 1024 1167 1050 ex
1189 1012 1292 1050 meis
1314 1010 1540 1050 mandatis.
1591 1010 1706 1049 Bene
1727 1009 1835 1048 vale.

294 1067 469 1106 Basilee.
493 1066 599 1117 prid.
622 1066 707 1105 Cal.
731 1066 967 1117 Septembr.

931 1120 1133 1159 Erasmus
1150 1123 1249 1159 tuus
1267 1119 1492 1171 plusquam
1510 1133 1561 1158 ex
1579 1122 1782 1170 tempore.

162 1210 224 1233 100
510 1191 733 1230 Eruditiss.
758 1191 811 1230 D.
835 1191 984 1230 Ioanni
1008 1191 1220 1242 Zwinglio.
1278 1190 1488 1242 Thurcgii.

724 1334 846 1373 1385.
909 1331 978 1373 To
1012 1330 1192 1372 HENRY
1225 1329 1357 1372 VIII.

289 1418 390 1461 Opus
407 1414 657 1461 Epistolarum
673 1427 707 1460 p.
723 1417 805 1459 760.
1555 1412 1673 1447 Baslc.

289 1474 333 1509 N.
351 1485 385 1519 p.
401 1483 496 1519 725:
524 1473 639 1509 Lond.
659 1485 719 1509 xx.
736 1483 805 1518 35:
834 1473 907 1508 LB.
923 1474 1005 1517 657.
1419 1484 1440 1516 4
1457 1472 1673 1516 September
1692 1480 1790 1516 1523.

242 1554 512 1640 (El-Writgteffito
533 1565 751 1596 accompany
772 1553 832 1585 the
854 1553 1092 1594 present-anon
1115 1561 1204 1594 copy
1226 1551 1261 1583 of
1284 1550 1343 1582 the
1366 1551 1581 1592 Paraphrase
1603 1561 1647 1583 on
1671 1551 1721 1583 St.
1747 1551 1841 1583 Lukc

290 1610 323 1641 p.
344 1608 379 1639 13
411 1608 421 1630 1
444 1623 451 1629 .

477 1686 692 1716 ERASMVS
725 1686 829 1716 ROT.
864 1684 1078 1715 HENRICO
1112 1685 1323 1715 ANGLIAE
1356 1684 1471 1714 REGI
1503 1684 1538 1714 S.
1561 1684 1606 1714 D.

299 1757 599 1796 SERENrsSIME
620 1755 726 1802 Reiz,
747 1754 798 1794 de
818 1759 917 1794 tuae
937 1754 1172 1793 maiestatis
1190 1754 1234 1792 in
1252 1766 1319 1793 me
1337 1753 1479 1793 studio
1498 1753 1682 1793 Thomas
1701 1753 1843 1792 Morus

248 1811 349 1850 mihi
378 1810 546 1862 scripsit
573 1823 661 1849 rem
690 1809 812 1861 longe
840 1809 1012 1861 quidem
1042 1808 1338 1860 gratissimam,
1368 1807 1442 1847 sed
1471 1808 1643 1847 minime
1671 1821 1841 1847 nouam.

247 1865 340 1913 Quo
365 1865 498 1917 magis
520 1864 709 1916 intelligo
734 1864 836 1903 mihi
860 1864 963 1903 totis
988 1863 1148 1902 viribus
1172 1862 1452 1902 adnitendum
1477 1866 1526 1902 vt
1549 1866 1593 1902 et
1616 1863 1777 1902 meritis
1801 1866 1843 1901 et

247 1920 358 1959 votis
379 1923 479 1958 tuae
500 1919 734 1958 maiestatis
755 1918 983 1970 aliquando
1004 1917 1276 1956 satisfaciam.
1326 1917 1436 1957 Sunt
1455 1917 1522 1956 hic
1543 1917 1685 1969 magni
1704 1930 1843 1956 rerum

211 1993 224 2026 3
249 1978 388 2014 motus
414 1973 481 2013 Vel
507 1973 808 2024 parturitiones
833 1973 989 2024 potiuS,
1017 1972 1120 2024 quid
1145 1972 1360 2023 pariturae
1385 1971 1538 2019 nescio,
1564 1985 1641 2011 nec
1666 1971 1844 2023 simplex

248 2028 468 2068 dissidium
498 2031 574 2066 est.
634 2027 814 2078 Oblique
843 2027 1076 2066 moliuntur
1104 2027 1178 2077 qui
1206 2026 1356 2065 fauent
1384 2025 1563 2073 Caesari,
1594 2029 1743 2065 contra
1771 2026 1844 2077 qui

250 2082 383 2122 Gallo.
452 2081 564 2130 Quin
601 2085 644 2120 et
682 2081 930 2120 Lutheriani
967 2081 1168 2120 videntur
1206 2093 1339 2120 nouos
1377 2080 1604 2132 sumpsisse
1642 2080 1842 2131 spiritus3

249 2140 410 2182 contra,
433 2136 641 2187 principes
663 2136 872 2174 saeuiunt.
923 2135 1113 2175 Christus
1134 2135 1207 2174 det
1228 2134 1391 2174 felicem
1413 2135 1588 2174 exitum.

304 2190 432 2230 Venit
458 2189 513 2229 ad
541 2194 584 2229 te
612 2189 747 2228 Lucas
776 2189 975 2236 medicus,
1006 2193 1201 2228 aeternae
1229 2189 1378 2229 salutis
1407 2189 1573 2228 artifeX.
1630 2188 1742 2228 Eum
1770 2192 1844 2227 tua

196 2264 234 2287 ιο
250 2246 450 2284 maiestas
488 2244 664 2283 comiter
701 2244 892 2295 accipiet,
932 2257 1083 2295 meque
1121 2244 1363 2283 numerabit
1399 2244 1510 2283 inter
1547 2256 1617 2283 eos
1654 2243 1729 2294 qui
1765 2243 1845 2294 ipsi

251 2300 429 2350 cupiunt
452 2302 496 2338 et
520 2302 674 2350 optant
698 2299 841 2337 omnia
863 2298 978 2337 laeta
1000 2298 1233 2348 feliciaque.
1287 2298 1436 2336 Molior
1460 2297 1621 2348 ahquid
1645 2297 1847 2336 aduersus

250 2367 363 2392 noua
392 2352 622 2404 dogmata;
668 2352 742 2391 sed
769 2365 856 2391 non
885 2352 1020 2391 ausim
1050 2351 1211 2398 aedere,
1242 2352 1322 2390 nisi
1351 2352 1497 2391 relicta
1526 2351 1765 2398 Germania,
1796 2364 1848 2390 ne

251 2407 401 2447 cadam
415 2407 663 2459 priusquam
677 2406 930 2446 descendam
944 2407 988 2445 in
1001 2406 1216 2445 harenam.
1259 2405 1374 2445 Bene
1389 2405 1531 2445 valeat
1545 2410 1621 2445 tua
1636 2405 1848 2444 maiestas.

307 2461 436 2501 Basil.
458 2461 565 2513 prid.
589 2474 687 2501 non.
710 2461 825 2512 Sept.
848 2461 972 2500 Anno
993 2470 1222 2499 M.D.XX111.

303 2549 395 2581 1384.
421 2560 473 2590 94.
501 2547 622 2590 phebis
644 2547 721 2579 MS.
860 2550 912 2588 98.
938 2546 1131 2588 Septembr.
1153 2556 1234 2578 corr.
1257 2546 1432 2580 Erasmus.
1451 2556 1513 2586 pro
1536 2546 1625 2584 Oct„
1646 2546 1731 2587 quod
1750 2545 1850 2585 prius

254 2592 440 2633 scripserat.
582 2591 676 2623 1385.
704 2604 731 2634 7.
759 2592 793 2622 H
810 2592 913 2624 Lond.
932 2603 939 2622 ε
971 2591 1162 2622 Luthcrani
1178 2591 1226 2622 N2
1242 2590 1311 2622 LB.
1451 2601 1500 2632 14.
1526 2589 1628 2621 Anno
1643 2590 1718 2622 add.
1737 2589 1781 2621 N.

305 2734 397 2765 1384.
421 2735 473 2774 84.
494 2731 699 2770 Germanos]
710 2730 760 2763 Cf.
773 2731 838 2772 Ep.
854 2739 927 2771 321.
947 2739 1020 2770 1311.
1136 2731 1231 2762 1385.
1262 2741 1287 2762 1.
1313 2727 1445 2768 Morus]
1462 2729 1527 2760 His
1541 2728 1645 2760 letter
1660 2728 1688 2759 is
1706 2728 1784 2761 lost.

258 2777 324 2808 For
336 2776 394 2807 the
404 2774 492 2806 wide
504 2775 687 2806 extension
698 2775 802 2815 given
816 2778 853 2806 to
864 2773 923 2805 the
935 2777 1024 2805 term
1137 2785 1149 2805 1
1159 2784 1184 2806 1.
1211 2772 1377 2804 aduersus
1392 2783 1485 2804 noua
1501 2771 1682 2813 dogmata]
1699 2771 1851 2812 Perhaps

257 2830 313 2852 see
323 2819 381 2851 bk.
399 2828 411 2850 1
428 2818 463 2850 of
475 2818 640 2850 Irenicus’
657 2817 855 2850 Germaniae
868 2817 1025 2857 Esceyesis
1088 2816 1148 2847 the
1189 2817 1238 2847 De
1279 2816 1396 2848 Libero
1437 2816 1586 2848 Arbitrio
1601 2828 1608 2847 z
1664 2814 1699 2846 of
1738 2813 1852 2846 which

259 2862 339 2904 (Ep.
358 2863 432 2902 877.
455 2864 535 2902 1n);
564 2861 635 2893 and
650 2861 693 2893 cf.
712 2871 772 2903 my
789 2862 858 2902 Aye
873 2860 911 2903 of
922 2861 1023 2892 Eras-
1090 2860 1254 2891 Erasmus
1279 2859 1368 2891 later
1392 2863 1471 2891 sent
1495 2859 1555 2890 the
1579 2859 1655 2890 first
1679 2857 1776 2889 draft
1798 2857 1853 2889 for

261 2916 347 2944 mus,
364 2916 397 2947 p.
416 2907 491 2946 265.
1090 2904 1210 2945 Henry
1233 2906 1271 2935 to
1291 2913 1346 2935 see
1367 2903 1448 2944 (Ep.
1474 2911 1568 2943 1430.
1597 2903 1659 2941 12).
1705 2901 1755 2934 Cf.
1779 2901 1853 2932 also

306 2952 357 2992 87.
384 2949 543 2989 proximo
559 2947 759 2988 Dominico]
773 2950 794 2981 6
811 2948 906 2990 Sept.
1090 2947 1178 2989 Epp.
1202 2948 1294 2987 1358.
1322 2956 1352 2987 3,
1374 2947 1466 2987 1386.
1488 2956 1589 2986 21—3,
1611 2953 1703 2985 1397.
1728 2953 1850 2986 14-15,

352 2991 539 3030 Lutherus]
557 2991 607 3023 Cf.
626 2992 662 3023 ll.
687 3001 785 3033 52-7.
1136 3002 1185 3023 12.
1211 2991 1331 3022 relicta
1357 2989 1557 3027 Germania]
1584 2989 1644 3020 See
1666 2989 1731 3030 Ep.
1758 2997 1853 3029 1353.

311 3060 319 3064 .
353 3061 357 3065 .
387 3034 554 3073 Hilarius]
571 3035 632 3067 See
648 3035 712 3076 Ep.
733 3044 825 3075 1257.
850 3045 923 3077 13n.
1092 3042 1193 3074 25411.
