2012 3370
264 123 341 162 386
737 122 991 162 LETTERs
1022 122 1094 162 OF
1122 122 1386 162 ERASMUS
1737 124 1860 173 [1524

263 238 446 285 patrono
491 234 741 273 commenda
762 247 768 274 :
831 246 957 284 quem
1002 232 1167 271 confido
1205 232 1439 272 affuturum
1484 235 1630 270 nostro
1674 233 1858 283 negocio.

262 289 464 329 Scribunt
484 288 587 327 mihi
609 287 859 326 Pontificem
882 300 970 327 esse
991 287 1128 326 amico
1149 287 1193 326 in
1214 300 1281 326 me
1303 286 1457 327 animo.
1510 286 1624 325 Bene
1646 286 1751 326 vale.

317 342 507 381 Basileae
534 354 595 393 14.
623 342 709 381 Cal.
735 342 858 381 Febr.
885 341 1009 380 Anno
1032 352 1079 380 M.
1096 352 1138 380 D.
1155 352 1291 381 XXIIII

643 475 764 514 1412.
829 473 897 514 To
931 472 1194 515 SILVEs'rER
1223 473 1477 515 MAzoL1N1.

305 562 407 608 Opus
425 563 678 608 Epistolarum
697 575 732 609 p.
750 565 833 609 769.
1528 563 1647 597 Basle.

303 621 349 657 N.
369 633 404 666 p.
425 630 495 666 734
512 636 519 655 :
552 622 670 657 Lond.
690 634 751 657 xx.
772 631 813 667 52
833 637 839 656 :
874 623 948 657 LB.
965 624 1048 666 664.
1385 626 1437 663 <0.
1458 632 1499 666 19
1518 621 1710 667 January)
1730 619 1832 665 1522.

302 699 388 740 [The
409 699 528 732 verbal
549 701 799 733 resemblances
820 701 904 733 with
926 701 1026 734 other
1045 701 1165 734 letters
1186 701 1223 734 of
1243 701 1312 734 this
1333 701 1452 743 period
1472 700 1543 732 and
1563 699 1624 732 the
1644 699 1801 732 mention
1822 699 1858 732 of

257 743 430 775 dictation
450 744 575 787 during
591 744 709 776 illness
728 745 830 777 make
848 747 877 776 it.
895 745 1062 786 probable
1080 745 1161 777 that
1178 745 1250 777 this
1268 755 1338 777 wan
1357 755 1421 776 one
1440 744 1477 776 of
1494 744 1554 776 the
1574 743 1707 785 budget
1723 746 1802 774 sent
1820 746 1858 775 to

256 787 367 819 Rome
383 788 419 819 in
434 788 604 829 January.
646 788 713 821 For
729 792 847 821 recent
862 788 1012 830 friendly
1027 790 1238 821 intercourse
1256 789 1411 821 between
1428 787 1589 821 Mazolini
1605 787 1674 820 and
1692 787 1858 819 Erasmus

254 841 309 862 see
326 831 390 872 Ep.
414 840 507 872 1342.
526 832 686 873 317—18.]

466 930 668 959 ERASMVS
698 930 1028 959 ROTERODAMVS
1059 930 1312 959 SYLVESTRO
1341 930 1552 959 PRIERATI
1583 930 1617 958 S.
1649 930 1692 957 D.

309 995 437 1043 QVOD
465 999 542 1035 tua
568 996 705 1047 pietas
731 996 877 1035 scribit
903 996 955 1034 de
981 996 1160 1047 epistola
1190 995 1350 1034 malum
1379 995 1519 1035 olente
1544 995 1725 1041 fumum,
1753 994 1857 1045 quid

253 1049 333 1088 sibi
349 1049 454 1088 velit
467 1063 553 1089 non
574 1051 678 1089 satis
696 1050 898 1101 intelligo.
948 1050 1042 1089 Tibi
1058 1054 1170 1089 certe
1187 1050 1332 1089 multis
1348 1050 1484 1089 modis
1503 1050 1685 1101 gratiam
1705 1049 1856 1096 habeo,

250 1106 296 1142 et
322 1104 437 1154 quod
464 1108 610 1155 aperte
637 1104 783 1143 scribis
810 1108 854 1143 et
881 1104 996 1156 quod
1023 1108 1218 1143 amanter
1244 1117 1353 1156 quae
1381 1117 1475 1143 mea
1500 1104 1712 1143 referebat
1737 1103 1854 1150 scire,

249 1161 295 1195 et
311 1157 427 1208 quod
443 1158 558 1196 viam
574 1158 736 1197 indicas
753 1172 839 1209 qua
855 1159 1013 1210 possim
1031 1158 1212 1210 effugere
1229 1159 1345 1210 quod
1362 1159 1591 1198 denuncias
1607 1158 1854 1209 periculum,

213 1223 228 1256 5
251 1211 451 1251 videlicet
474 1213 511 1251 si
539 1213 746 1264 explicem
774 1213 985 1264 quaedam
1014 1213 1136 1252 loca:
1167 1213 1262 1265 plus
1291 1214 1422 1252 etiam
1448 1213 1528 1252 tibi
1558 1213 1792 1260 debiturus,
1822 1213 1856 1250 si

250 1265 450 1317 dignatus
469 1266 619 1306 fuisses
638 1268 859 1306 ostendere
878 1281 988 1319 quae
1007 1268 1094 1307 sint
1111 1267 1182 1307 illa
1201 1267 1306 1306 loca.
1356 1267 1428 1307 Nil
1445 1271 1556 1307 esset
1573 1267 1676 1306 noui
1695 1266 1855 1318 aliquid

248 1320 399 1359 erroris
416 1321 597 1360 inueniri
613 1322 658 1360 in
674 1322 791 1360 libris
810 1322 925 1369 meis,
946 1335 1079 1373 quum
1097 1335 1173 1361 nec
1192 1322 1480 1373 Hieronymus
1497 1335 1573 1361 nec
1591 1322 1855 1373 Augustinus

249 1374 388 1413 vitare
419 1376 621 1425 potuerit,
655 1377 903 1427 praesertim
936 1377 980 1415 in
1012 1380 1137 1415 tanta
1169 1377 1379 1415 varietate
1411 1376 1691 1415 iudiciorum:
1741 1379 1854 1414 certe

249 1427 328 1467 hoc
348 1429 491 1469 animo
512 1442 676 1481 semper
695 1430 770 1477 fui,
793 1435 842 1469 vt
863 1431 996 1469 sciens
1016 1444 1101 1469 non
1121 1430 1272 1470 fuerim
1294 1443 1494 1481 passurus
1514 1443 1602 1470 esse
1623 1430 1853 1481 quiequam

191 1496 229 1519 10
248 1482 291 1521 in
311 1482 429 1522 libris
450 1484 554 1523 meis
575 1484 691 1535 quod
711 1489 921 1536 pugnaret
942 1498 1039 1523 eum
1061 1484 1301 1524 orthodoxa
1322 1485 1528 1523 doctrina.
1580 1484 1760 1523 Louanii
1786 1488 1855 1522 tot

247 1549 380 1576 annos
398 1538 475 1589 egi,
494 1551 571 1577 nec
588 1539 749 1578 amicus
766 1552 841 1578 nec
859 1539 1054 1578 inimicus
1071 1539 1292 1590 theologus
1310 1538 1419 1577 vllus
1437 1552 1627 1590 vnquam
1644 1538 1853 1577 indicauit

246 1590 408 1642 aliquid
437 1592 536 1639 tale,
568 1605 700 1643 quum
730 1593 973 1645 frequenter
1002 1593 1095 1632 illos
1123 1594 1305 1644 rogarim
1336 1597 1386 1632 vt
1415 1593 1695 1632 admonerent
1722 1592 1852 1631 libere

246 1645 280 1683 si
300 1645 404 1696 quid
425 1650 546 1685 esset.
599 1646 722 1694 Quod
743 1647 919 1686 Stunica
939 1648 997 1686 sic
1018 1647 1160 1698 palam
1180 1648 1340 1686 insanit
1360 1647 1567 1694 Rhomae,
1590 1647 1764 1686 tametsi
1784 1660 1851 1685 me

245 1712 331 1738 non
369 1699 482 1750 fugit
520 1713 702 1751 quorum
742 1701 948 1740 instinctu
989 1701 1079 1748 fiat,
1122 1705 1267 1740 tamen
1308 1702 1406 1740 vide
1443 1701 1568 1752 quale
1608 1700 1850 1752 exemplum

186 1768 222 1800 15
242 1753 431 1793 inuehat.
492 1754 623 1805 Finge
654 1755 698 1794 in
728 1755 845 1794 libris
877 1756 980 1795 meis
1011 1769 1099 1794 esse
1131 1755 1343 1807 quaedam
1373 1755 1685 1795 intolerabilia:
1735 1754 1851 1806 quod

243 1807 419 1847 tandem
460 1809 702 1860 exemplum
743 1813 808 1848 est
847 1813 939 1848 tam
979 1808 1148 1849 furiosis
1187 1809 1338 1849 libellis
1380 1809 1542 1849 scurrili
1580 1809 1850 1860 impudentia

245 1861 499 1901 debacchari
524 1862 569 1902 in
594 1876 751 1902 nomen
782 1864 979 1911 hominis,
1014 1868 1126 1903 certe
1159 1864 1299 1903 adhuc
1332 1877 1357 1903 a
1385 1864 1502 1903 nullo
1534 1863 1847 1903 condemnati?

245 1915 325 1955 Est
353 1915 534 1956 Louanii
562 1917 804 1965 Carmelita,
832 1918 960 1957 homo
990 1919 1132 1970 palam
1158 1919 1305 1957 fatuus
1335 1922 1379 1958 et
1407 1918 1591 1958 furiosus
1620 1931 1669 1957 ac
1695 1930 1848 1969 parum

242 1969 408 2017 doctus,
436 1975 480 2010 et
504 1984 615 2011 vnus
641 1972 913 2011 Praedicator
939 1973 1037 2012 huic
1066 1973 1330 2012 simillimus:
1373 1973 1416 2012 hi
1442 1972 1519 2012 soli
1545 1972 1777 2012 moliuntur
1803 1972 1848 2011 in

181 2039 224 2062 20
243 2037 323 2071 me,
359 2028 403 2063 et
437 2025 563 2066 velim
598 2026 728 2066 nolim
761 2026 928 2066 faciunt
961 2040 1028 2066 me
1062 2027 1368 2074 Lutheranum,
1406 2040 1539 2078 quum
1574 2040 1650 2079 ego
1684 2027 1846 2078 primus

242 2079 433 2117 omnium
457 2079 710 2119 dehortatus
733 2081 812 2120 sim
836 2094 861 2120 a
886 2081 1022 2120 calido
1045 2081 1245 2121 facinore.

296 2131 448 2171 Dicam
469 2134 737 2185 arrogantius
758 2135 831 2174 sed
853 2149 964 2182 vere,
987 2136 1022 2174 si
1044 2136 1111 2175 vel
1132 2149 1218 2175 vno
1240 2135 1434 2187 epistolio
1456 2135 1670 2175 declarare
1690 2134 1843 2174 voluis-

242 2197 330 2225 sem
351 2199 418 2226 me
442 2187 511 2226 vel
535 2188 753 2228 tantulum
778 2189 922 2228 fauere
947 2189 1148 2237 Luthero,
1175 2190 1352 2229 vidisses
1377 2190 1656 2230 erectissimos
1680 2189 1846 2229 animos

241 2240 377 2280 totius
415 2240 679 2289 Germaniae,
719 2256 829 2294 quae
873 2247 986 2282 certe
1024 2244 1229 2284 latissime
1266 2248 1403 2295 patet.
1483 2243 1572 2284 Nec
1611 2243 1846 2283 defuissent

179 2310 218 2342 25
240 2295 480 2345 principum
515 2297 738 2348 praesidia.
803 2297 893 2348 Ego
927 2301 996 2336 tot
1031 2298 1232 2337 conuiciis
1267 2297 1535 2349 quorundam
1571 2301 1841 2349 prouocatus,

240 2352 309 2387 tot
349 2349 528 2389 aliorum
571 2351 792 2390 blandiciis
833 2351 1099 2399 sollicitatus,
1142 2365 1364 2404 nunquam
1405 2353 1612 2392 dimoueri
1653 2352 1776 2403 potui
1817 2365 1843 2390 a

240 2404 512 2443 veneratione
534 2404 754 2444 Romanae
776 2406 1000 2445 Ecclesiae.
1050 2406 1261 2445 Aleander
1281 2406 1386 2445 nihil
1406 2419 1492 2445 non
1513 2406 1617 2445 facit
1638 2405 1841 2445 aduersus

589 2484 682 2515 1412.
714 2484 763 2513 18:
789 2482 907 2525 palam
925 2483 970 2521 H,
989 2482 1029 2524 cf.
1050 2484 1113 2525 Ep.
1137 2492 1230 2524 1359.
1251 2492 1290 2522 3:
1316 2484 1417 2525 plane
1435 2484 1480 2516 N.

286 2576 380 2607 1411.
407 2584 457 2615 31.
484 2576 649 2616 patrono]
666 2576 703 2608 L.
723 2576 838 2613 Pacci,
857 2576 916 2608 the
930 2587 1003 2608 car·
1071 2580 1222 2609 autumn
1239 2576 1275 2608 of
1296 2585 1378 2617 1523
1395 2576 1559 2608 Mazolinj
1575 2576 1645 2608 had
1662 2587 1707 2608 no
1724 2576 1839 2609 doubt

239 2617 419 2659 dinal(Ep.
434 2619 502 2650 860
517 2619 664 2657 introd.;
688 2619 731 2651 of.
744 2619 808 2661 Ep.
822 2621 897 2652 611.
915 2622 1002 2661 5‚6);
1070 2630 1151 2652 seen
1165 2621 1195 2652 it
1208 2621 1245 2652 in
1260 2620 1367 2661 print.
1416 2620 1464 2653 Or
1479 2620 1628 2652 another
1638 2620 1837 2662 possibility

238 2662 274 2693 in
283 2661 534 2694 whoseservice
545 2662 753 2695 Bombasius
760 2664 937 2696 remained
948 2664 1003 2696 till
1069 2666 1098 2696 is
1114 2665 1175 2696 the
1191 2664 1241 2696 De
1257 2674 1317 2696 esu
1333 2664 1491 2696 carnium
1508 2663 1587 2705 (Ep.
1610 2673 1703 2705 1274.
1727 2667 1816 2705 14n).

240 2713 254 2743 5
274 2704 371 2746 Sept.
388 2714 482 2746 1524,
497 2705 597 2738 when
609 2706 652 2738 he
669 2706 810 2739 became
826 2711 1003 2750 secretary
1118 2709 1167 2740 18.
1193 2706 1396 2748 Carmelita]
1408 2707 1677 2750 Egmondanus:
1699 2717 1755 2740 see
1767 2707 1832 2749 Ep.

238 2751 275 2779 to
289 2747 447 2781 Clement
458 2757 522 2781 vn.
1067 2753 1144 2793 878.
1166 2761 1241 2792 1311.

284 2800 334 2831 32.
360 2792 541 2833 Scribunt]
567 2792 618 2825 Of.
651 2793 740 2836 Epp.
772 2804 864 2834 1414.
899 2796 999 2835 61—3‚
1118 2804 1166 2835 19.
1192 2794 1432 2835 Praedicator]
1441 2794 1593 2828 Vincent
1603 2793 1807 2827 Theodorici
1822 2805 1830 2826 :

241 2842 333 2874 1415.
360 2844 460 2874 90-1,
481 2837 712 2876 1418.'‘11—12.
1067 2848 1124 2871 see
1137 2838 1203 2880 Ep.
1223 2839 1308 2877 1196
1320 2838 1450 2871 introd.

284 2877 378 2910 1412.
408 2888 434 2911 1.
460 2879 624 2921 epistola]
638 2879 792 2922 Perhaps
806 2881 871 2923 Ep.
892 2891 974 2922 1342
992 2894 1001 2920 ;
1113 2891 1165 2914 20.
1189 2881 1327 2915 faciunt
1345 2892 1399 2914 me
1418 2881 1674 2921 Lutheranum]
1691 2880 1742 2913 Cf.
1763 2880 1829 2922 Ep.

239 2919 349 2952 which
382 2925 422 2953 to
454 2933 475 2954 a
508 2923 696 2957 Romanist
728 2924 859 2966 hoping
892 2925 947 2958 for
979 2936 1000 2957 a
1071 2934 1164 2966 1410.
1183 2935 1211 2966 5.

237 2963 449 2996 declaration
464 2965 511 3006 by
525 2966 691 2999 Erasmus
704 2969 843 3010 against
856 2968 998 3006 Luther,
1112 2978 1163 3001 21.
1189 2969 1412 3008 dehortatus]
1427 2968 1490 3001 See
1506 2967 1571 3009 Ep.
1589 2969 1666 3006 980.
1686 2969 1726 3008 38
1741 2977 1813 3008 seq.

237 3011 331 3039 must
346 3007 435 3039 have
453 3008 538 3041 been
555 3010 826 3053 disappointing.
868 3012 923 3052 By
939 3011 1000 3044 the
1112 3021 1163 3051 24.
1189 3013 1356 3045 latissime
1372 3011 1488 3053 patet]
1504 3010 1554 3043 Cf.
1573 3010 1637 3052 Ep.
1660 3020 1753 3051 1422.
1773 3014 1825 3044 68.
