2012 3370
180 104 302 153 1480]
551 101 709 141 FROM
739 101 1068 141 WILLIBALD
1100 102 1508 142 PIRCKHEIMER
1696 106 1774 143 523

174 212 287 251 enim
316 216 381 252 est
408 212 482 264 qui
509 225 595 251 non
624 210 770 250 Videat
798 224 907 262 quae
935 212 1187 250 immineant
1217 211 1414 262 pericula,
1446 212 1519 262 qui
1548 212 1772 256 tumultus,

175 279 284 318 quae
314 266 560 313 discordiae,
591 265 694 304 dum
726 266 1030 305 Romanienses
1059 267 1339 317 pertinaciam
1368 270 1412 305 et
1442 265 1670 305 manifesta
1700 278 1777 304 sua
1796 282 1836 314 50

174 325 315 360 errata
351 321 461 360 tueri
497 324 718 366 conantur,
758 320 980 371 Euangelii
1017 333 1117 359 vero
1154 324 1397 365 sectatores,
1437 324 1487 359 vt
1522 333 1565 359 se
1603 323 1773 365 vocant,

177 376 402 414 veritatem
432 374 570 413 verbis
600 374 743 425 potius
772 387 903 426 quam
932 373 1057 412 factis
1088 387 1140 413 ex
1169 387 1294 425 opere
1325 374 1555 425 adimplere
1584 373 1775 413 student.

175 429 258 469 Sed
281 429 358 468 fiat
382 428 581 468 voluntas
606 428 791 474 Domini,
819 429 937 466 cuius
960 440 1116 466 nomen
1140 429 1197 466 sit
1220 428 1505 467 benedictum.
1560 428 1650 479 Ego
1675 440 1776 466 vero

176 483 348 522 minime
386 482 536 522 dubito
576 482 763 521 Luthero
798 482 936 520 multa
970 494 1079 533 quae
1115 481 1193 520 sub
1229 482 1451 533 Euangelii
1489 486 1717 534 praetextu
1752 494 1777 520 a

176 537 385 588 plerisque
416 541 615 589 aguntur,
648 535 985 587 haudquaquam
1016 535 1210 587 placere;
1255 536 1329 574 sed
1360 536 1464 588 quid
1496 540 1597 588 agat
1626 537 1661 575 si
1689 536 1778 587 spei
1799 552 1835 584 55

175 603 275 630 suae
308 594 462 629 cuncta
493 602 579 629 non
610 590 896 651 respondeant
917 593 933 628 ?
983 588 1146 629 Scimus
1179 589 1283 640 quid
1314 567 1547 641 Apostolo²3
1554 590 1778 642 contigerit

175 657 201 682 a
228 644 346 684 falsis
372 644 454 683 illis
479 643 698 690 fratribus,
728 643 832 682 dum
859 644 949 705 ipse
978 656 1103 682 verae
1131 643 1230 682 fidei
1259 644 1438 682 verbum
1467 644 1775 683 disseminaret.

174 698 408 750 Nunquam
440 697 703 737 frumentum
737 698 826 736 sine
860 698 1030 737 zizaniis
1063 698 1282 744 nascitur;
1333 702 1376 737 et
1410 698 1574 737 Sathan
1608 710 1778 749 quoque

174 753 286 792 inter
305 752 413 791 filios
433 752 512 791 Dei
532 753 667 793 stetit.

228 806 312 847 Sed
331 807 445 846 dicet
465 806 617 858 aliquis
638 806 826 845 decuisse
848 806 1084 845 Lutherum
1106 805 1339 845 modestius
1360 807 1505 857 egisse,
1528 819 1577 845 ac
1599 819 1648 844 ea
1669 819 1778 857 quae
1797 817 1839 847 60

174 862 261 900 iam
295 862 483 913 vndique
517 865 752 912 emergunt,
789 860 1036 912 praeuidere
1069 860 1278 899 debuisse.
1340 859 1423 900 Sed
1458 864 1550 899 esto
1581 860 1701 899 illum
1735 861 1777 898 in

172 915 298 954 rebus
319 915 493 967 agendis
514 916 654 954 minus
676 928 764 954 esse
785 915 1081 961 exercitatum,
1105 927 1154 954 ac
1177 927 1250 966 spe
1271 927 1350 953 sua
1371 914 1598 966 deceptum
1620 913 1749 953 fuisse
1769 926 1777 952 ;

175 982 278 1008 1111111
301 970 431 1021 igitur
454 969 745 1008 obmutescere
769 969 955 1008 debebat
984 973 1028 1008 et
1056 970 1252 1007 veritatis
1281 969 1413 1008 verba
1441 968 1779 1019 haudquaquam

173 1025 436 1063 enunciare?
501 1023 613 1071 Quid
646 1024 681 1062 si
715 1023 831 1062 Deus
864 1023 1087 1062 hominum
1122 1023 1250 1062 corda
1283 1023 1470 1070 indurat,
1507 1027 1552 1062 et
1586 1022 1779 1062 videntes

174 1077 305 1116 oculis
336 1078 516 1129 priuati?
576 1077 643 1116 An
677 1077 830 1129 aliquis
860 1082 926 1116 est
955 1082 1046 1116 tam
1080 1090 1227 1116 vecors
1257 1078 1331 1128 qui
1362 1077 1494 1123 dolos,
1524 1078 1698 1118 fraudes
1730 1089 1778 1114 ac
1800 1089 1839 1127 65

175 1131 308 1170 malas
326 1136 438 1171 artes
456 1145 601 1171 eorum
620 1133 693 1183 qui
712 1145 754 1171 se
773 1132 1013 1183 spirituales
1031 1131 1263 1183 appellant,
1282 1132 1448 1183 ignoret
1470 1137 1485 1169 ζ’
1533 1131 1592 1170 Vt
1608 1132 1779 1170 interim

174 1186 282 1225 vitia
311 1185 642 1232 dissimulentur,
675 1190 721 1225 at
750 1199 876 1225 nemo
905 1199 982 1224 nec
1012 1186 1171 1224 hiscere
1201 1199 1329 1224 ausus
1358 1185 1455 1232 fuit,
1487 1185 1609 1236 longe
1640 1186 1779 1224 minus

173 1239 330 1279 scelera
368 1253 514 1279 e01um
553 1241 788 1292 corripere;
842 1241 929 1279 imo
969 1253 1102 1292 quum
1141 1253 1217 1279 nec
1256 1241 1337 1292 ipsi
1375 1241 1568 1279 nesciant
1606 1240 1780 1319 quantis

174 1294 358 1334 inuoluti
370 1295 457 1334 sint
470 1295 693 1342 emoribus,
708 1283 882 1346 quando
896 1307 1087 1346 vnquam
1099 1294 1192 1333 illos
1205 1294 1430 1333 emendare
1444 1299 1545 1333 sunt
1558 1295 1778 1346 aggressi?

176 1348 288 1396 Quid
313 1350 467 1388 mirum
491 1349 620 1400 igitui
645 1350 680 1388 si
705 1349 896 1388 homines
922 1349 1120 1396 clament,
1148 1362 1281 1400 quum
1306 1362 1383 1387 nec
1408 1348 1570 1411 lapide-s
1595 1348 1780 1394 silerent,
1801 1365 1844 1396 70

174 1404 209 1442 si
236 1402 297 1442 illi
325 1406 555 1442 tacerent?
612 1404 810 1454 quamuis
839 1416 926 1442 non
953 1404 1143 1455 ignorem
1175 1403 1376 1455 pleraque
1409 1404 1558 1442 maiori
1590 1402 1780 1441 modera-

173 1458 291 1496 tione
316 1459 461 1509 peragi
487 1458 688 1509 potuisse.
746 1457 858 1505 Quin
883 1471 960 1496 nec
988 1457 1199 1496 Lutherus
1225 1459 1311 1496 iam
1337 1457 1442 1496 illud
1467 1458 1665 1509 ignorat;
1709 1456 1783 1495 sed

175 1524 261 1563 quo
297 1516 426 1563 pacto
463 1512 655 1551 modeste
692 1525 789 1551 cum
825 1512 1212 1551 immodestissimis
1248 1517 1292 1551 et
1328 1512 1678 1564 pertinacissimis
1714 1511 1783 1563 agi

176 1566 399 1617 potuisset,
449 1579 583 1618 quum
630 1579 707 1605 nec
756 1566 896 1606 Deum
943 1567 1127 1606 timeant
1174 1579 1250 1605 nec
1300 1566 1521 1605 hominum
1569 1566 1783 1605 ducantur

175 1621 450 1660 reuerentia?
518 1620 695 1659 Habent
731 1622 861 1672 igitur
898 1621 1014 1672 quod
1052 1625 1143 1660 tam
1181 1621 1254 1659 diu
1291 1621 1551 1674 quaesiuere,
1591 1621 1783 1659 homines
1802 1638 1820 1668 7
1828 1636 1841 1668 5

175 1675 356 1726 inquieti
380 1679 424 1714 et
448 1679 707 1726 arrogantes.
760 1675 858 1714 Non
882 1680 1062 1727 possunt
1086 1675 1277 1726 profecto
1302 1680 1370 1714 tot
1394 1676 1670 1714 enormitates
1696 1675 1783 1713 sine

177 1729 505 1769 enormitatibus
526 1729 697 1768 aboleri.
747 1730 829 1769 Sed
849 1729 902 1768 de
921 1730 987 1769 his
1006 1729 1238 1781 hucusque.

233 1784 458 1824 Caeterum
493 1783 546 1823 de
581 1783 800 1823 Pontificis
832 1783 944 1824 dono
976 1788 1021 1823 et
1051 1784 1285 1836 diplomate
1318 1788 1409 1823 tam
1441 1768 1672 1823 1101101111οο
1704 1782 1783 1822 tibi

177 1838 394 1889 gimatulor
387 1869 396 1885 ,
436 1851 508 1878 ver
512 1851 583 1877 um
607 1838 723 1877 haud
745 1838 897 1878 dubito
920 1839 1024 1890 quin
1045 1839 1257 1890 intelligas
1279 1839 1384 1890 quid
1406 1838 1485 1877 sibi
1508 1838 1612 1877 haec
1636 1838 1782 1877 velint.

179 1892 262 1932 Sed
293 1897 338 1932 et
370 1893 450 1932 hoc
482 1894 581 1940 scio,
617 1905 745 1944 opera
777 1897 854 1931 tua
885 1893 1005 1932 illum
1040 1894 1105 1932 vti
1136 1906 1272 1945 posse,
1307 1893 1430 1932 abuti
1463 1906 1563 1932 vero
1596 1893 1783 1931 minime.
1804 1901 1845 1931 80

179 1947 349 1986 Sentiat
368 1948 546 1999 quisque
569 1947 672 1998 quid
694 1947 810 1994 velit,
833 1960 910 1999 ego
932 1947 983 1986 de
999 1947 1215 1999 probitate
1231 1951 1308 1987 tua
1323 1960 1545 1999 nunquam
1560 1947 1783 1991 haesita-ui,

178 2014 255 2040 nec
276 2002 407 2040 timeo
429 2006 473 2041 te
495 2001 657 2052 aliquid
678 2001 926 2040 moliturum
949 2002 1065 2053 quod
1086 2002 1403 2041 existimatione
1424 2006 1468 2040 et
1490 2001 1678 2040 moribus
1700 2002 1786 2039 tuis

178 2056 235 2094 sit
266 2055 501 2107 indignum.
565 2056 622 2094 Et
654 2056 757 2094 haec
791 2069 885 2095 mea
917 2061 957 2095 et
994 2056 1225 2095 multorum
1259 2057 1447 2094 virorum
1480 2056 1689 2095 bonorum
1722 2059 1784 2094 est

179 2111 405 2149 sententia.
477 2110 671 2149 Clament
711 2111 841 2162 igitur
883 2111 1072 2150 seditiosi
1113 2111 1173 2150 illi
1215 2115 1259 2149 et
1300 2110 1436 2157 stulti,
1481 2111 1785 2155 conuicientur,

179 2165 339 2216 scripta
373 2165 576 2204 emittant
610 2164 803 2211 famosa;
855 2165 1008 2216 ecquid
1043 2165 1123 2204 tibi
1158 2165 1261 2204 haec
1297 2164 1442 2204 obesse
1478 2168 1670 2216 possunt,
1707 2164 1787 2202 nisi
1806 2176 1844 2212 55

180 2218 296 2270 vulgi
321 2232 470 2257 auram
497 2222 670 2269 captare
696 2218 799 2258 velis
821 2223 836 2257 ⁸?
880 2219 1014 2258 Maior
1039 2223 1105 2258 est
1130 2220 1392 2258 existimatio
1418 2223 1495 2258 tua
1521 2231 1651 2270 quam
1677 2230 1787 2269 quae

180 2285 206 2310 a
240 2272 448 2312 similibus
483 2272 595 2311 laedi
630 2273 777 2324 possit,
815 2277 859 2311 et
894 2276 943 2312 tu
978 2274 1067 2324 ipse
1103 2274 1217 2312 nosti
1252 2273 1369 2324 quod
1404 2277 1569 2324 quanto
1605 2272 1785 2323 quisque

179 2327 384 2377 impurior
411 2327 468 2365 sit
495 2327 633 2373 corde,
663 2330 789 2366 tanto
816 2330 862 2366 et
887 2327 1178 2378 impudentior
1205 2328 1262 2366 sit
1289 2340 1372 2365 ore.
1430 2326 1528 2365 Noli
1555 2327 1698 2377 igitur,
1729 2326 1787 2364 mi

181 2379 370 2428 Erasme,
406 2381 699 2432 sycophantiis
740 2382 1021 2433 pessimorum
1056 2381 1277 2420 hominum
1313 2381 1504 2427 moueri;
1564 2380 1638 2430 qui
1673 2380 1708 2418 si
1742 2383 1785 2418 te

181 2434 409 2474 maledicta
449 2448 595 2475 eorum
638 2448 760 2487 aegre
794 2434 902 2474 ferre
944 2440 1213 2486 cognoscent,
1250 2447 1471 2486 nunquam
1507 2438 1550 2472 10
1585 2434 1786 2472 lacessere
1804 2452 1847 2484 90

180 2488 388 2536 desinent,
431 2502 517 2540 quo
557 2489 638 2528 tibi
678 2490 898 2541 negotium
938 2491 1133 2529 iniiciant
1174 2503 1223 2528 ac
1263 2494 1342 2528 tua
1382 2501 1510 2539 opera
1550 2487 1786 2526 reddantur

181 2542 376 2582 celebres.
424 2543 600 2582 Vtinam
621 2543 723 2582 mihi
744 2543 974 2595 aliquando
994 2544 1221 2583 obsecutus
1240 2556 1363 2589 00005,
1385 2547 1429 2581 ct
1449 2555 1473 2580 a
1492 2541 1787 2594 respondendo

180 2596 437 2648 quibusdam
488 2597 792 2637 abstinuisses!
875 2598 957 2638 Sed
1008 2599 1240 2648 praeterita
1291 2596 1541 2648 reprehendi
1592 2600 1785 2647 possunt,

180 2651 395 2690 emendari
427 2664 513 2690 non
544 2652 608 2690 ita
627 2665 635 2698 ;
685 2652 918 2690 cautiorem
950 2656 1097 2691 tamen
1128 2652 1302 2690 reddere
1334 2655 1527 2702 possunt,
1562 2651 1787 2701 praecipue

179 2705 214 2743 si
235 2705 441 2756 cogitabis
460 2707 672 2744 neminem
692 2707 772 2744 nisi
792 2718 816 2744 a
836 2719 879 2744 se
898 2707 992 2756 ipso
1010 2706 1134 2744 laedi.
1804 2725 1843 2757 95

522 2794 574 2825 80.
600 2797 663 2825 tua
679 2792 825 2833 scripsi:
856 2793 909 2826 tui
927 2806 957 2825 a.
1096 2796 1146 2832 89.
1167 2804 1305 2826 mouere
1323 2807 1353 2825 cz.

230 2917 279 2953 50.
306 2913 490 2955 Apostoloj
507 2913 547 2946 Of
576 2913 652 2945 Gal.
669 2923 700 2950 2,
718 2913 803 2945 Acts
823 2923 871 2954 15.
1016 2913 1258 2946 cxhortations
1281 2914 1317 2945 in
1343 2914 1432 2956 Epp.
1460 2922 1532 2953 747.
1559 2915 1658 2954 85-7‚
1689 2923 1781 2953 1095.

228 2966 280 2996 70.
305 2956 453 3000 lapides]
470 2957 519 2989 Cf.
541 2957 636 2989 Luke
659 2965 707 2994 u).
725 2966 782 2998 40.
1023 2967 1059 2997 13
1075 2968 1158 2999 seq„
1181 2959 1274 2999 1265.
1294 2966 1339 2990 20
1352 2968 1423 3000 seq.

227 3012 280 3040 ‘R-
307 3000 548 3040 abstinuisses]
591 3000 640 3032 (’ἵ[.
689 3000 948 3032 Pirckhoimor's
1061 3010 1115 3042 95.
1141 3013 1159 3033 a
1177 3013 1211 3033 sc.
1228 3001 1318 3042 ipso]
1334 3001 1385 3034 Of.
1404 3001 1509 3041 Aduy.
1528 3009 1625 3042 2534.
