2033 3395
326 185 379 223 30
799 182 1053 222 LETTERS
1085 182 1156 222 OF
1187 181 1451 221 ERASMUS
1801 181 1922 229 [1522

325 294 562 341 clamitant,
586 298 634 333 vt
650 298 749 345 pote
769 294 1084 332 commentariis
1103 292 1372 343 quorundam
1392 291 1632 341 deceptum.
1691 289 1773 329 Sed
1793 288 1927 340 magis

326 363 396 388 eos
426 350 566 388 irritat
597 348 712 399 quod
745 347 989 386 Lutherana
1020 347 1214 386 vellicare
1246 346 1431 392 audeas3
1479 346 1541 384 ita
1572 344 1684 384 enim
1716 348 1759 383 te
1789 343 1926 382 facere

325 403 486 442 dicunt.

265 468 309 491 20
380 457 682 496 Circumfertur
700 460 743 494 et
761 469 873 494 nunc
892 459 968 494 tuo
986 455 1156 494 nomine
1175 454 1355 505 epistola
1373 454 1556 505 quedam
1576 452 1631 492 ad
1650 451 1926 497 Rofienssem,

326 512 441 550 haud
471 512 646 549 obscure
676 511 910 549 Lutherum
939 514 984 549 et
1012 522 1212 560 sequaces
1241 513 1432 559 tangens,
1464 521 1546 559 que
1575 521 1658 553 eos,
1689 511 1739 545 vt
1767 519 1926 552 vereor,

326 571 534 616 tanquam
561 565 780 603 classicum
807 568 956 603 contra
981 568 1025 603 te
1050 563 1275 601 incitabit:
1318 576 1403 600 non
1429 562 1545 613 quod
1570 563 1744 600 timeam
1771 574 1824 600 ne
1849 559 1928 599 tibi

327 620 514 659 defensio
543 619 803 670 desit—quis
830 620 942 658 enim
972 618 1149 657 Erasmo
1178 622 1347 656 scutum
1376 621 1421 655 et
1448 616 1635 667 gladium
1664 616 1807 654 deesse
1834 628 1926 654 cen-

326 679 436 713 seret
452 677 538 721 ?——,
559 672 632 712 scd
651 673 767 724 quod
786 673 966 719 doleam,
987 677 1031 711 et
1057 685 1222 711 mecum
1242 672 1321 710 tibi
1341 671 1618 710 amicissimus
1637 671 1816 721 quisque
1835 682 1930 720 egre

268 740 306 771 25
326 728 449 774 ferat,
482 733 526 767 tc
556 729 600 767 in
632 729 853 779 vtriusque
884 728 1019 778 partis
1049 727 1194 765 odium
1226 725 1436 765 incidere:
1485 724 1693 775 siquidem
1725 724 1847 763 aliter
1877 723 1930 762 de

327 783 527 822 studiosis
551 788 595 821 et
619 783 740 821 bonis
765 783 940 821 meritus
964 795 1009 821 es
1031 782 1185 820 litteris
1208 793 1338 832 quam
1364 784 1414 819 vt
1437 780 1492 819 ob
1516 779 1609 818 illas
1634 778 1743 817 male
1767 778 1928 817 audias.

327 837 504 877 Accedit
528 837 643 888 quod
669 838 742 875 Vix
768 837 921 888 aliquis
945 840 1037 875 tam
1062 839 1262 875 constans
1288 839 1365 882 est,
1392 835 1559 874 etiamsi
1585 833 1640 872 ab
1665 833 1781 872 omni
1806 832 1931 883 culpa

327 893 384 931 sit
421 892 595 939 alienus,
635 896 685 931 vt
720 892 810 931 sine
848 891 979 930 animi
1016 890 1337 942 perturbatione
1374 893 1443 929 tot
1481 888 1714 928 calumnias
1751 886 1931 926 tolerare

328 947 491 998 possit3
536 950 586 985 vt
612 946 783 986 interim
811 946 956 985 sileam
984 958 1124 985 rerum
1153 944 1373 984 meliorum
1400 943 1755 983 intermissionem
1783 945 1828 981 et
1854 941 1929 979 im-

270 1011 312 1043 30
329 1001 558 1052 proborum
601 1001 811 1040 cachinos.
870 1000 986 1040 Deus
1027 1003 1183 1039 cuncta
1222 998 1456 1038 secundum
1498 998 1737 1037 bonitatem
1779 1008 1899 1035 suam
1922 1009 1929 1041 ;

330 1069 477 1095 verum
500 1056 534 1094 si
556 1056 618 1094 ita
640 1055 733 1094 fata
753 1055 903 1094 iubent
928 1085 936 1094 .
963 1086 972 1094 .
999 1085 1007 1094 .

747 1175 871 1215 1266.
935 1171 1077 1213 FROM
1107 1170 1299 1213 ULRICH
1330 1170 1519 1213 ZASIUS.

380 1262 474 1296 Zasii
493 1261 626 1306 Opera,
649 1269 750 1305 1550,
769 1272 804 1296 v.
824 1261 892 1305 488
910 1261 961 1303 (Ξ
981 1258 1084 1304 588).
1617 1256 1806 1301 Freiburg.

380 1321 451 1356 ZE.
472 1330 554 1354 201.
1557 1325 1604 1351 20
1624 1315 1752 1350 March
1784 1323 1884 1359 1522.

376 1404 459 1444 [For
477 1403 538 1435 the
556 1412 677 1434 source
695 1412 751 1434 see
771 1401 836 1443 Ep.
861 1410 940 1433 1121
965 1400 1092 1433 introd.
1136 1400 1211 1433 The
1243 1399 1428 1443 year-date
1448 1401 1476 1432 is
1495 1399 1686 1432 confirmed
1718 1399 1767 1441 by
1785 1398 1934 1432 Ursinus

331 1447 460 1480 Velius‘
476 1456 637 1487 presence
656 1447 691 1478 in
707 1445 902 1487 Foeiburg]

556 1534 715 1565 ZASIVS
748 1533 918 1564 MAGNO
951 1532 1142 1564 ERASMO
1175 1533 1503 1563 ROTERODAMO
1537 1532 1573 1563 S.
1589 1532 1631 1563 P.
1648 1532 1694 1563 D.

386 1599 636 1639 DOLENTER
650 1598 753 1646 fero,
772 1611 924 1650 magne
942 1598 1130 1645 Erasme,
1150 1599 1185 1637 si
1201 1598 1320 1638 litem
1338 1597 1418 1637 tibi
1436 1597 1667 1636 aduersarii
1683 1596 1748 1635 tui
1765 1600 1936 1648 parant,

331 1667 407 1694 nec
430 1654 556 1694 video
577 1653 682 1705 quid
705 1654 869 1693 causari
890 1654 1057 1704 possint
1078 1652 1194 1704 quod
1217 1657 1366 1692 contra
1387 1656 1432 1691 te
1453 1651 1586 1691 faciat
1605 1664 1613 1690 :
1653 1651 1934 1702 suspicionem

331 1709 444 1748 enim
461 1709 506 1747 in
523 1721 654 1760 quam
671 1708 778 1747 falso
795 1708 982 1747 incidisti
1000 1721 1074 1747 cur
1090 1721 1177 1747 non
1195 1707 1413 1747 amolirere
1433 1709 1449 1745 ⁶?
1508 1705 1591 1746 Sed
1608 1705 1782 1745 meliora
1798 1718 1936 1757 spero.

331 1762 518 1810 Statum,
561 1762 862 1809 conditionem,
905 1762 1158 1809 doctrinam,
1201 1775 1351 1809 mores,
1393 1761 1596 1800 instituta
1636 1759 1819 1811 denique
1859 1764 1937 1799 tua

296 1831 310 1863 5
332 1818 686 1868 compositissima
706 1818 822 1868 prius
843 1817 1144 1868 ponderabunt
1164 1816 1355 1856 homines
1375 1815 1435 1854 illi
1455 1828 1586 1867 quam
1606 1815 1651 1853 in
1671 1819 1715 1854 te
1735 1814 1934 1854 fremant.

333 1871 457 1920 Quod
485 1873 520 1910 si
549 1873 722 1911 omnino
751 1871 918 1911 aculeos
946 1872 1172 1923 stringant,
1203 1871 1391 1922 cogitato
1420 1874 1464 1909 et
1492 1869 1596 1908 alios
1625 1882 1795 1920 quoque
1823 1869 1937 1908 viros

333 1926 467 1965 bonos
495 1926 648 1966 similia
677 1939 823 1977 passos
853 1939 970 1973 esse,
1015 1939 1198 1978 quorum
1228 1925 1488 1965 existimatio
1517 1928 1609 1963 tam
1638 1937 1725 1963 non
1753 1923 1937 1962 laeditur

333 1981 534 2020 conuiciis
574 1985 625 2020 vt
664 1981 794 2020 etiam
836 1985 1009 2020 crescat.
1068 1980 1194 2031 Ergo,
1236 1979 1479 2019 doctissime
1519 1979 1655 2025 heros,
1697 1982 1935 2024 contemne,

332 2048 504 2086 quaeso,
520 2036 678 2086 siquae
692 2039 736 2074 te
750 2039 960 2086 appetant
973 2035 1177 2074 conuicia.
1234 2034 1367 2074 Nihili
1379 2033 1511 2073 facias
1526 2032 1581 2071 ad
1595 2032 1937 2072 maledicentiam

276 2106 316 2130 10
332 2093 533 2128 natorum
553 2089 737 2139 insipida
757 2089 886 2135 dicta,
909 2103 1019 2140 quae
1039 2103 1116 2129 nec
1135 2089 1276 2128 famae
1297 2093 1398 2128 tuae
1418 2101 1495 2127 nec
1515 2088 1678 2127 nomini
1696 2087 1831 2126 totius
1851 2087 1936 2126 iam

333 2144 447 2183 orbis
468 2143 726 2194 praeiudicio
748 2148 845 2182 tuto
866 2157 1016 2183 nocere
1037 2148 1230 2195 possunt.

389 2198 600 2249 Equidem
626 2198 678 2237 de
702 2197 880 2237 Lutheri
903 2198 1098 2237 doctrina
1122 2197 1308 2237 iudicare
1333 2209 1475 2236 meum
1501 2209 1590 2236 esse
1614 2208 1701 2235 non
1725 2196 1936 2242 existimo,

334 2253 423 2292 eius
449 2253 509 2291 rei
533 2253 779 2303 inexpertus
800 2266 807 2291 :
851 2252 945 2292 dico
971 2256 1118 2291 tamen
1144 2252 1248 2291 mihi
1273 2251 1485 2303 quaedam
1510 2251 1555 2289 in
1580 2263 1631 2290 ea
1656 2250 1936 2301 comprobari,

335 2307 547 2358 quaedam
576 2320 676 2346 vero
697 2311 859 2346 contra.
918 2306 1179 2346 Generaliter
1197 2306 1243 2345 id
1262 2318 1427 2357 semper
1446 2305 1569 2351 sensi,
1591 2317 1760 2343 omnem
1781 2304 1936 2343 doctri-

279 2379 315 2412 13
335 2374 449 2408 nam,
480 2362 515 2400 si
544 2374 570 2400 a
597 2361 689 2400 Deo
717 2374 803 2400 non
822 2361 1016 2412 prodeat,
1038 2361 1157 2400 breui
1186 2360 1363 2407 cadere;
1400 2359 1551 2398 durare
1579 2371 1693 2405 vero,
1715 2359 1750 2397 si
1777 2358 1939 2409 Spiritu

335 2415 482 2454 diuino
519 2415 738 2466 dirigatur.
796 2416 874 2463 Tu,
913 2415 1030 2467 quod
1065 2420 1190 2455 tuum
1228 2419 1305 2462 est,
1345 2414 1473 2453 sacris
1508 2413 1641 2452 literis
1676 2412 1939 2452 illustrandis

335 2470 546 2509 incumbe.
605 2470 774 2509 Socium
816 2470 1055 2509 studiorum
1097 2470 1305 2521 Dorpium
1346 2469 1490 2514 habes,
1532 2468 1673 2506 virum
1714 2467 1939 2506 eminentis

336 2525 505 2575 ingenii.
563 2524 707 2563 Habes
733 2529 777 2563 et
802 2525 918 2571 alios,
946 2525 1113 2564 etiamsi
1138 2525 1263 2575 pauci
1288 2524 1386 2570 sint,
1413 2522 1667 2574 quibuscum
1692 2525 1741 2560 tu
1765 2521 1937 2560 iunctus

337 2579 429 2617 orbi
455 2578 693 2618 Christiano
720 2579 902 2618 consule.
961 2579 1071 2619 Sunt
1096 2579 1208 2618 enim
1234 2582 1335 2617 tuae
1361 2577 1580 2617 doctrinae
1605 2589 1654 2616 eo
1680 2576 1938 2627 synceriores

278 2651 321 2674 20
338 2646 425 2684 quo
447 2633 586 2671 minus
609 2633 663 2672 ab
686 2634 778 2684 ipso
800 2637 925 2673 textu
948 2633 1164 2680 recedunt,
1188 2646 1238 2672 eo
1261 2633 1440 2672 tutiores
1462 2644 1547 2682 quo
1569 2630 1827 2681 integriores.

393 2687 616 2727 Caeterum
642 2691 707 2726 est
732 2700 818 2738 quo
844 2689 968 2727 anxie
994 2692 1072 2727 tua
1097 2700 1226 2738 opera
1251 2687 1318 2726 hic
1342 2686 1620 2737 indigeamus,
1647 2687 1821 2736 propter
1846 2696 1936 2734 per·

890 2762 990 2794 1265.
1018 2769 1072 2799 29.
1098 2761 1278 2793 meliarum
1298 2761 1375 2793 MS.

388 2843 487 2874 1265.
516 2851 570 2875 20.
605 2843 650 2875 ad
681 2843 913 2884 Rofienssem]
944 2845 1006 2877 See
1039 2844 1104 2886 Ep.
1222 2852 1273 2882 13.
1299 2842 1533 2884 comprobari]
1549 2841 1619 2874 For
1635 2840 1765 2873 Zasius’
1785 2841 1940 2873 attitude

343 2887 436 2926 1263.
452 2888 526 2918 18n.
1174 2886 1326 2919 towards
1341 2885 1474 2918 Luther
1489 2885 1532 2917 cf.
1550 2885 1615 2927 Ep.
1636 2893 1729 2925 1252.
1747 2894 1804 2923 9n.

387 2929 486 2960 1266.
516 2939 543 2961 1.
569 2929 773 2970 aduersarii]
796 2930 850 2963 On
873 2931 960 2963 both
991 2930 1082 2963 sides
1097 2943 1106 2960 τ
1220 2938 1270 2970 15.
1297 2929 1435 2969 cadere]
1450 2929 1500 2961 Of.
1519 2928 1604 2960 Acts
1622 2936 1651 2969 5.
1670 2929 1757 2968 38‚9.

340 2972 385 3005 cf.
396 2971 487 3014 Epp.
503 2981 595 3014 1259.
608 2975 706 3014 8—14‚
721 2975 814 3005 1268.
832 2981 870 3013 53
883 2985 967 3015 seq„
979 2974 1022 3013 76
1032 2984 1101 3015 seq.
1219 2982 1230 3003 1
1240 2983 1270 3014 7.
1295 2972 1483 3014 Dorpium]
1498 2971 1618 3003 Zasius
1639 2970 1710 3003 had
1725 2970 1833 3003 taken
1858 2976 1937 3013 part

386 3024 418 3053 9.
444 3015 490 3047 ad
513 3016 811 3057 maledicentiam]
833 3017 883 3050 Cf.
913 3018 979 3059 Ep.
1007 3018 1101 3049 1268.
1170 3018 1206 3048 in
1223 3017 1284 3048 the
1301 3015 1559 3048 reconciliation
1576 3014 1732 3046 between
1748 3014 1848 3056 Dorp
1864 3014 1934 3046 and

344 3067 444 3099 71-2.
1172 3059 1361 3091 Erasmus:
1392 3069 1449 3091 see
1467 3058 1533 3100 Ep.
1556 3067 1650 3100 1044.
1669 3068 1749 3099 49n.
