2012 3370
156 136 279 187 1346]
554 136 627 176 To
656 135 774 174 THE
804 136 957 175 NUNs
989 137 1060 176 or
1090 136 1354 177 COLOGNE
1662 141 1738 179 237

152 257 279 296 quem
318 257 417 283 sane
455 244 805 295 preciosissimum
843 245 1012 291 tenetis,
1052 244 1268 293 celebrem,
1308 250 1353 285 et
1390 246 1512 286 vobis
1549 251 1739 286 vestrum

151 299 416 349 propositum
455 297 759 337 commendem.
826 298 1037 337 Nimirum
1074 299 1238 338 lucrum
1275 300 1413 339 facere
1451 301 1582 340 vultis
1619 302 1739 342 illud.

150 352 374 392 Venamjni
396 356 446 392 vt
467 365 544 404 pro
566 353 700 390 xeniis
722 365 832 403 quae
854 352 1070 392 delectant
1091 354 1298 405 palatum,
1322 356 1535 406 recipiatis
1557 368 1607 394 ea
1630 368 1739 407 quae
1759 372 1774 404 5

149 411 329 458 pascant
350 408 551 446 animum.
602 405 679 444 Pia
701 408 891 457 captatio
913 411 990 454 est,
1014 412 1162 446 sancta
1184 409 1368 448 auiditas
1390 413 1466 456 est,
1490 409 1675 460 prudens
1697 415 1741 449 et

149 465 406 512 quaestuosa
441 461 733 507 commutatio,
771 461 980 512 planeque
1015 462 1142 513 digna
1178 463 1440 514 sapientibus
1475 464 1736 515 virginibus:

149 516 185 554 si
215 515 343 555 modo
373 516 410 555 is
440 527 573 554 essem
605 516 679 566 qui
710 527 876 565 possem
908 529 985 566 pro
1018 517 1223 567 corporali
1256 522 1444 556 semente
1475 519 1737 569 spiritualem

150 582 327 609 messem
355 582 567 621 reponere.
630 569 728 608 Non
756 571 905 608 erratis
934 569 978 606 in
1006 570 1176 617 affectu,
1207 571 1280 609 sed
1307 573 1456 610 erratis
1483 574 1527 611 in
1556 573 1736 612 delectu.

148 623 272 686 Quod
287 625 496 675 optimum
515 627 580 662 est
598 623 784 674 diligitis,
805 623 879 662 sed
897 637 982 662 non
1001 637 1099 662 eum
1118 602 1300 676 deligitis
1318 627 1392 676 qui
1410 628 1544 676 possit
1563 629 1737 666 sanctis·
1761 644 1801 667 10

147 679 263 717 simis
303 679 415 717 votis
454 678 606 716 vestris
647 677 901 716 satisfit-‚cere
971 678 1035 716 Ne
1075 683 1221 717 tamen
1262 680 1507 730 simpliciter
1545 682 1738 732 ingratus

145 731 304 779 videar,
334 731 522 783 gratulor
549 732 684 778 vobis,
714 733 1003 770 sanctissimae
1032 733 1226 783 virgines,
1255 734 1386 772 istum
1416 735 1605 774 animum
1634 735 1738 775 nihil

145 785 261 824 aliud
282 787 496 825 sitientem
518 798 648 836 quam
669 785 845 837 gloriam
867 787 1010 837 sponsi
1032 788 1242 826 vestri..

203 840 267 892 [fO.
294 839 360 890 0⁸]
392 840 574 879 Proinde
597 841 824 891 agnoscite,
850 841 1044 891 virgines,
1076 845 1263 880 vestram
1286 819 1548 889 relicitatem,
1579 821 1622 882 et
1650 856 1737 882 non

143 894 388 933 inuidebitis
403 894 562 933 mundo
579 907 677 933 suas
693 894 875 933 delicias.
921 895 1148 946 Agnoscite
1164 895 1431 946 dignitatem,
1450 901 1494 936 et
1509 910 1596 936 non
1612 910 1735 948 expe·
1759 914 1794 946 13

144 949 244 987 tetis
271 949 441 987 sordida
464 949 612 987 mundi
642 949 902 988 commertia.
950 949 1190 988 Adhaerete
1210 963 1365 1001 sponso
1385 956 1528 989 vestro
1549 965 1556 990 :
1592 952 1637 990 in
1657 952 1736 991 hoc

144 1002 269 1041 simul
288 1002 455 1042 habetis
475 1004 617 1042 omnia
637 1017 746 1054 quae
766 1017 863 1042 vere
891 1004 1005 1042 laeta
1034 1009 1134 1043 sunt
1163 1009 1240 1043 aut
1268 1004 1505 1056 magnifica.
1563 1005 1736 1045 Animet

143 1069 220 1095 vos
274 1057 329 1096 ad
385 1059 671 1097 constantiam
732 1058 1013 1097 domest-icum
1074 1059 1313 1110 exemplum
1374 1061 1735 1099 sanctissimorum

142 1111 358 1158 iuuenum,
403 1113 476 1163 qui
504 1112 693 1163 gaudent
729 1113 859 1151 etiam
896 1126 1119 1163 corporum
1156 1127 1328 1152 suorum
1364 1115 1542 1165 pignora
1578 1117 1735 1154 seruari

142 1165 186 1203 in
215 1169 306 1204 tam
334 1179 453 1205 sacro
483 1167 667 1218 collegio.
722 1166 789 1205 Illi
818 1168 923 1205 mori
948 1167 1190 1207 maluerunt
1215 1181 1345 1219 quam
1370 1173 1540 1219 gustare
1566 1182 1733 1208 carnem
1755 1185 1797 1208 20

142 1219 322 1258 suillam.
386 1221 472 1259 Vos
495 1225 648 1272 putate
676 1234 845 1259 carnem
873 1233 962 1260 esse
990 1222 1156 1260 suillam
1188 1223 1391 1273 quicquid
1424 1224 1639 1274 ingratum
1670 1229 1734 1262 est

142 1286 296 1324 sponso
336 1278 490 1313 vestro.
558 1275 600 1314 Si
642 1275 807 1314 fueritis
853 1275 1119 1314 emulatrices
1161 1276 1431 1326 pulcherrimi
1477 1279 1732 1325 certaminis,

141 1329 257 1366 eritis
276 1332 320 1367 et
340 1333 555 1368 consortes
580 1329 748 1380 gloriae,
771 1329 1010 1380 opitulante
1036 1342 1191 1381 sponso
1210 1335 1353 1370 vestro
1371 1331 1468 1369 Iesu
1489 1344 1497 1370 :
1533 1333 1606 1382 qui
1625 1333 1735 1370 viuit

140 1386 185 1420 et
201 1386 351 1433 regnat
368 1384 413 1421 in
432 1384 574 1422 omnia
593 1383 746 1422 secula.
796 1383 945 1422 Amen.

192 1436 317 1476 Anno
337 1436 580 1476 salutiferae
601 1437 913 1476 Incarnationis
932 1449 1166 1478 M.D.XX111.
1755 1457 1772 1479 2
1779 1456 1794 1489 5

497 1601 681 1652 13471355
741 1597 808 1639 To
841 1598 1063 1640 Jonocus
1096 1598 1360 1641 GAVERIUS.

185 1683 316 1717 Gouda
330 1683 405 1718 MS.
425 1693 526 1728 1324,
542 1683 567 1718 f.
582 1683 623 1717 61
646 1684 707 1727 (α).
1471 1686 1591 1722 Β6316.

185 1741 470 1786 Exomologesis,
490 1751 590 1786 1524,
607 1740 651 1774 f0.
670 1740 716 1775 F⁶
732 1745 775 1775 v0
792 1743 858 1785 (β).
1358 1754 1370 1778 1
1392 1744 1518 1779 March
1536 1748 1685 1790 <1523>.

185 1798 279 1834 HN:
308 1800 426 1836 Lond.
447 1800 554 1834 xxiii.
575 1810 618 1843 5:
650 1800 727 1834 LB.
748 1802 834 1845 671.

179 1877 277 1918 [This
298 1878 403 1910 letter
425 1888 495 1910 was
518 1878 594 1910 first
617 1878 757 1919 printed
779 1878 815 1909 in
839 1878 899 1909 the
923 1878 1181 1919 Exomoloqesis,
1206 1879 1318 1917 Basle,
1343 1879 1491 1917 Froben,
1520 1889 1627 1921 1524;
1664 1882 1734 1913 and

135 1921 338 1954 afterwards
357 1922 395 1954 in
416 1922 475 1954 the
497 1921 664 1953 collected
684 1921 840 1952 volumes
863 1921 896 1953 of
918 1921 1099 1962 Epistolae.
1146 1922 1182 1953 It
1199 1923 1230 1954 is
1250 1922 1361 1954 found
1381 1922 1454 1954 also
1474 1924 1510 1954 in
1533 1934 1596 1955 one
1619 1923 1653 1955 of
1675 1925 1734 1956 the

135 1965 259 1997 Gouda
274 1965 508 2007 manuscripts
523 1965 628 2006 (App.
644 1975 665 2003 9
679 1965 715 1996 in
731 1964 798 1996 vol.
812 1965 849 2005 i).
890 1965 991 1996 After
1005 1965 1169 1997 collation
1185 1966 1220 1997 of
1235 1966 1331 1998 these
1347 1977 1483 1998 sources
1498 1967 1515 1998 Ι
1532 1967 1577 1998 (10
1591 1971 1654 1999 not
1669 1968 1733 1999 feel

135 2008 226 2040 clear
245 2008 326 2040 that
345 2009 404 2041 the
425 2009 642 2049 manuscript
659 2008 689 2039 is
708 2011 771 2039 not
791 2007 913 2049 copied
932 2008 1022 2040 from
1043 2009 1102 2041 the
1123 2010 1379 2050 Exomoloyesz's.
1424 2010 1469 2041 In
1490 2021 1596 2052 many
1616 2011 1734 2052 points

178 2106 211 2136 4.
238 2095 413 2128 Nimirum
435 2120 443 2127 .
469 2120 476 2127 .
504 2120 511 2128 .
539 2108 568 2139 5.
596 2096 780 2128 Venamini
797 2108 834 2127 cz:
851 2095 889 2127 in
906 2106 1055 2137 quorum
1071 2095 1181 2128 altero
1198 2096 1355 2138 religiosa
1371 2097 1526 2138 quadam
1541 2097 1734 2129 ambitione

135 2139 316 2178 ducimini,
337 2149 426 2181 quae
449 2150 520 2172 non
541 2143 694 2171 vestram
716 2139 884 2181 quaeritis
909 2139 1066 2181 gloriam,
1090 2140 1151 2171 sed
1175 2140 1238 2172 Dei
1263 2140 1322 2181 qui
1344 2140 1382 2172 in
1405 2141 1536 2172 sanctis
1558 2141 1630 2172 suis
1654 2152 1732 2173 vere

135 2182 304 2224 gloriosus
326 2186 390 2214 est.
427 2183 471 2215 In
494 2183 604 2214 altero
627 2183 741 2215 sentio
772 2193 833 2215 vos
860 2183 1041 2224 spirituale
1067 2183 1203 2215 lucrum
1233 2195 1414 2225 quaerere:
1450 2185 1617 2216 nimirum
1646 2184 1732 2216 illud

136 2229 304 2258 venantes
323 2229 357 2262 β.
448 2231 478 2260 6.
506 2231 655 2269 pascunt
671 2240 704 2267 γ.
774 2239 803 2270 7.
831 2230 1042 2276 quaestuosa
1062 2240 1080 2256 α
1097 2239 1104 2258 :
1138 2237 1216 2258 vere
1235 2227 1397 2259 lucrifera
1413 2231 1446 2262 Β.
1539 2231 1569 2262 8.
1596 2238 1732 2270 possem

188 2281 245 2310 ..9
271 2280 434 2312 reponere
451 2283 470 2300 α
486 2270 654 2311 ·p0ssim
669 2281 711 2301 ex
736 2270 936 2301 diuinarum
952 2270 1205 2312 scripturarum
1222 2271 1445 2312 myrotheciis
1460 2271 1595 2313 aliquid
1611 2271 1731 2313 depro-

134 2293 227 2345 inere
249 2313 343 2355 quod
364 2323 473 2355 aeque
495 2314 627 2345 reficiat
649 2317 802 2345 mentem
824 2317 978 2345 vestram
995 2324 1034 2345 ac
1056 2318 1173 2345 vestra
1195 2315 1401 2346 munuscula
1416 2315 1575 2347 reficiunt
1592 2325 1729 2356 corpus-

134 2356 252 2388 culum
274 2360 434 2388 nostrum
455 2360 488 2392 β.
699 2358 779 2389 Νο11
800 2357 923 2388 erratis
946 2369 1012 2398 <17²
1046 2358 1126 2389 Non
1147 2358 1334 2407 errasratis
1354 2362 1388 2393 β.
1538 2370 1588 2392 10.
1615 2359 1706 2389 sed
1690 2371 1726 2389 με

136 2410 258 2432 verum
271 2403 304 2435 β.
391 2400 543 2442 deligitis
556 2403 600 2436 B:
630 2369 775 2442 d9iligitis
789 2414 819 2432 c.
894 2413 942 2434 12.
968 2401 1077 2432 etiam
1094 2404 1200 2442 atque
1214 2401 1322 2432 etiam
1335 2406 1409 2433 <mle
1428 2402 1583 2442 gratulor
1599 2402 1673 2433 add.
1695 2406 1729 2436 β.

134 2443 374 2475 sanctissimae
404 2456 445 2475 a:
459 2412 549 2477 gdeo
571 2444 718 2476 dilectae
741 2448 775 2479 β.
1019 2456 1067 2486 14.
1099 2445 1285 2485 agnoscite,
1312 2445 1462 2485 virgines
1493 2457 1534 2476 a:
1579 2445 1730 2486 virgines

134 2487 299 2529 optimae,
320 2488 496 2529 agnoscite
514 2492 548 2522 β.
695 2499 743 2530 51.
770 2487 910 2519 delitias
930 2500 947 2517 (ι.
964 2500 970 2518 :
1005 2488 1208 2520 deliciarum
1226 2488 1431 2530 praestigias
1447 2491 1480 2522 Β.
1575 2492 1729 2519 vestram

134 2534 208 2562 ante
232 2530 443 2573 dignitatem
466 2531 541 2564 add.
559 2534 593 2566 Β.
734 2541 803 2562 non
827 2531 1057 2572 expetetisss:
1095 2542 1138 2562 ne
1162 2532 1357 2573 expectatis
1381 2545 1399 2561 (ι
1424 2532 1632 2572 (expectetis
1654 2532 1727 2571 LB)

137 2577 185 2607 16.
211 2574 406 2606 Adhaerete
429 2598 436 2606 .
463 2598 470 2605 .
497 2599 504 2605 .
530 2574 632 2606 simul
658 2587 699 2605 a:
728 2574 803 2606 Nisi
828 2578 862 2605 te
894 2574 1109 2615 cognoueris,
1132 2575 1260 2616 inquit,
1278 2575 1509 2616 pulcherrima
1537 2574 1630 2606 inter
1658 2574 1727 2606 foe-

134 2617 255 2648 minas.
322 2617 563 2650 Comminatur
593 2628 738 2660 sponsus
769 2617 961 2658 virginibus
991 2618 1055 2649 nisi
1086 2618 1293 2659 agnoucrint
1330 2628 1429 2649 suam
1462 2617 1728 2649 bea-titudinem.

135 2660 214 2692 Non
238 2664 431 2701 agnoscunt
456 2664 575 2693 autem
610 2671 696 2702 quas
720 2660 877 2692 instituti
901 2661 1070 2702 poenitet,
1107 2671 1193 2701 quae
1227 2661 1347 2691 mundi
1377 2661 1516 2692 delicias
1539 2661 1726 2702 suspirant.

133 2703 291 2745 Cogitate
315 2703 409 2745 quali
431 2714 557 2746 sponso
583 2704 782 2745 nupseritis,
803 2704 852 2734 illi
875 2704 959 2735 totis
981 2704 1189 2745 praecordiis
1217 2704 1412 2741 adhaerete,
1430 2705 1466 2736 in
1484 2715 1554 2745 quo
1570 2704 1674 2736 semel
1692 2708 1725 2739 Β.

137 2749 185 2780 18.
222 2746 454 2778 domesticum
479 2758 543 2779 om.
563 2750 596 2781 β.
738 2759 787 2787 19.
812 2747 966 2787 gaudent
993 2747 1102 2778 ctiam
1129 2759 1171 2778 a:
1205 2747 1312 2788 magis
1336 2747 1445 2778 etiam
1471 2747 1675 2789 gaudebunt
1691 2751 1725 2782 β.

132 2799 274 2821 suorum
290 2800 473 2832 corporum
490 2793 523 2825 β.
775 2793 849 2821 tam
865 2800 962 2821 sacro
979 2803 996 2819 c.
1014 2802 1020 2821 :
1052 2794 1168 2821 vestro
1184 2793 1217 2824 β.
1439 2802 1490 2823 20.
1515 2791 1542 2822 31
1559 2791 1728 2823 senserint

135 2843 195 2865 vos
211 2833 451 2865 aemulatrices
466 2843 608 2865 suarum
634 2833 807 2864 virtutum
832 2833 958 2874 quibus
986 2834 1059 2863 Deo
1080 2833 1294 2874 placuerunt.
1343 2834 1475 2865 Omant
1498 2834 1547 2865 illi
1570 2838 1725 2866 xestrum

132 2876 345 2915 sodalitium,
368 2876 416 2908 sic
436 2876 512 2908 illos
533 2876 686 2908 vicissim
703 2876 871 2908 ornabitis
885 2876 1090 2917 intcgiitatc
1111 2887 1245 2908 morum
1271 2880 1466 2909 vosuorum
1487 2882 1561 2918 post
1583 2878 1727 2920 collegio

133 2920 208 2952 add.
225 2923 259 2955 β.
431 2920 516 2953 mori
531 2934 573 2952 α.
603 2923 657 2951 tot
670 2919 849 2969 suppliciis
861 2914 1097 2951 excarnificari
1118 2922 1151 2954 Β.
1270 2931 1320 2962 23
1345 2920 1474 2962 gloriae
1494 2925 1670 2953 consortes
1690 2925 1722 2956 β

133 2973 214 2995 cum
233 2966 331 3006 patre
351 2967 387 2996 et
405 2964 532 3006 spiritu
551 2967 674 2995 sancto
691 2967 764 3004 post
784 2962 843 3004 qui
871 2964 945 2995 add.
966 2966 999 2997 Β.
1161 2963 1279 2995 omnia
1295 2963 1409 2996 secula
1428 2977 1467 2993 (1·
1461 2990 1467 2996 .
1492 2968 1672 2997 aeternum
1689 2968 1711 2999 ‚l
1716 2990 1722 2996 .

134 3017 186 3049 25.
213 3006 709 3049 Anno...1523‹1:0m.ss:
737 3006 866 3047 Dixi7.
