2012 3370
244 153 324 191 582
718 156 971 196 LETTERS
1002 156 1074 196 or
1104 156 1368 197 ERAsMUS
1718 160 1842 209 [1524

715 307 903 360 15181525
961 305 1030 346 To
1062 305 1198 347 PAUL
1228 305 1370 348 VOLz.

290 392 391 437 Opus
410 392 660 436 Epistolarum
681 405 716 438 p.
733 395 816 429 622.
1547 396 1666 432 Basle.

287 450 333 485 N.
354 461 388 495 p.
408 458 474 494 593
492 463 499 483 :
534 450 650 485 Lond.
670 452 773 486 xviii.
790 463 834 497 43
854 467 860 486 :
895 453 969 488 LB.
988 464 1068 497 712.
1400 464 1441 500 25
1462 454 1675 490 November
1695 463 1795 499 1524.

285 527 483 568 [Delivcred
504 531 544 561 at
566 528 771 571 Hugshofen
794 541 839 563 on
861 541 882 570 9
905 532 986 564 Dec.
1033 532 1106 564 The
1127 533 1310 574 year-date
1332 534 1361 565 is
1383 534 1571 566 confirmed
1594 533 1642 575 by
1663 533 1840 567 Erasmus‘

241 575 359 604 recent
374 571 609 613 publicatione
626 575 827 607 mentioned
844 578 883 607 at
899 575 959 608 the
975 575 1071 616 end]

533 673 736 702 ERASMVS
765 674 863 704 ROT.
896 675 1038 704 PAVLO
1069 676 1233 705 ABBATI
1263 676 1419 704 VOLZIO
1451 675 1485 703 S.
1506 677 1549 705 D.

295 731 458 772 ΗΑΒΕΟ
496 734 679 784 gratiam
718 733 834 785 quod
873 734 974 773 mihi
1015 739 1183 774 mortuo
1223 735 1328 774 bene
1367 736 1578 786 precaris3
1633 735 1844 776 relaturus

239 787 383 833 etiam,
412 787 446 826 si
471 787 645 839 quando
670 792 719 827 tu
746 789 852 827 mori
878 789 1007 829 voles.
1062 789 1271 828 Rumores
1296 790 1537 829 istiusmodi
1562 789 1688 840 plane
1712 791 1842 831 rideo.

239 839 464 880 Caeterum
493 854 546 881 ex
574 843 717 881 animo
745 842 862 882 dolet
889 847 1063 883 tantum
1092 857 1181 883 esse
1210 843 1401 882 maliciae
1428 845 1539 883 inter
1568 843 1843 885 Christianos.

240 894 330 946 Ego
351 899 563 946 quantum
585 897 629 936 in
650 909 716 936 me
735 901 813 944 est,
836 899 972 936 seruio
993 897 1227 937 commodis
1247 899 1452 945 omnium,
1474 898 1597 937 laedo
1613 900 1839 946 neminem,

204 948 367 1001 5idque
397 949 508 989 facio
539 963 633 990 meo
664 952 795 998 victu,
829 951 944 1003 quod
975 953 1110 998 aiunt,
1142 953 1228 991 imo
1260 965 1414 1003 magno
1444 953 1575 991 etiam
1606 953 1841 1005 dispendio.

240 1003 298 1042 Et
333 1007 480 1043 tamen
515 1009 684 1056 praeter
719 1005 823 1044 alias
861 1005 1138 1045 contumelias
1174 1007 1303 1045 toties
1339 1006 1501 1045 efferor.
1567 1007 1661 1046 Tibi
1698 1006 1844 1047 Gallus

239 1057 497 1097 sacrificulus
524 1060 746 1098 nunciauit
774 1073 817 1098 se
844 1060 951 1110 pede
979 1060 1160 1099 calcasse
1187 1060 1402 1099 tumulum
1431 1074 1586 1099 meum.
1643 1061 1701 1101 Et
1728 1061 1843 1113 apud

240 1110 567 1164 Heidelbergam
594 1112 756 1163 Anglus
783 1114 959 1165 quidam
987 1119 1200 1166 sparserat
1227 1128 1270 1154 se
1296 1114 1538 1153 interfuisse
1557 1115 1695 1155 funeri
1722 1129 1840 1163 me0;

239 1165 407 1204 addidit
433 1180 499 1205 me
526 1167 748 1206 conditum
773 1169 817 1206 in
844 1169 991 1207 eodem
1019 1168 1241 1220 sepulchro
1266 1170 1310 1207 in
1337 1182 1421 1220 quo
1447 1170 1558 1209 iacet
1584 1169 1841 1217 Lachnerus,

182 1236 221 1260 10
239 1220 436 1260 Frobenii
465 1233 594 1260 socer.
654 1222 711 1261 Et
741 1226 869 1261 antea
897 1224 941 1261 in
970 1222 1171 1262 Flandria
1198 1224 1410 1262 iactatum
1437 1228 1528 1262 erat
1558 1237 1624 1263 me
1654 1225 1842 1275 quodam

238 1274 427 1314 horribili
451 1277 600 1315 mortis
622 1289 772 1327 genere
796 1278 979 1327 periisse.
1032 1277 1115 1316 Alii
1138 1282 1382 1328 sparserant
1404 1279 1449 1316 in
1472 1278 1710 1318 Brabantia
1728 1291 1843 1318 meos

238 1328 366 1368 libros
398 1343 483 1369 vna
515 1343 612 1369 cum
643 1332 826 1382 imagine
858 1331 1021 1370 Romae
1053 1331 1284 1382 publicitus
1316 1336 1489 1371 exustos
1520 1332 1661 1372 fuisse.
1724 1332 1841 1372 Haec

238 1384 311 1435 qui
331 1384 510 1436 fingunt,
533 1397 619 1424 non
638 1386 837 1436 ignorant
856 1385 1002 1424 fucum
1021 1386 1116 1425 ilico
1136 1386 1403 1437 prodendum
1424 1399 1512 1425 esse
1532 1400 1541 1434 ;
1578 1387 1652 1426 sed
1670 1388 1840 1427 interim

238 1437 439 1478 fruuntur
456 1439 720 1478 exultatione
739 1440 947 1479 malorum
965 1453 1014 1479 ac
1033 1440 1175 1479 dolore
1194 1440 1415 1479 bonorum.
1464 1441 1557 1480 Hac
1576 1446 1719 1481 mente
1737 1442 1840 1494 quid

183 1509 217 1541 15
238 1505 326 1532 esse
357 1496 502 1544 potest
531 1493 811 1532 sceleratius?
860 1494 903 1534 Si
934 1494 1116 1534 Satanas
1146 1495 1235 1545 ipse
1273 1496 1437 1534 viueret
1467 1496 1578 1534 inter
1613 1509 1702 1543 nos,
1736 1496 1840 1548 quid

238 1546 375 1586 facere
402 1551 546 1598 posset
574 1560 617 1586 se
645 1547 849 1599 dignius?
895 1548 953 1588 Et
981 1548 1083 1587 haee
1112 1548 1277 1587 faciunt
1305 1548 1544 1596 Christiani,
1574 1549 1679 1589 haec
1707 1563 1839 1590 saeer-

238 1600 373 1648 dotes,
410 1601 514 1640 haeo
550 1602 759 1649 monachi,
797 1602 901 1641 haec
936 1602 1148 1642 Dominici
1184 1603 1480 1655 Franciscique
1515 1608 1704 1656 nepotes.
1769 1605 1840 1644 Fit

239 1659 384 1694 autem
419 1660 567 1695 eontra
600 1656 810 1707 praesidio
844 1656 937 1704 Dei,
973 1661 1023 1696 vt
1055 1670 1277 1708 nunquam
1312 1657 1460 1696 melius
1493 1657 1675 1697 habeam
1709 1672 1839 1710 quam

238 1722 372 1761 quum
391 1710 464 1749 isti
484 1723 551 1748 me
571 1710 811 1750 rumoribus
833 1711 1027 1762 affligunt
1047 1712 1238 1762 pessime.

179 1781 220 1804 20
295 1763 436 1812 Quum
467 1769 568 1803 ante
600 1777 734 1803 annos
765 1769 851 1804 tres
883 1778 1050 1817 agerem
1088 1765 1326 1812 Andrelaci‚
1367 1765 1468 1805 alibi
1507 1765 1745 1806 decideram
1785 1767 1839 1807 ab

239 1830 348 1870 equo
378 1822 423 1857 et
451 1817 658 1870 fregeram
689 1820 924 1866 ceruicem;
971 1819 1071 1859 alibi
1102 1821 1308 1871 perieram
1338 1819 1458 1867 febri,
1491 1820 1592 1860 alibi
1622 1826 1840 1873 correptus

240 1872 465 1924 apoplexia
498 1873 640 1912 subito
674 1873 927 1925 reliqueram
961 1875 1110 1913 vitam.
1174 1874 1308 1926 Atqui
1340 1875 1455 1913 intra
1488 1887 1622 1914 annos
1655 1880 1842 1927 quatuor

239 1939 460 1978 nunquam
491 1928 752 1978 prosperiore
783 1928 1029 1967 valetudine
1059 1928 1224 1967 fueram
1255 1941 1356 1968 Vsus
1387 1941 1517 1980 quam
1546 1929 1592 1968 id
1621 1931 1839 1982 temporis.

239 1980 277 2020 A
301 1981 486 2020 discessu
512 1994 706 2032 sparsum
730 1987 822 2021 erat
847 1982 1010 2022 Romae
1034 1982 1163 2022 libros
1189 1995 1303 2022 meos
1328 1983 1495 2034 publice
1521 1983 1838 2032 condemnatos,

179 2053 218 2086 25
240 2040 388 2074 autore
418 2035 606 2075 Adriano
637 2041 771 2076 sexto.
831 2037 1053 2076 Caeterum
1085 2037 1233 2076 eodem
1263 2042 1454 2088 tempore
1485 2039 1660 2077 missum
1690 2043 1756 2078 est
1784 2039 1839 2078 ab

240 2089 427 2129 Adriano
473 2089 662 2140 diploma
708 2090 1014 2138 honorificum3
1078 2096 1308 2142 sequutum
1354 2096 1420 2131 est
1465 2091 1839 2140 honorificentius;

240 2145 416 2183 accessit
453 2145 630 2183 tertium
669 2145 784 2195 quod
820 2145 902 2184 illis
939 2145 1098 2184 rabulis
1135 2146 1341 2185 indiceret
1372 2145 1600 2194 silentium,
1635 2160 1702 2186 me
1735 2147 1841 2187 nihil

240 2197 467 2236 ambiente.
549 2198 689 2246 Quum
734 2201 919 2239 maxime
962 2201 1174 2239 iactarent
1217 2200 1401 2239 officium
1440 2200 1626 2240 dedicati
1662 2201 1838 2241 Arnobii

238 2251 367 2291 fuisse
413 2253 629 2303 ingratum
676 2253 876 2301 Adriano,
926 2255 1173 2305 superuenit
1219 2254 1398 2305 epistola
1445 2254 1663 2294 declarans
1709 2255 1838 2295 fuisse

180 2325 221 2356 30
240 2305 376 2345 multo
415 2307 715 2357 gratissimum.
783 2308 926 2360 Atque
964 2309 1067 2347 haec
1107 2307 1343 2360 diplomata
1381 2310 1496 2360 prius
1536 2309 1699 2360 perlata
1738 2314 1839 2350 sunt

288 2451 314 2474 1.
342 2442 496 2482 mortuo]
527 2443 610 2476 This
640 2454 783 2476 rumour
812 2444 882 2476 had
918 2444 1005 2476 been
1118 2455 1171 2484 24.
1197 2445 1462 2486 condemnatos]
1489 2446 1552 2479 See
1579 2446 1645 2488 Ep.
1678 2456 1762 2488 1324
1787 2448 1839 2480 in-

240 2487 447 2518 announced
486 2488 523 2519 in
563 2498 584 2519 a
624 2497 761 2519 sermon
798 2492 837 2519 at
876 2487 1003 2520 Ueber-
1075 2489 1166 2521 trod.

239 2529 355 2572 lingen
370 2530 480 2563 about
494 2531 553 2563 the
567 2531 635 2563 end
649 2531 686 2563 of
701 2531 779 2564 Oct.
795 2530 862 2570 (Bl.
879 2531 918 2563 E.
935 2533 1004 2572 85).
1118 2533 1172 2564 26.
1197 2531 1366 2573 diploma]
1397 2532 1462 2574 Ep.
1499 2541 1593 2573 1324,
1625 2533 1737 2566 which
1767 2545 1838 2567 was

242 2572 286 2605 H.
316 2573 479 2606 Urbanus
507 2575 576 2613 (see
604 2574 668 2616 Ep.
701 2584 794 2615 1425.
825 2577 904 2612 2011)
932 2575 1006 2607 also
1074 2575 1250 2608 Erasmus'
1296 2576 1370 2608 first
1412 2577 1706 2610 communication
1747 2578 1837 2610 from

240 2617 403 2658 reported
423 2618 454 2650 it
475 2621 513 2650 to
535 2617 737 2659 Spalatinus
759 2618 849 2650 from
872 2618 1006 2656 Erfurt,
1074 2619 1205 2652 Adrian
1221 2629 1259 2651 as
1276 2619 1381 2661 Pope.

240 2668 284 2691 20
324 2660 426 2698 Nov„
467 2671 506 2693 as
547 2661 675 2704 having
717 2671 813 2694 come
853 2662 1006 2705 through
1163 2662 1461 2702 honorificentius]
1482 2663 1529 2697 ,It
1558 2663 1672 2706 might
1707 2674 1838 2706 appear

242 2702 431 2736 Frankfort
461 2708 500 2737 to
532 2704 698 2737 Eobanus
731 2705 869 2745 (MRE2.
901 2707 940 2745 ii,
969 2716 1002 2747 p.
1073 2706 1155 2738 that
1186 2707 1352 2738 Erasmus
1381 2707 1549 2739 intended
1581 2717 1602 2739 a
1633 2707 1837 2740 distinction

242 2749 334 2787 300).
1074 2750 1229 2782 between
1243 2750 1313 2782 this
1327 2749 1396 2781 and
1411 2750 1469 2782 the
1483 2749 1624 2790 epistola
1637 2751 1837 2784 mentioned

286 2800 317 2829 9.
344 2790 556 2831 Lachnerus]
573 2791 635 2825 See
652 2791 717 2833 Ep.
734 2801 811 2832 419.
833 2793 908 2824 1811.
1075 2793 1184 2825 below
1199 2793 1234 2832 (1.
1251 2796 1305 2833 29)
1321 2795 1356 2825 in
1371 2794 1563 2825 connexion
1578 2794 1662 2826 with
1676 2794 1837 2827 Adrian's

290 2843 339 2865 12.
365 2835 523 2875 exustos]
560 2835 624 2868 See
668 2835 759 2877 Epp.
807 2845 900 2876 1433.
948 2846 1004 2878 7n,
1074 2838 1251 2878 reception
1273 2836 1310 2868 of
1330 2837 1527 2875 Arnobius;
1563 2837 1629 2869 but
1650 2837 1715 2879 Ep.
1743 2846 1836 2879 1353.

246 2885 340 2916 1494.
359 2885 412 2917 34.
1073 2889 1114 2911 22
1120 2889 1184 2920 3—4
1213 2880 1325 2912 shows
1355 2880 1436 2913 that
1465 2880 1525 2913 the
1555 2881 1727 2913 reference
1758 2881 1837 2914 here

286 2929 340 2952 20.
366 2921 564 2962 Andrelaci]
602 2921 645 2954 In
682 2922 743 2955 the
780 2933 933 2955 summer
970 2922 1007 2955 of
1073 2924 1102 2955 is
1117 2927 1156 2956 to
1171 2923 1236 2966 Ep.
1258 2925 1351 2964 1338.

247 2970 340 3003 1521.
1118 2977 1171 3010 27.
1197 2966 1357 3006 tertium]
1375 2967 1438 3000 See
1456 2967 1521 3009 Ep.
1545 2976 1638 3010 1359.
1658 2978 1713 3000 2n.

332 3006 542 3048 decideram]
567 3009 635 3041 For
655 3009 753 3041 these
776 3020 936 3042 rumours
960 3009 1003 3041 of.
1120 3013 1172 3044 28.
1198 3010 1357 3051 Arnobii]
1371 3012 1434 3044 See
1449 3011 1538 3053 Epp.
1559 3020 1653 3052 1304,
1671 3020 1764 3051 1310.

244 3049 307 3091 Ep.
333 3059 426 3089 1342.
445 3053 542 3090 23—6.
1119 3063 1172 3093 29.
1198 3054 1359 3095 epistola]
1376 3054 1439 3095 Ep.
1463 3056 1555 3094 1338.
