2012 3370
230 126 304 164 126
694 127 950 168 LETTERS
981 128 1053 168 OF
1082 128 1348 169 ERASMUS
1699 131 1821 180 [1522

224 235 325 267 made
338 237 572 269 considerable
586 238 762 269 revisions.
790 238 826 269 F.
840 238 936 275 Gess,
951 238 976 269 A
985 238 1060 269 lstcn
1071 248 1103 269 u.
1117 236 1227 278 Brt‘efe
1240 248 1267 269 z.
1282 238 1315 270 K
1321 237 1554 278 irchenpolitilc
1565 239 1693 279 Herzog}
1704 239 1823 279 Georqg

222 290 282 310 von
301 280 460 315 Sachecn,
475 282 494 311 i.
522 290 615 321 1005,
634 292 691 322 pp.
707 290 826 322 3525,
840 292 910 313 was
921 281 981 313 the
994 282 1069 312 first
1083 284 1119 312 to
1132 291 1191 312 use
1204 281 1263 312 the
1276 281 1432 313 Dresden
1449 281 1518 314 MS.
1536 282 1572 314 in
1584 283 1740 323 printing
1753 282 1823 314 this

221 322 336 360 letter,
363 324 492 365 having
517 325 727 366 apparently
754 325 854 356 made
881 336 901 356 a
918 325 1083 356 collation
1109 325 1195 356 with
1213 325 1281 356 LB.
1299 337 1307 363 ;
1335 325 1399 356 but
1416 325 1458 356 he
1476 326 1580 356 omits
1595 336 1690 357 some
1711 327 1746 357 of
1762 326 1822 357 the

221 367 387 398 variants.
434 368 449 398 Ι
468 368 555 399 have
572 368 727 409 adopted
743 368 802 399 the
820 372 897 399 text
914 369 948 400 of
967 381 999 406 (ι,
1016 368 1127 399 which
1143 369 1178 399 in
1194 369 1285 409 spite
1302 369 1337 400 of
1354 369 1413 400 the
1429 369 1542 409 lapses
1559 370 1593 400 of
1609 369 1669 401 the
1685 370 1823 411 copyist

220 420 329 441 seems
352 421 445 441 more
466 416 610 449 correct,
632 412 697 443 but
718 412 807 443 have
828 412 987 443 followed
1010 412 1069 443 the
1090 412 1235 453 spelling
1257 413 1292 443 of
1313 414 1347 450 β,
1369 423 1407 444 as
1428 412 1529 453 being
1549 413 1703 454 original.

266 454 440 485 Erasmus'
461 465 536 486 new
554 455 679 486 refusal
699 459 736 487 to
758 456 855 486 write
873 456 1011 496 against
1030 456 1161 486 Luther
1179 456 1235 495 (cf.
1255 456 1319 497 Ep.
1349 466 1442 497 1217.
1474 458 1535 495 138
1556 459 1644 497 scq.)
1669 467 1751 498 may
1779 456 1821 488 be

219 497 420 529 contrastcd
432 498 517 529 with
531 499 585 539 Ep
614 508 706 540 1275.
750 499 821 530 The
841 499 1022 541 year-date
1039 500 1068 530 is
1086 498 1295 541 sufficiently
1313 500 1502 531 confirmed
1521 499 1569 542 by
1587 500 1646 532 the
1665 500 1821 532 mention

220 541 255 571 of
272 541 394 582 Henry
411 542 506 573 vnl's
526 541 645 581 book]

272 599 314 639 S.
338 599 400 647 P.,
424 601 703 641 illustrissime
726 602 939 654 Princeps.
992 601 1305 642 Periucundum
1329 602 1484 642 accidit
1506 603 1622 654 quod
1645 616 1712 642 me
1735 604 1821 642 tuis

216 654 531 694 humanissimis
547 656 679 695 literis
697 657 752 695 sis
770 656 982 708 dignatus,
1003 670 1135 708 quum
1153 670 1229 708 ego
1247 661 1337 696 tam
1355 657 1544 708 neglecte
1562 658 1819 708 scripsissem

216 708 457 748 celsitudini
487 714 600 757 tuae,
632 712 832 750 nimirum
863 712 1214 762 occupatissimus
1245 725 1293 750 ac
1324 717 1543 762 praeterea
1574 712 1820 751 valetudine

216 762 407 802 aduersa.
463 764 555 803 Hoc
581 766 692 804 orbis
717 766 1116 816 periculosissimum
1141 766 1361 804 dissidium
1386 766 1606 817 displicere
1629 767 1710 806 tibi
1734 779 1819 806 non

181 831 196 864 ς
216 822 281 856 cst
317 819 470 857 mirum
492 833 500 866 ;
553 820 621 858 cui
656 821 768 859 enim
804 834 891 859 non
926 820 1161 872 displiceat,
1199 821 1273 871 qui
1309 821 1365 859 sit
1401 822 1542 859 animo
1579 821 1819 860 Christiano

216 871 470 922 praeditus?
532 874 674 925 Atque
706 876 872 914 vtinam
904 875 971 914 hic
1004 876 1113 914 veris
1144 875 1296 914 studiis
1328 875 1562 926 aduigilent
1593 876 1815 927 principes,

216 931 264 965 vt
294 930 466 966 tantum
497 928 656 967 malum
687 930 891 980 sopiatur,
923 934 967 968 et
995 930 1058 968 ita
1087 930 1280 980 sopiatur
1303 934 1352 968 vt
1375 942 1461 967 non
1491 929 1815 980 repullulascat!

214 980 326 1020 Nam
366 983 473 1021 vtris
512 983 569 1021 sit
607 984 923 1034 imputandum,
964 983 1144 1022 fortasse
1183 984 1268 1022 iam
1308 996 1449 1021 serum
1488 984 1545 1022 sit
1583 984 1815 1035 disputare.

214 1034 438 1083 Lutherus,
462 1037 577 1088 quod
600 1038 743 1088 negari
763 1051 849 1076 non
870 1041 1027 1089 potest,
1051 1038 1258 1088 optimam
1280 1036 1471 1076 fabulam
1494 1042 1750 1089 susceperat,
1774 1043 1815 1078 et

158 1103 197 1127 10
213 1089 369 1129 Christi
392 1103 498 1141 pene
522 1091 671 1130 aboliti
694 1092 916 1143 negocium
939 1105 1105 1130 summo
1130 1105 1226 1130 cum
1250 1091 1363 1130 orbis
1387 1091 1596 1142 applausu
1620 1097 1818 1144 coeperat

212 1156 347 1194 agere.
400 1145 482 1184 Sed
505 1146 671 1184 vtinam
694 1159 783 1185 rem
806 1150 976 1185 tantam
999 1146 1263 1198 grauioribus
1287 1159 1336 1184 ac
1359 1146 1641 1186 sedatioribus
1663 1147 1818 1198 egisset

212 1198 409 1245 consiliis,
448 1200 692 1251 maioreque
729 1214 824 1239 cum
860 1201 991 1239 animi
1028 1200 1265 1251 calamique
1309 1200 1624 1240 moderatione!
1672 1201 1816 1252 Atque

212 1253 378 1291 vtinam
402 1254 446 1292 in
470 1255 637 1305 scriptis
662 1254 772 1294 illius
797 1268 883 1294 non
907 1259 1048 1294 essent
1071 1259 1162 1294 tam
1188 1254 1325 1294 multa
1349 1255 1474 1302 bona,
1501 1259 1578 1294 aut
1602 1268 1680 1294 sua
1704 1256 1817 1295 bona

210 1319 296 1345 non
320 1307 519 1347 viciasset
544 1309 665 1348 malis
690 1309 806 1348 haud
830 1309 1014 1349 ferendis
1033 1309 1040 1348 !
1095 1310 1153 1348 Et
1177 1314 1324 1348 tamen
1348 1310 1415 1348 hic
1440 1310 1611 1361 grauius
1635 1315 1817 1361 peccant

154 1375 190 1409 15
211 1360 444 1401 Lutherani
469 1363 645 1413 quidam
670 1377 801 1415 quam
825 1365 915 1415 ipse
940 1364 1166 1403 Luthcrus.
1220 1364 1345 1403 Nunc
1370 1364 1573 1415 quoniam
1599 1365 1815 1404 atrocibus

208 1415 316 1455 odiis
337 1429 403 1455 res
425 1418 624 1468 vtrinque
646 1419 818 1469 geritur,
841 1418 1074 1469 periculum
1097 1423 1162 1458 est
1183 1431 1235 1457 ne
1257 1431 1457 1470 oppresso
1479 1418 1666 1458 Luthero
1689 1419 1814 1458 simul

208 1475 385 1520 pereant
408 1475 477 1510 tot
501 1471 626 1518 bona,
653 1485 762 1523 quae
786 1473 917 1511 nolim
943 1473 1100 1512 aboleri
1121 1486 1129 1511 t
1170 1477 1264 1512 tum
1289 1477 1434 1512 autem
1458 1486 1511 1512 ne
1535 1486 1633 1524 pars
1657 1474 1814 1512 victrix

206 1524 384 1564 inuehat
402 1525 524 1564 nobis
542 1527 754 1577 quaedam
773 1541 882 1578 quae
901 1527 1005 1566 nulli
1023 1527 1238 1567 Christum
1257 1531 1450 1566 amantes
1468 1527 1576 1566 ferre
1594 1531 1812 1579 poterunt,

207 1591 402 1630 quaeque
419 1593 587 1619 cessura
600 1581 828 1620 videantur
844 1582 889 1620 in
906 1595 1033 1633 graue
1051 1581 1356 1621 detrimentum
1374 1581 1530 1634 gloriae
1548 1582 1812 1621 Christianae

146 1647 191 1671 20
205 1637 250 1671 et
271 1633 553 1685 Euangelicae
573 1636 856 1684 synceritatis.

262 1687 433 1726 Etenim
463 1689 497 1727 si
526 1689 656 1728 libere
683 1690 800 1742 loqui
827 1689 891 1729 fas
921 1694 987 1729 est
1016 1689 1132 1742 apud
1160 1689 1400 1742 Principem
1429 1703 1516 1730 non
1545 1690 1686 1730 minus
1714 1703 1810 1742 pru-

206 1740 379 1781 dentem
405 1756 535 1793 quam
561 1744 810 1791 humanum,
832 1744 1017 1784 mundus
1041 1744 1328 1784 indormiebat
1353 1745 1623 1796 opinionibus
1649 1745 1810 1785 schola-

205 1796 336 1843 sticis,
379 1798 770 1838 constitutiunculis
812 1799 1023 1846 humanis,
1065 1812 1142 1838 nec
1184 1799 1301 1838 aliud
1341 1799 1546 1838 audiebat
1585 1813 1716 1851 quam
1757 1800 1810 1839 de

205 1850 494 1903 indulgentiis,
526 1852 578 1892 de
607 1854 1000 1904 compositionibus,
1031 1853 1083 1893 de
1109 1857 1325 1905 potestate
1356 1852 1576 1893 Pontifieis
1608 1854 1807 1894 Romani.

145 1920 184 1953 25
205 1904 324 1944 Haec
357 1907 488 1945 etiam
522 1907 556 1945 si
590 1912 731 1947 essent
769 1908 1040 1947 indubitatae
1074 1908 1282 1954 veritatis,
1317 1912 1465 1947 tamen
1500 1921 1587 1947 non
1624 1909 1808 1948 multum

203 1958 369 1999 faciunt
390 1960 445 1999 ad
467 1961 770 2013 Euangelicum
792 1963 994 2014 vigorem,
1016 1976 1103 2001 non
1123 1963 1318 2001 animant
1338 1976 1414 2001 nos
1436 1962 1492 2001 ad
1512 1967 1808 2014 contemptum

204 2012 329 2053 huius
352 2015 514 2062 mundi,
538 2029 625 2055 non
648 2017 888 2056 accendunt
911 2017 965 2056 ad
989 2030 1175 2056 amorem
1198 2030 1338 2056 rerum
1362 2017 1620 2056 coelestium.
1673 2018 1807 2069 Atqui

203 2067 306 2107 haec
338 2069 606 2119 potissimum
639 2075 740 2109 sunt
769 2071 1035 2110 inculcanda.
1096 2071 1194 2110 Non
1224 2075 1290 2110 est
1320 2071 1557 2122 spernenda
1587 2071 1806 2111 Pontificis

202 2123 425 2169 autoritas,
461 2124 535 2162 sed
567 2125 611 2163 in
646 2138 779 2163 vnum
813 2125 1028 2165 Christum
1062 2126 1199 2164 omnis
1233 2130 1298 2165 est
1331 2125 1626 2165 transferenda
1660 2126 1804 2178 gloria.

142 2191 185 2223 30
202 2175 345 2227 Atque
368 2177 434 2216 his
457 2178 677 2228 praesidiis
701 2179 938 2231 regnabant
962 2179 1151 2231 quidam,
1178 2180 1252 2231 qui
1275 2193 1362 2219 non
1385 2184 1598 2231 quaerunt
1623 2193 1672 2219 ea
1696 2194 1806 2231 quae

201 2234 303 2269 sunt
325 2230 422 2270 Iesu
445 2232 614 2279 Christi,
634 2233 709 2272 sed
729 2246 826 2272 cum
848 2233 1053 2280 Demade,
1077 2247 1205 2285 quem
1228 2238 1354 2273 notat
1375 2234 1607 2285 Apostolus
1629 2234 1801 2281 Paulus,

199 2283 384 2336 diligunt
392 2286 471 2325 hoc
484 2287 685 2326 seculum.
707 2287 775 2326 Ab
787 2288 867 2327 hoc
880 2301 1028 2327 somno
1041 2301 1211 2339 prorsus
1224 2292 1317 2327 erat
1329 2288 1728 2340 expergefaciendus
1742 2302 1804 2327 or-

199 2338 277 2385 bis,
291 2343 336 2379 et
348 2340 532 2380 scintilla
543 2342 698 2393 vigoris
712 2342 954 2394 Euangelici
970 2342 1274 2382 resuscitanda.
1306 2342 1389 2382 Sed
1402 2343 1569 2382 vtinam
1582 2342 1627 2381 id
1639 2342 1803 2382 factum

196 2397 309 2433 esset
326 2407 377 2433 ea
396 2396 723 2436 mansuetudine
742 2409 940 2448 curaque,
961 2410 1047 2448 qua
1066 2397 1266 2436 decuerat
1285 2397 1353 2448 agi
1371 2397 1592 2448 negocium
1613 2398 1802 2437 omnium

138 2463 176 2495 35
196 2448 536 2488 sanctissimum!
578 2450 909 2491 Admiscuerunt
933 2465 977 2490 se
1003 2451 1101 2490 huic
1127 2452 1300 2503 negocio
1329 2451 1527 2490 monachi
1552 2451 1728 2502 quidam
1753 2465 1802 2491 ac

196 2501 382 2554 theologi
411 2503 695 2551 monachales,
728 2506 802 2557 qui
830 2505 987 2552 stultis,
1017 2505 1200 2545 indoctis
1230 2518 1279 2544 ac
1308 2505 1518 2545 seditiosis
1547 2506 1803 2545 clamoribus

196 2555 357 2595 malum
374 2557 454 2597 hoe
471 2559 758 2610 exagitarunt,
777 2564 822 2599 et
838 2573 891 2599 ex
908 2560 1021 2599 malo
1038 2561 1282 2612 pessimum,
1301 2573 1354 2599 ex
1371 2560 1546 2599 minimo
1565 2561 1800 2600 maximum

195 2610 485 2651 reddiderunt.
552 2613 665 2652 Nam
702 2614 825 2653 initio
863 2615 969 2652 nihil
1006 2615 1329 2665 periclitabatur
1366 2618 1535 2665 praeter
1573 2619 1799 2666 quaestum

243 2691 269 2713 1.
297 2682 328 2714 S.
348 2683 385 2714 P.
403 2696 422 2713 α
438 2695 445 2715 :
484 2693 649 2716 ERASMVS
666 2693 745 2716 ROT.
764 2693 925 2717 GEORGIO
943 2694 1030 2717 DVCI
1046 2694 1232 2717 saonIAE
1249 2694 1276 2717 s.
1296 2695 1330 2716 D.
1349 2686 1395 2717 H.
1550 2693 1579 2725 5.
1605 2698 1624 2715 a
1640 2686 1699 2717 H:
1733 2686 1799 2717 dis-

195 2724 300 2765 plicet
313 2728 346 2759 3.
468 2726 501 2759 6.
527 2730 549 2761 β
565 2740 573 2759 :
600 2728 655 2759 hic
670 2729 807 2760 vtinam
820 2741 850 2760 α.
989 2738 1019 2769 7.
1046 2731 1078 2758 0²
1093 2741 1101 2760 z
1129 2729 1373 2770 repullulescat
1386 2731 1428 2760 αὶ.
1569 2737 1581 2759 1
1594 2737 1621 2760 1.
1648 2739 1688 2761 ac
1702 2729 1799 2761 seda-

193 2768 340 2800 tioribus
359 2770 434 2802 add.
456 2771 502 2802 H.
796 2779 847 2810 14.
873 2782 944 2804 non
964 2773 1037 2805 add.
1059 2775 1092 2806 [3.
1388 2780 1439 2812 15.
1465 2774 1512 2806 B:
1545 2772 1749 2804 Lutheriani
1766 2785 1797 2806 α.

198 2811 250 2842 18.
276 2812 361 2843 nulli
380 2815 434 2845 (1²2
467 2814 602 2846 nullum
621 2817 663 2846 α’.
920 2823 975 2855 23.
1001 2815 1324 2848 constitutiunculis
1348 2827 1387 2848 a:
1419 2815 1730 2848 constitutionibus
1750 2816 1796 2848 H.

195 2861 249 2891 29.
276 2858 329 2886 est
348 2856 422 2888 add.
443 2859 475 2890 Β.
806 2867 857 2898 30.
884 2859 937 2891 his
955 2862 999 2893 6:
1032 2860 1098 2891 hiis
1114 2872 1144 2891 α.
1497 2867 1550 2898 34.
1576 2869 1618 2891 ea
1634 2861 1680 2893 B:
1711 2862 1748 2891 et
1765 2872 1795 2892 a.

196 2896 249 2936 36.
276 2900 496 2931 monachales
514 2913 533 2930 α
549 2913 556 2933 :
583 2902 731 2933 monach
748 2904 783 2940 Β,
800 2903 853 2934 vbi
868 2904 976 2935 lacera
993 2907 1039 2935 est
1054 2904 1167 2935 charta
1184 2902 1222 2935 in
1232 2903 1303 2944 fine
1320 2913 1432 2934 versus
1447 2915 1454 2934 :
1485 2913 1610 2944 parum
1626 2902 1733 2934 sobrii
1748 2903 1794 2935 Η.

240 2984 271 3008 2.
297 2977 523 3018 scripsissem]
548 2979 612 3020 Ep.
642 2983 735 3020 1283.
1077 2981 1129 3021 36.
1156 2981 1390 3020 monachales]
1424 2982 1491 3013 For
1524 2981 1594 3013 this
1626 2981 1715 3013 form
1751 2981 1794 3014 cf.

241 3028 294 3060 31.
321 3020 465 3061 Paulus]
481 3031 499 3053 2
518 3021 604 3053 Tim.
623 3034 655 3064 4.
678 3033 728 3056 10.
1031 3024 1095 3067 Ep.
1117 3028 1210 3066 1183.
1233 3035 1304 3058 122.
