2012 3370
171 124 293 175 1448]
473 124 632 164 FROM
660 124 825 163 DUKE
855 123 1088 163 GEORGE
1120 124 1191 164 OF
1220 124 1455 164 SAXONY
1681 125 1760 162 459

169 246 194 272 a
217 233 402 273 factione
428 233 670 272 Lutherana
694 233 750 271 sit
774 233 947 285 integer,
975 247 1071 273 eum
1097 235 1220 286 cupio
1246 234 1301 273 ad
1326 247 1393 273 me
1418 234 1565 273 mittas
1586 247 1594 272 ι
1635 233 1759 272 faties

169 288 281 327 enim
298 289 343 328 in
361 288 440 328 hoc
458 287 579 327 nobis
597 300 685 326 rem
704 291 882 338 gratam,
904 292 948 326 et
964 287 1025 327 illi
1043 301 1129 328 non
1147 289 1434 340 penitendam.

224 342 337 381 Bene
360 342 452 381 vale
473 342 538 380 Ex
560 340 779 380 Dresdenn
800 352 882 380 XXI
901 342 1002 381 Maii
1022 342 1060 381 A
1081 342 1246 382 Christo
1267 343 1396 382 Nato.
1416 354 1462 381 M.
1479 352 1684 380 D.XX1111.

581 489 702 527 1449.
766 485 906 528 FROM
938 486 1141 527 CHILIAN
1174 486 1349 528 Pmms.

215 586 367 621 Breslau
384 584 458 621 MS.
478 585 597 620 Rehd.
616 595 635 619 2
641 594 696 629 54.
720 596 757 618 12
764 594 795 628 5.
1448 584 1705 620 Schlettstadt.

211 643 304 679 EE‘2.
322 654 378 688 27.
1442 654 1485 686 27
1505 643 1593 689 May
1614 652 1714 687 1524.

213 732 282 773 [An
303 732 447 775 original
466 732 578 769 letter,
600 732 796 774 autograph
816 732 1044 774 throughout.
1088 732 1161 765 The
1181 743 1243 765 ms.
1262 732 1443 773 year—date
1458 733 1600 765 accords
1616 732 1762 773 entirely

166 776 252 808 with
268 776 328 808 the
344 780 515 809 contents.
562 776 630 808 For
646 776 754 808 Praus
767 786 822 808 see
838 776 902 817 Ep.
922 785 1015 814 1279.
1038 785 1111 808 1011.
1159 776 1196 808 It
1210 777 1239 808 is
1255 776 1399 808 evident
1414 776 1495 809 that
1510 777 1676 808 Erasmus
1689 776 1759 808 had

166 820 349 861 suspected
366 820 448 858 him,
465 830 504 852 as
519 819 592 852 also
609 819 733 861 Capito
750 819 807 859 (cf.
833 818 898 861 Ep.
928 828 1020 860 1437.
1047 822 1207 860 90-101),
1229 820 1266 851 of
1284 819 1458 862 revealing
1481 823 1520 852 to
1543 819 1759 861 Eppendorff

167 863 224 901 (cf.
250 863 339 905 Epp.
367 872 461 901 1122,
490 865 573 903 1448
603 863 772 903 introdd.)
798 863 858 895 the
888 863 1098 905 complaints
1120 863 1202 895 that
1224 863 1391 895 Erasmus
1422 873 1492 895 was
1514 873 1593 895 now
1617 863 1759 905 making

167 907 324 949 covertly
339 907 478 949 against
495 906 663 939 Hutten's
683 905 692 918 ‘
706 906 868 949 knightly
882 906 890 919 ’
909 907 1121 949 supportem]

221 993 262 1034 S.
318 994 412 1033 Etsi
439 993 658 1033 humilitas
687 1006 781 1032 mea
808 993 888 1033 hoc
920 993 1090 1033 honoris
1123 993 1307 1033 debebat
1340 993 1613 1033 excellentiae
1645 997 1759 1039 tuae,

169 1049 232 1087 vti
255 1048 381 1087 nullis
405 1049 508 1087 meis
531 1048 663 1087 literis
686 1048 766 1087 tibi
790 1047 992 1087 molestus
1016 1061 1162 1095 essem,
1190 1048 1377 1095 Erasme,
1402 1052 1548 1087 tamen
1572 1048 1673 1099 quia
1695 1060 1761 1086 res

168 1107 260 1142 erat
282 1115 391 1153 quae
413 1102 591 1142 scribere
614 1102 682 1142 vel
703 1103 889 1141 inuitum
913 1102 1103 1154 cogebat,
1129 1103 1245 1142 victa
1266 1103 1518 1142 necessitate
1542 1101 1760 1141 humilitas

166 1161 242 1195 est.
311 1157 489 1196 Necesse
527 1158 640 1195 enim
679 1157 782 1195 mihi
821 1160 886 1196 est
925 1157 1134 1208 meipsum
1145 1156 1352 1210 {purgare
1390 1156 1483 1203 tibi,
1525 1157 1760 1208 suspicione

166 1210 357 1250 fortassis
386 1211 651 1262 proditarum
682 1224 756 1262 per
785 1224 852 1250 me
882 1211 1150 1262 quarundam
1178 1211 1397 1250 literarum
1427 1215 1599 1250 tuarum
1628 1211 1760 1249 nimio

166 1265 261 1316 plus
285 1265 509 1305 laboranti.
563 1265 674 1304 Nam
699 1266 779 1304 etsi
803 1265 916 1304 idem
941 1266 1180 1317 suspicatus
1204 1266 1270 1304 vir
1293 1265 1668 1315 eruditiss<imus>,
1695 1264 1757 1303 Io.

167 1319 360 1370 Sapidus,
386 1321 702 1358 excusationem
728 1333 866 1358 meam
891 1321 1067 1371 accepit,
1094 1333 1221 1371 seque
1244 1320 1334 1370 ipse
1357 1319 1438 1358 tibi
1462 1320 1520 1358 sic
1545 1319 1758 1370 purgauit,

168 1375 327 1424 opinor,
356 1375 420 1412 vti
446 1387 499 1412 ne
518 1373 742 1425 depulsum
767 1387 793 1412 a
818 1387 862 1413 se
888 1375 1045 1413 crimen
1069 1375 1114 1413 in
1140 1387 1206 1412 me
1232 1374 1433 1420 reiiceret,
1461 1378 1607 1412 tamen
1633 1377 1682 1411 vt
1707 1386 1760 1411 ne

167 1428 222 1467 ob
246 1427 536 1479 praedicatam
561 1428 615 1466 ab
641 1441 690 1467 eo
714 1427 1049 1467 familiaritatem
1075 1441 1184 1480 quae
1209 1428 1312 1467 mihi
1337 1441 1434 1467 cum
1460 1427 1761 1479 Ephendorpio

166 1481 456 1529 intercederet,
501 1481 569 1521 vel
611 1482 830 1521 tantillum
873 1482 1163 1522 huiuscemodi
1206 1483 1453 1533 suspicionis
1496 1481 1674 1533 posthac
1716 1482 1760 1520 in

166 1537 310 1575 animo
323 1540 399 1575 tuo
418 1536 597 1575 residere
617 1541 760 1587 queat,
782 1536 1011 1576 scribendis
1030 1537 1085 1575 ad
1106 1541 1149 1576 te
1169 1537 1281 1576 hisce
1299 1536 1431 1576 literis
1450 1535 1759 1587 prouidendum

167 1591 330 1641 putaui.

224 1645 282 1684 Et
298 1645 564 1684 familiaritas
582 1645 753 1696 quidem
771 1647 859 1685 siue
877 1646 1068 1685 amicicia
1085 1646 1187 1684 mihi
1206 1659 1302 1684 cum
1321 1645 1621 1697 Ephendorpio
1638 1648 1763 1684 tanta

167 1712 387 1750 nunquam
409 1699 492 1738 fuit
513 1704 575 1746 vt,
598 1701 633 1738 si
654 1699 762 1739 forte
784 1699 957 1739 fortuna
977 1701 1020 1739 in
1043 1700 1206 1751 aliquas
1226 1699 1465 1739 incidissem
1485 1699 1628 1738 literas
1649 1703 1760 1744 tuas,

167 1767 276 1805 quae
302 1753 354 1792 de
381 1753 680 1805 Ephendorpio
706 1754 867 1805 aliquid
893 1754 1100 1794 haberent
1126 1754 1241 1805 quod
1267 1754 1514 1805 euulgatum
1540 1758 1589 1792 tu
1615 1753 1760 1799 nolles,

168 1808 211 1846 id
229 1821 304 1859 ego
323 1808 383 1847 illi
402 1809 603 1847 continuo
621 1808 854 1859 proderem.
903 1808 973 1847 Ita
991 1821 1065 1859 per
1084 1808 1297 1848 Christum
1317 1808 1419 1847 mihi
1438 1820 1585 1846 verum
1604 1807 1761 1846 dicenti

168 1862 294 1901 fidem
320 1862 477 1901 habeas
503 1862 643 1909 velim,
674 1863 860 1901 Erasme.
917 1862 1014 1902 Non
1039 1863 1144 1901 illud
1171 1863 1493 1908 committerem,
1521 1875 1607 1902 non
1633 1863 1691 1900 sic
1718 1866 1760 1899 te

169 1921 494 1964 contemnerem,
516 1930 603 1956 non
623 1918 737 1956 tanti
756 1917 937 1956 facerem
960 1917 1249 1968 Ephendorpii
1269 1916 1616 1956 familiaritatem.
1668 1916 1760 1954 Iam

170 1971 352 2010 breuiter
380 1971 499 2010 vides
528 1985 593 2010 me
622 1971 816 2018 noluisse,
847 1972 1014 2011 etiamsi
1041 1972 1286 2022 potuissem.
1347 1971 1458 2018 Quid
1486 1972 1522 2010 si
1553 1984 1605 2009 ne
1639 1971 1760 2021 potui

168 2026 339 2076 quidem
360 2025 610 2077 patefacere,
634 2026 749 2077 quod
770 2026 824 2065 ad
844 2026 960 2065 1110111
981 2026 1205 2077 epistolam
1226 2027 1468 2077 pertineret,
1492 2026 1720 2077 quicquam
1742 2029 1758 2062 ζ’
1782 2039 1799 2061 2

169 2080 373 2127 Quamuis
402 2081 514 2119 enim
545 2093 699 2132 magna
727 2080 894 2127 fiducia,
927 2093 1081 2131 magna
1109 2080 1307 2119 libertate
1337 2079 1515 2119 subinde
1545 2092 1687 2118 versor
1716 2080 1759 2117 in

167 2134 343 2173 aedibus
363 2134 521 2185 sapidi,
542 2139 586 2173 et
604 2134 720 2173 libris
738 2135 849 2173 illius
869 2138 966 2174 vtor
985 2135 1157 2185 perinde
1177 2139 1227 2174 vt
1246 2135 1363 2180 meis,
1384 2134 1499 2186 quod
1519 2133 1575 2172 ad
1594 2134 1673 2172 hoc
1694 2146 1760 2171 me

168 2201 232 2227 ur
246 2189 327 2236 ille
345 2202 430 2239 qua
445 2193 510 2228 est
526 2189 805 2236 humanitate,
824 2189 935 2228 v·lt10
950 2190 1120 2229 inuitat.
1138 2202 1359 2240 nunquam
1375 2193 1520 2227 tamen
1535 2188 1759 2250 epistolam

168 2243 297 2281 vllam
329 2256 354 2281 a
386 2247 429 2282 te
462 2244 633 2282 missam
664 2244 723 2282 sic
754 2245 888 2283 iacere
919 2243 1155 2295 neglectam
1187 2243 1302 2295 apud
1332 2243 1452 2282 illum
1483 2243 1661 2293 lepperi,
1699 2243 1760 2280 vti

166 2297 300 2349 legere
330 2297 567 2337 clanculum
596 2298 712 2338 1110111
741 2302 786 2337 et
814 2298 911 2337 inde
941 2298 1102 2350 aliquid
1131 2298 1327 2337 suffuraii
1358 2297 1425 2336 vel
1455 2297 1558 2336 mihi
1588 2296 1657 2335 vel
1686 2295 1760 2334 vlli
1783 2305 1800 2327 2

168 2352 387 2391 hominum
416 2356 600 2392 vacaret.
659 2352 771 2404 Legi,
800 2352 950 2399 fateor,
980 2352 1123 2391 literas
1152 2352 1208 2391 ad
1236 2352 1441 2403 Sapidum
1470 2356 1580 2397 tuas,
1611 2363 1759 2389 verum

167 2419 300 2457 quum
333 2406 426 2445 illas
461 2420 569 2458 quae
603 2407 707 2446 nihil
741 2407 793 2446 de
829 2407 1129 2459 Ephendorpio
1163 2407 1448 2458 loquerentur,
1485 2382 1601 2456 quo'd
1635 2405 1714 2443 scir
1716 2408 1760 2442 et

168 2460 348 2512 Sapidus
374 2473 441 2500 me
466 2461 644 2501 lectione
670 2465 842 2501 tuarum
867 2462 1085 2500 literarum
1112 2461 1284 2500 mirifice
1311 2460 1523 2506 delectari,
1551 2459 1605 2498 ob
1630 2458 1758 2509 idque

166 2514 259 2553 illas
287 2528 452 2554 mecum
480 2515 659 2555 libenter
687 2517 1030 2563 communicaret,
1061 2520 1155 2555 tum
1183 2528 1253 2554 eas
1281 2515 1504 2566 praecipue
1532 2514 1576 2552 in
1605 2513 1758 2563 quibus

1783 1217 1797 1250 5

1784 1490 1824 1512 10

1786 1761 1821 1793 15

169 2568 221 2607 de
235 2569 405 2620 prodita
419 2570 596 2621 epistola
611 2583 661 2609 ea
676 2583 805 2621 quam
820 2574 1027 2621 perpetuo
1041 2570 1252 2621 sepultam
1267 2569 1482 2615 voluisses,
1500 2580 1596 2606 cum
1612 2566 1759 2605 eodem
1783 2576 1825 2607 30

170 2622 326 2673 Sapido
343 2624 650 2675 expostulasti3
683 2624 838 2664 idcirco
855 2624 970 2676 quod
985 2624 1091 2663 illud
1104 2637 1197 2663 mea
1209 2625 1340 2663 etiam
1352 2623 1504 2662 referre
1520 2621 1760 2666 videbatur,

170 2690 302 2728 quum
318 2678 601 2728 suspicaretur
615 2678 796 2730 Sapidus
812 2691 879 2717 me
893 2678 1005 2718 forte
1019 2679 1257 2730 repertam
1246 2691 1290 2717 111
1306 2678 1467 2717 scriniis
1482 2677 1568 2715 suis
1583 2675 1761 2714 eandem

169 2731 392 2782 epistolam
427 2730 576 2771 furtim
610 2732 757 2783 legisse
793 2745 843 2772 ac
878 2732 976 2772 inde
1012 2732 1173 2783 aliquid
1209 2731 1409 2771 detulisse
1446 2730 1759 2782 Ephendorpio.

170 2785 363 2825 Satisfeci
402 2789 505 2825 tunc
546 2786 715 2837 Sapido,
756 2787 953 2838 idemque
993 2787 1309 2825 excusationem
1351 2798 1502 2832 meam,
1545 2789 1594 2823 vt
1635 2796 1761 2835 supra

171 2840 350 2887 ostendi,
379 2841 543 2891 accepit
569 2840 683 2879 haud
710 2845 898 2892 grauate.
954 2841 1144 2892 Accipies
1171 2845 1215 2879 et
1241 2844 1303 2887 tu,
1334 2840 1520 2887 Erasme,
1549 2852 1598 2878 ac
1626 2838 1763 2878 modis

614 2945 706 2977 1448.
732 2944 785 2975 68.
811 2943 958 2976 Dressen
976 2942 1040 2976 0¹:
1070 2943 1226 2976 Dresden
1245 2943 1314 2977 LB.

489 3022 581 3054 1440.
610 3021 660 3051 26.
687 3019 821 3060 literas]
846 3019 990 3052 Ncitlxcr
1007 3020 1042 3051 of
1059 3020 1156 3052 these
1173 3024 1243 3052 two
1259 3021 1287 3050 ia
1304 3024 1440 3052 extant.

1785 2848 1824 2881 35
