2012 3370
260 135 338 172 428
734 132 987 172 LETTERS
1018 132 1090 173 oF
1119 133 1382 174 ERASMUS
1733 136 1857 186 [1524

262 244 340 284 hoc
380 246 577 296 agebant,
620 249 668 283 vt
707 258 782 283 nos
822 245 965 296 aliquo
1004 247 1304 296 protruderent
1341 248 1385 286 in
1425 248 1756 286 monasterium·
1748 279 1757 295 ,
1813 252 1858 287 et

261 299 439 338 fortasse
471 300 713 338 iudicarunt
744 313 786 337 se
819 300 1069 339 sacrificium
1101 302 1203 340 mire
1234 306 1403 354 gratum
1436 301 1654 340 oblaturos
1685 301 1788 350 Deo,
1822 303 1857 342 si

261 353 459 392 fecissent
501 354 607 392 duos
650 353 898 405 proselytas.
972 354 1066 394 Hoc
1108 333 1259 407 igiturt>
1280 356 1453 395 consilio
1495 355 1617 394 nobis
1664 361 1857 396 emerunt

265 420 451 446 1nensa1n
494 411 539 446 ct
580 412 743 446 tectum
786 408 901 459 apud
944 408 1114 449 Fratres
1156 423 1262 461 quos
1305 414 1463 449 vocant
1506 409 1854 450 Collationarios:

204 476 245 507 30
263 462 377 513 apud
392 461 468 500 hos
488 462 600 500 enim
615 461 827 524 frangitur
840 462 1002 502 indoles
1016 476 1255 514 puerorum,
1272 469 1317 503 et
1332 464 1398 503 hic
1414 463 1610 503 monachi
1624 463 1858 516 gloriantur

262 529 304 554 00
330 515 521 567 colligere
546 517 770 555 seminaria
794 529 895 555 suae
919 519 1069 569 gentis,
1096 518 1281 570 alioquin
1307 518 1662 557 intermoriturae.
1717 518 1857 566 Quum

262 569 317 608 ab
339 570 404 609 his
426 583 670 632 paraiemus
692 570 872 618 abitum,
896 572 1147 612 sollicitatus
1169 586 1263 612 sum
1286 577 1335 612 vt
1357 572 1504 623 apud
1493 585 1607 624 ipsos
1629 585 1856 612 manerem.

263 624 479 676 Respondi
504 626 549 664 in
575 629 718 664 aetate
744 638 830 665 non
856 625 935 665 sibi
961 630 1065 666 nota
1092 640 1159 666 me
1184 627 1289 666 nihil
1316 627 1423 666 velle
1450 630 1638 666 statuere
1664 627 1717 666 de
1742 628 1858 667 vitae

262 691 423 729 genere.
471 679 552 718 Vbi
570 679 850 719 redissemus
840 694 884 719 111
903 682 1100 732 patriam,
1120 694 1263 720 rursus
1276 681 1391 732 apud
1406 681 1513 720 tales
1528 681 1650 720 nobis
1665 686 1860 721 emerunt

203 747 241 780 35
262 746 464 772 mensam.
532 733 623 785 Ego
660 735 746 773 iam
784 735 879 786 plus
917 748 1077 774 annum
1115 736 1291 774 tenebar
1329 735 1445 774 febre
1483 739 1708 786 quartana.
1777 735 1859 783 Qui

261 791 454 826 tutorum
475 792 566 827 erat
585 789 854 839 prior—nam
881 790 1032 828 tertius
1050 790 1294 841 pestilentia
1319 791 1568 841 perierat—,
1590 791 1696 830 serio
1720 791 1859 842 coepit

262 843 579 893 circumspicere
598 843 750 882 locum.
801 843 852 882 Id
873 844 946 882 vbi
966 845 1179 891 sentirem,
1201 857 1282 895 ago
1302 857 1398 883 cum
1418 844 1549 883 fratre
1570 857 1676 891 meo,
1698 845 1772 896 qui
1793 857 1859 884 me

261 901 367 935 natu
385 898 519 936 maior
534 902 626 936 erat
643 899 764 936 annis
781 898 930 945 tribus,
950 911 1053 937 num
1070 903 1180 937 esset
1197 900 1286 937 eius
1303 899 1470 945 mentis,
1489 903 1534 937 et
1549 911 1605 937 an
1618 899 1858 938 consultum

261 955 434 1001 putaret
459 951 621 990 inuolui
650 965 799 1003 genere
827 953 943 991 vitae
969 953 1083 991 vnde
1112 966 1198 991 non
1224 966 1443 1004 possemus
1469 966 1546 992 nos
1573 953 1795 1004 explicare,
1825 953 1859 992 si

200 1021 244 1050 40
262 1006 524 1056 poeniteret3
571 1019 703 1057 quum
733 1019 785 1045 ex
814 1006 1000 1056 reliquiis
1029 1007 1304 1047 haereditatis
1324 1007 1462 1046 adhuc
1491 1012 1727 1058 superesset
1744 1007 1860 1059 quod

260 1072 337 1098 nos
361 1059 526 1110 aliquot
551 1073 684 1099 annos
709 1061 753 1099 in
777 1060 929 1099 scholis
954 1065 1098 1112 posset
1123 1061 1244 1100 alere.
1300 1061 1376 1100 Ille
1395 1075 1483 1100 non
1501 1061 1798 1101 dissimulabat
1817 1075 1859 1101 se

261 1117 378 1152 metu
413 1114 550 1152 facere
585 1114 701 1165 quod
735 1114 934 1162 faciebat,
971 1128 1020 1154 ac
1054 1115 1179 1166 plane
1214 1128 1357 1154 meum
1391 1116 1571 1167 probare
1608 1116 1856 1155 consilium:

260 1171 433 1206 tantum
466 1172 516 1207 vt
549 1181 625 1238 ego
659 1169 775 1220 apud
807 1173 971 1209 tutores
1004 1169 1196 1221 loquerer
1225 1183 1301 1221 pro
1330 1174 1539 1221 Vtroque·
1532 1201 1540 1217 ‚
1590 1183 1691 1210 nam
1719 1171 1859 1222 ipsum

259 1235 346 1261 non
360 1222 527 1261 audere.
581 1223 805 1271 ‘Faciamss
828 1224 988 1275 inquio,
1014 1224 1165 1263 ‘modo
1184 1238 1237 1263 ne
1258 1229 1307 1263 tu
1334 1229 1432 1276 post
1459 1229 1630 1264 mutata
1648 1226 1860 1265 sententia

200 1291 240 1323 45
261 1276 383 1316 fallas
406 1290 485 1316 me.
493 1277 501 1292 '
554 1277 720 1317 Iurauit
743 1292 785 1317 se
809 1283 1078 1318 constantem
1100 1278 1203 1318 fore.

315 1331 474 1370 Venere
502 1335 679 1371 tutores.
736 1332 871 1372 Maior
899 1333 1037 1372 multa
1062 1333 1281 1385 praefatus
1309 1333 1362 1372 de
1390 1346 1467 1372 sua
1494 1333 1726 1385 diligentia,
1756 1347 1857 1385 quo-

261 1385 387 1424 modo
407 1398 494 1424 non
514 1387 602 1425 sine
623 1399 790 1425 summa
810 1387 1061 1427 difficultate
1082 1388 1252 1439 Vtrique
1272 1392 1468 1427 nostrum
1487 1387 1627 1427 locum
1647 1389 1858 1440 egregium

260 1440 542 1491 impetrasset,
564 1441 803 1492 gratulatus
824 1446 889 1481 est
908 1442 1030 1481 nobis
1050 1442 1102 1481 de
1122 1446 1249 1481 tanta
1267 1441 1510 1481 foelicitate.
1560 1442 1664 1494 Ego,
1686 1443 1859 1482 tametsi

260 1507 365 1545 puer
395 1495 469 1533 vix
501 1494 604 1533 dum
636 1508 824 1546 egressus
856 1509 1016 1535 annum
1048 1496 1260 1535 decimum
1292 1500 1474 1543 sextum,
1507 1496 1733 1548 respondi:
1782 1510 1859 1536 nos

203 1562 244 1595 50
261 1548 433 1599 quidem
460 1562 536 1600 pro
563 1550 705 1589 animo
733 1550 960 1602 studioque
986 1550 1047 1590 illi
1073 1551 1232 1602 gratias
1259 1563 1393 1602 agere,
1423 1551 1496 1601 qui
1522 1564 1609 1590 non
1635 1552 1773 1590 iussus
1800 1552 1858 1590 sic

260 1602 505 1642 laborasset.
552 1603 774 1643 Caeterum
790 1604 912 1644 nobis
928 1618 1014 1643 non
1029 1605 1163 1644 videri
1180 1604 1420 1644 consultum
1437 1609 1487 1644 vt
1502 1605 1858 1668 obstringeremus

260 1670 337 1695 nos
371 1657 449 1696 tali
483 1658 599 1697 vitae
633 1659 786 1709 generi,
823 1660 1071 1710 priusquam
1106 1660 1186 1710 ipsi
1220 1659 1343 1698 nobis
1378 1671 1563 1698 essemus
1598 1660 1732 1712 magis
1765 1660 1857 1699 noti

262 1711 479 1762 magisque
500 1711 602 1762 quid
624 1717 735 1751 esset
754 1712 899 1764 religio
920 1717 1189 1764 perspectum
1210 1712 1474 1752 haberemus
1525 1712 1704 1752 Interim
1724 1727 1857 1753 vnum

260 1769 391 1817 atque
422 1764 604 1804 alterum
635 1779 795 1805 annum
826 1767 1002 1806 daturos
1033 1780 1206 1819 operam
1236 1767 1426 1806 honestis
1456 1767 1621 1815 studiis,
1653 1772 1752 1819 post
1783 1781 1859 1807 suo

203 1834 217 1866 5
225 1834 240 1866 5
260 1823 451 1871 tempore
468 1819 520 1859 de
536 1821 652 1859 vitae
669 1833 818 1883 genere
835 1822 1114 1861 consulturos.
1160 1822 1242 1861 Hic
1259 1822 1325 1860 vir
1339 1821 1408 1860 ille
1425 1821 1576 1861 doctus
1593 1835 1642 1861 ac
1659 1822 1857 1873 prudens,

260 1878 311 1913 vt
337 1871 589 1922 habebatur,
619 1876 693 1926 qui
721 1875 906 1916 debebat
933 1889 1010 1916 nos
1037 1881 1196 1916 temere
1223 1888 1453 1928 propensos
1481 1876 1537 1914 ad
1556 1876 1858 1928 obligationem

260 1929 451 1968 oratione
479 1941 556 1968 sua
580 1941 790 1978 reuocare,
819 1930 1003 1970 offensus
1030 1943 1232 1982 responso
1260 1934 1352 1969 tam
1377 1943 1464 1969 non
1489 1931 1637 1982 puerili
1664 1932 1858 1982 protinus

259 1982 493 2030 incanduit,
515 1996 564 2022 ac
584 1996 651 2023 me
670 1985 845 2024 vocauit
866 1985 1121 2024 nebulonem
1140 1985 1214 2037 qui
1239 1985 1391 2047 spiritu
1411 1997 1623 2024 carerem.
1655 1986 1858 2025 minitans

261 2050 303 2075 00
336 2037 644 2077 destituturum
676 2051 767 2086 nOS,
801 2040 883 2090 ipsi
916 2053 1157 2079 emeremus
1190 2039 1303 2078 vnde
1336 2039 1588 2078 viueremus.
1653 2039 1739 2079 ‘Et
1771 2040 1856 2079 iam

200 2099 243 2129 οο
260 2091 400 2130 nunc'
430 2092 611 2142 inquit
628 2094 829 2132 renuncio
857 2093 956 2133 fidei
983 2095 1212 2134 iussionem
1239 2107 1316 2145 pro
1345 2106 1491 2132 mensa
1519 2107 1605 2145 qua
1633 2107 1746 2133 nunc
1775 2094 1855 2133 vti-

260 2144 391 2183 mini’
462 2145 679 2197 Respondi
705 2160 773 2186 me
799 2148 971 2199 quidem
997 2148 1171 2188 tabulae
1196 2149 1524 2200 resignationem
1550 2149 1750 2200 accipere,
1771 2161 1857 2188 non

260 2204 404 2238 tamen
422 2199 477 2239 ab
495 2200 683 2240 honestis
699 2201 917 2242 deflexisse
934 2204 1138 2250 animum,
1153 2203 1226 2242 sed
1238 2202 1488 2242 eruditionis
1499 2215 1643 2242 amore
1654 2202 1855 2255 flagrare:

260 2257 358 2304 post
377 2255 481 2293 satis
500 2256 755 2306 tempestiue
774 2269 851 2295 nos
871 2257 1137 2296 consulturos
1166 2257 1219 2295 de
1245 2270 1394 2308 genere
1413 2257 1542 2296 vitae.
1611 2256 1732 2296 Abiit
1749 2257 1855 2296 indi-

259 2321 393 2359 gnans
413 2309 585 2360 perinde
605 2311 728 2360 quasi
746 2310 932 2350 fustibus
957 2311 1107 2350 fuisset
1126 2324 1359 2363 percussus.
1426 2311 1686 2351 Subornauit
1705 2311 1857 2350 deinde

200 2369 240 2409 65
260 2362 364 2402 alios
383 2366 514 2414 atque
533 2363 651 2411 alios,
672 2365 746 2416 qui
765 2378 843 2404 nos
862 2365 1174 2405 detrectaturos
1195 2366 1241 2404 in
1259 2377 1429 2404 nassam
1450 2365 1741 2416 perpellerent.

314 2416 405 2468 Ego
433 2418 636 2469 quoniam
663 2419 833 2467 iudicio,
862 2433 949 2459 non
977 2419 1148 2467 affectu,
1178 2419 1394 2466 mouebar,
1424 2432 1511 2459 non
1539 2420 1661 2482 potui
1690 2423 1855 2458 mutare

259 2472 528 2510 sent-entiam.
580 2472 771 2512 Tandem
793 2473 937 2522 frater,
963 2475 1037 2526 qui
1060 2474 1163 2513 mihi
1186 2486 1350 2525 semper
1371 2451 1513 2512 fuerat
1535 2474 1681 2524 genius
1704 2473 1853 2521 malus,

259 2530 528 2577 expugnatus
559 2531 625 2566 est
653 2532 697 2566 et
725 2532 964 2579 pertractus
996 2530 1041 2568 in
1066 2528 1278 2568 diuersam
1306 2532 1506 2575 mentem,
1534 2532 1578 2567 et
1603 2541 1669 2566 me
1694 2528 1856 2567 iuniore

257 2579 417 2627 relicto,
439 2580 652 2631 proiectus
671 2586 737 2621 est
756 2583 799 2621 in
820 2595 1003 2622 nassam.
1052 2583 1195 2634 Atque
1213 2582 1275 2621 illi
1293 2582 1466 2633 quidem
1487 2583 1700 2622 successit.
1749 2582 1857 2621 Erat

302 2665 354 2695 28.
379 2668 535 2697 emerent
551 2666 629 2697 MS.
779 2676 831 2707 39.
856 2667 1001 2708 putauit
1016 2667 1094 2699 MS.
1247 2677 1297 2709 55.
1324 2668 1474 2710 prodens
1491 2668 1569 2701 MS.
1716 2669 1767 2710 56.
1793 2669 1855 2710 qui

258 2707 402 2748 scripsi:
433 2709 528 2750 quod
545 2709 623 2742 MS.
794 2711 847 2742 66.
874 2710 1040 2743 monebar
1056 2711 1135 2743 MS.
1306 2713 1359 2751 69.
1385 2711 1560 2754 proiectus
1577 2712 1709 2753 scripsi,
1727 2711 1768 2754 cf.
1786 2713 1851 2754 Ep.

262 2760 354 2823 1342.
376 2760 463 2792 320:
493 2752 672 2794 profectus
689 2753 764 2785 MS.

324 2855 660 2898 9-Collationarios]
681 2856 732 2889 Of.
756 2857 920 2899 Ep.447.
949 2868 1019 2891 102.
1088 2861 1245 2892 conflicts
1266 2859 1352 2892 with
1373 2860 1473 2892 those
1495 2860 1532 2892 of
1553 2860 1617 2901 Ep.
1634 2869 1710 2899 447.
1734 2861 1851 2900 156—7,

258 2865 344 2930 Τ11209
352 2901 447 2932 word
469 2901 531 2933 has
553 2901 702 2943 perhaps
723 2901 880 2943 dropped
902 2908 965 2935 out
986 2904 1021 2935 in
1085 2913 1162 2944 242.
1211 2903 1365 2946 Perhaps
1389 2907 1534 2944 syres-sus
1555 2902 1680 2936 should
1705 2902 1747 2934 be
1771 2904 1853 2936 read

259 2949 296 2973 11
317 2951 411 2984 52-3
1088 2947 1168 2980 here
1184 2947 1240 2980 for
1256 2957 1424 2988 emessa&
1450 2946 1493 2980 cf.
1513 2947 1579 2988 Ep.
1596 2948 1672 2985 296.
1691 2956 1721 2984 2,
1743 2958 1788 2979 cr.
1805 2958 1839 2979 n.

303 2994 354 3025 34.
381 2989 548 3028 patriam]
565 2989 701 3021 Gouda.
1133 3000 1184 3031 54.
1209 3001 1273 3024 suo
1304 2990 1476 3033 tempore]
1506 3000 1550 3022 «sc.
1582 2990 1847 3031 tempestiuius.

300 3038 356 3069 49.
381 3030 553 3062 decimum
595 3032 749 3071 sextum]
790 3033 872 3064 This
913 3033 1020 3075 figure
1087 3033 1152 3075 Ep.
1167 3043 1243 3074 447.
1264 3035 1337 3074 198,
1352 3033 1459 3066 andl.
1474 3035 1514 3073 63
1531 3032 1635 3074 infra.
