<?xml version="1.0" encoding="UTF-8"?>
<!DOCTYPE html PUBLIC "-//W3C//DTD XHTML 1.0 Transitional//EN"
    "http://www.w3.org/TR/xhtml1/DTD/xhtml1-transitional.dtd">
<html xmlns="http://www.w3.org/1999/xhtml" xml:lang="en" lang="en">
 <head>
  <title>
</title>
<meta http-equiv="Content-Type" content="text/html;charset=utf-8" />
  <meta name='ocr-system' content='tesseract 3.04.00' />
  <meta name='ocr-capabilities' content='ocr_page ocr_carea ocr_par ocr_line ocrx_word'/>
</head>
<body>
  <div class='ocr_page' id='page_1' title='image "./opusepistolarum05eras_0605.png"; bbox 0 0 2012 3370; ppageno 0'>
   <div class='ocr_carea' id='block_1_1' title="bbox 136 127 1729 182">
    <p class='ocr_par' dir='ltr' id='par_1_1' title="bbox 136 127 1729 182">
     <span class='ocr_line' id='line_1_1' title="bbox 136 127 1729 182; baseline -0.004 -10"><span class='ocrx_word' id='word_1_1' title='bbox 136 145 154 172; x_wconf 91' lang='lat'>1</span> <span class='ocrx_word' id='word_1_2' title='bbox 161 142 210 182; x_wconf 80' lang='lat'><strong>50</strong></span> <span class='ocrx_word' id='word_1_3' title='bbox 215 135 256 182; x_wconf 84' lang='lat'><strong>5]</strong></span> <span class='ocrx_word' id='word_1_4' title='bbox 662 130 821 170; x_wconf 74' lang='lat' dir='ltr'>FROM</span> <span class='ocrx_word' id='word_1_5' title='bbox 851 128 1195 168; x_wconf 81' lang='lat' dir='ltr'><strong>FERDINAND</strong></span> <span class='ocrx_word' id='word_1_6' title='bbox 1651 127 1729 165; x_wconf 82' lang='lat'><strong>563</strong></span> 
     </span>
    </p>
   </div>
   <div class='ocr_carea' id='block_1_2' title="bbox 132 235 1732 500">
    <p class='ocr_par' dir='ltr' id='par_1_2' title="bbox 132 235 1732 455">
     <span class='ocr_line' id='line_1_2' title="bbox 177 235 1729 283; baseline -0.005 -9"><span class='ocrx_word' id='word_1_7' title='bbox 177 242 249 273; x_wconf 87' lang='lat' dir='ltr'><strong>The</strong></span> <span class='ocrx_word' id='word_1_8' title='bbox 265 244 344 273; x_wconf 80' lang='lat' dir='ltr'><strong>text</strong></span> <span class='ocrx_word' id='word_1_9' title='bbox 357 242 386 273; x_wconf 83' lang='lat' dir='ltr'><strong>is</strong></span> <span class='ocrx_word' id='word_1_10' title='bbox 402 241 476 273; x_wconf 85' lang='lat' dir='ltr'><strong>also</strong></span> <span class='ocrx_word' id='word_1_11' title='bbox 491 239 631 283; x_wconf 77' lang='lat' dir='ltr'><strong>printed</strong></span> <span class='ocrx_word' id='word_1_12' title='bbox 649 239 695 280; x_wconf 88' lang='lat' dir='ltr'><strong>by</strong></span> <span class='ocrx_word' id='word_1_13' title='bbox 712 239 892 270; x_wconf 83' lang='lat' dir='ltr'>Burmann</span> <span class='ocrx_word' id='word_1_14' title='bbox 910 238 959 278; x_wconf 67' lang='grc' dir='ltr'><strong>(γ)</strong></span> <span class='ocrx_word' id='word_1_15' title='bbox 976 237 1066 269; x_wconf 88' lang='lat' dir='ltr'><strong>from</strong></span> <span class='ocrx_word' id='word_1_16' title='bbox 1082 248 1103 269; x_wconf 90' lang='lat' dir='ltr'><strong>a</strong></span> <span class='ocrx_word' id='word_1_17' title='bbox 1119 246 1191 275; x_wconf 65' lang='lat' dir='ltr'><strong>MS„</strong></span> <span class='ocrx_word' id='word_1_18' title='bbox 1209 236 1358 278; x_wconf 82' lang='lat' dir='ltr'><strong>perhaps</strong></span> <span class='ocrx_word' id='word_1_19' title='bbox 1374 249 1405 274; x_wconf 83' lang='grc' dir='ltr'><strong>α,</strong></span> <span class='ocrx_word' id='word_1_20' title='bbox 1420 237 1456 267; x_wconf 85' lang='grc'><strong>111</strong></span> <span class='ocrx_word' id='word_1_21' title='bbox 1471 236 1532 267; x_wconf 86' lang='lat' dir='ltr'><strong>the</strong></span> <span class='ocrx_word' id='word_1_22' title='bbox 1546 235 1729 266; x_wconf 80' lang='lat' dir='ltr'><strong>collection</strong></span> 
     </span>
     <span class='ocr_line' id='line_1_3' title="bbox 132 277 1730 325; baseline -0.004 -8"><span class='ocrx_word' id='word_1_23' title='bbox 132 285 169 317; x_wconf 83' lang='lat' dir='ltr'><strong>of</strong></span> <span class='ocrx_word' id='word_1_24' title='bbox 186 285 269 317; x_wconf 88' lang='lat' dir='ltr'><strong>Ant.</strong></span> <span class='ocrx_word' id='word_1_25' title='bbox 289 284 414 316; x_wconf 84' lang='lat' dir='ltr'><strong>Vivien</strong></span> <span class='ocrx_word' id='word_1_26' title='bbox 432 285 501 323; x_wconf 85' lang='lat' dir='ltr'><strong>(see</strong></span> <span class='ocrx_word' id='word_1_27' title='bbox 519 283 584 325; x_wconf 89' lang='lat' dir='ltr'><strong>Ep.</strong></span> <span class='ocrx_word' id='word_1_28' title='bbox 608 291 690 320; x_wconf 87' lang='lat'><strong>1092</strong></span> <span class='ocrx_word' id='word_1_29' title='bbox 708 282 865 321; x_wconf 87' lang='lat' dir='ltr'><strong>introd.).</strong></span> <span class='ocrx_word' id='word_1_30' title='bbox 907 281 1044 313; x_wconf 85' lang='lat' dir='ltr'><strong>Leclerc</strong></span> <span class='ocrx_word' id='word_1_31' title='bbox 1061 282 1097 312; x_wconf 89' lang='lat' dir='ltr'><strong>in</strong></span> <span class='ocrx_word' id='word_1_32' title='bbox 1115 280 1184 312; x_wconf 89' lang='lat' dir='ltr'><strong>LB.</strong></span> <span class='ocrx_word' id='word_1_33' title='bbox 1205 280 1381 321; x_wconf 89' lang='lat' dir='ltr'><strong>reprinted</strong></span> <span class='ocrx_word' id='word_1_34' title='bbox 1400 277 1609 311; x_wconf 84' lang='lat' dir='ltr'><strong>Burmann’s</strong></span> <span class='ocrx_word' id='word_1_35' title='bbox 1627 282 1730 315; x_wconf 85' lang='lat' dir='ltr'><strong>text;</strong></span> 
     </span>
     <span class='ocr_line' id='line_1_4' title="bbox 133 321 1730 366; baseline -0.005 -5"><span class='ocrx_word' id='word_1_36' title='bbox 133 329 198 361; x_wconf 88' lang='lat' dir='ltr'><strong>but</strong></span> <span class='ocrx_word' id='word_1_37' title='bbox 215 328 331 360; x_wconf 80' lang='lat' dir='ltr'>before</span> <span class='ocrx_word' id='word_1_38' title='bbox 348 328 401 360; x_wconf 82' lang='lat' dir='ltr'><strong>his</strong></span> <span class='ocrx_word' id='word_1_39' title='bbox 417 327 512 359; x_wconf 89' lang='lat' dir='ltr'>work</span> <span class='ocrx_word' id='word_1_40' title='bbox 528 337 598 358; x_wconf 91' lang='lat' dir='ltr'><strong>was</strong></span> <span class='ocrx_word' id='word_1_41' title='bbox 615 325 798 366; x_wconf 87' lang='lat' dir='ltr'><strong>complete,</strong></span> <span class='ocrx_word' id='word_1_42' title='bbox 816 325 877 357; x_wconf 88' lang='lat' dir='ltr'><strong>the</strong></span> <span class='ocrx_word' id='word_1_43' title='bbox 894 325 1071 357; x_wconf 84' lang='lat' dir='ltr'><strong>Deventer</strong></span> <span class='ocrx_word' id='word_1_44' title='bbox 1086 323 1316 356; x_wconf 87' lang='lat' dir='ltr'><strong>Letter-book</strong></span> <span class='ocrx_word' id='word_1_45' title='bbox 1333 324 1402 363; x_wconf 89' lang='grc'>(366</span> <span class='ocrx_word' id='word_1_46' title='bbox 1419 323 1508 365; x_wconf 90' lang='lat' dir='ltr'><strong>App.</strong></span> <span class='ocrx_word' id='word_1_47' title='bbox 1527 324 1546 355; x_wconf 90' lang='lat'>8</span> <span class='ocrx_word' id='word_1_48' title='bbox 1564 323 1601 354; x_wconf 90' lang='lat' dir='ltr'><strong>in</strong></span> <span class='ocrx_word' id='word_1_49' title='bbox 1616 321 1687 354; x_wconf 85' lang='lat' dir='ltr'><strong>vol.</strong></span> <span class='ocrx_word' id='word_1_50' title='bbox 1705 322 1730 362; x_wconf 90' lang='grc'><strong>1)</strong></span> 
     </span>
     <span class='ocr_line' id='line_1_5' title="bbox 135 364 1732 414; baseline -0.004 -10"><span class='ocrx_word' id='word_1_51' title='bbox 135 372 287 414; x_wconf 87' lang='lat' dir='ltr'><strong>brought</strong></span> <span class='ocrx_word' id='word_1_52' title='bbox 305 383 323 401; x_wconf 85' lang='grc' dir='ltr'>α</span> <span class='ocrx_word' id='word_1_53' title='bbox 340 372 417 403; x_wconf 89' lang='lat' dir='ltr'><strong>into</strong></span> <span class='ocrx_word' id='word_1_54' title='bbox 435 371 487 403; x_wconf 88' lang='lat' dir='ltr'><strong>his</strong></span> <span class='ocrx_word' id='word_1_55' title='bbox 504 370 627 407; x_wconf 83' lang='lat' dir='ltr'><strong>hands,</strong></span> <span class='ocrx_word' id='word_1_56' title='bbox 646 369 715 401; x_wconf 84' lang='lat' dir='ltr'><strong>and</strong></span> <span class='ocrx_word' id='word_1_57' title='bbox 733 368 822 400; x_wconf 86' lang='lat' dir='ltr'><strong>from</strong></span> <span class='ocrx_word' id='word_1_58' title='bbox 841 369 922 401; x_wconf 85' lang='lat' dir='ltr'><strong>that</strong></span> <span class='ocrx_word' id='word_1_59' title='bbox 939 368 981 400; x_wconf 92' lang='lat' dir='ltr'><strong>he</strong></span> <span class='ocrx_word' id='word_1_60' title='bbox 999 367 1188 404; x_wconf 78' lang='lat' dir='ltr'>corrected,</span> <span class='ocrx_word' id='word_1_61' title='bbox 1206 368 1242 398; x_wconf 89' lang='lat' dir='ltr'><strong>in</strong></span> <span class='ocrx_word' id='word_1_62' title='bbox 1259 367 1312 398; x_wconf 88' lang='lat' dir='ltr'><strong>his</strong></span> <span class='ocrx_word' id='word_1_63' title='bbox 1330 366 1394 398; x_wconf 88' lang='lat' dir='ltr'><strong>col.</strong></span> <span class='ocrx_word' id='word_1_64' title='bbox 1417 376 1511 406; x_wconf 87' lang='lat'><strong>1934,</strong></span> <span class='ocrx_word' id='word_1_65' title='bbox 1531 370 1601 398; x_wconf 86' lang='lat' dir='ltr'><strong>two</strong></span> <span class='ocrx_word' id='word_1_66' title='bbox 1619 365 1655 397; x_wconf 80' lang='lat' dir='ltr'><strong>of</strong></span> <span class='ocrx_word' id='word_1_67' title='bbox 1670 364 1732 397; x_wconf 86' lang='lat' dir='ltr'><strong>the</strong></span> 
     </span>
     <span class='ocr_line' id='line_1_6' title="bbox 134 409 1491 455; baseline -0.004 -8"><span class='ocrx_word' id='word_1_68' title='bbox 134 426 244 448; x_wconf 84' lang='lat' dir='ltr'><strong>errors</strong></span> <span class='ocrx_word' id='word_1_69' title='bbox 263 414 312 455; x_wconf 86' lang='lat' dir='ltr'><strong>(ll.</strong></span> <span class='ocrx_word' id='word_1_70' title='bbox 335 424 385 454; x_wconf 88' lang='lat'><strong>14,</strong></span> <span class='ocrx_word' id='word_1_71' title='bbox 405 416 460 454; x_wconf 83' lang='lat'><strong>32)</strong></span> <span class='ocrx_word' id='word_1_72' title='bbox 478 415 554 446; x_wconf 89' lang='lat' dir='ltr'><strong>into</strong></span> <span class='ocrx_word' id='word_1_73' title='bbox 571 412 683 445; x_wconf 87' lang='lat' dir='ltr'><strong>which</strong></span> <span class='ocrx_word' id='word_1_74' title='bbox 701 412 881 444; x_wconf 82' lang='lat' dir='ltr'>Burmann</span> <span class='ocrx_word' id='word_1_75' title='bbox 898 412 979 449; x_wconf 85' lang='lat' dir='ltr'><strong>had,</strong></span> <span class='ocrx_word' id='word_1_76' title='bbox 998 415 1062 443; x_wconf 88' lang='lat' dir='ltr'><strong>not</strong></span> <span class='ocrx_word' id='word_1_77' title='bbox 1078 410 1357 452; x_wconf 84' lang='lat' dir='ltr'><strong>unpardonably‚</strong></span> <span class='ocrx_word' id='word_1_78' title='bbox 1374 409 1491 442; x_wconf 79' lang='lat' dir='ltr'><strong>fallen.</strong></span> 
     </span>
    </p>

    <p class='ocr_par' dir='ltr' id='par_1_3' title="bbox 177 452 1392 500">
     <span class='ocr_line' id='line_1_7' title="bbox 177 452 1392 500; baseline -0.005 -9"><span class='ocrx_word' id='word_1_79' title='bbox 177 458 249 491; x_wconf 86' lang='lat' dir='ltr'><strong>The</strong></span> <span class='ocrx_word' id='word_1_80' title='bbox 265 468 328 490; x_wconf 89' lang='lat' dir='ltr'><strong>ms.</strong></span> <span class='ocrx_word' id='word_1_81' title='bbox 346 457 546 500; x_wconf 85' lang='lat' dir='ltr'><strong>year-dates</strong></span> <span class='ocrx_word' id='word_1_82' title='bbox 562 456 599 489; x_wconf 85' lang='lat' dir='ltr'><strong>of</strong></span> <span class='ocrx_word' id='word_1_83' title='bbox 614 456 686 488; x_wconf 86' lang='lat' dir='ltr'><strong>this</strong></span> <span class='ocrx_word' id='word_1_84' title='bbox 701 455 772 488; x_wconf 85' lang='lat' dir='ltr'><strong>and</strong></span> <span class='ocrx_word' id='word_1_85' title='bbox 788 455 852 497; x_wconf 90' lang='lat' dir='ltr'><strong>Ep.</strong></span> <span class='ocrx_word' id='word_1_86' title='bbox 876 464 955 496; x_wconf 85' lang='lat'>1515</span> <span class='ocrx_word' id='word_1_87' title='bbox 976 454 1119 487; x_wconf 88' lang='lat' dir='ltr'><strong>confirm</strong></span> <span class='ocrx_word' id='word_1_88' title='bbox 1136 464 1201 486; x_wconf 87' lang='lat' dir='ltr'><strong>one</strong></span> <span class='ocrx_word' id='word_1_89' title='bbox 1217 452 1392 492; x_wconf 64' lang='lat' dir='ltr'><strong>another]</strong></span> 
     </span>
    </p>
   </div>
   <div class='ocr_carea' id='block_1_3' title="bbox 177 549 1687 743">
    <p class='ocr_par' dir='ltr' id='par_1_4' title="bbox 177 549 1687 695">
     <span class='ocr_line' id='line_1_8' title="bbox 177 549 1687 590; baseline -0.004 -7"><span class='ocrx_word' id='word_1_90' title='bbox 177 553 509 590; x_wconf 83' lang='lat' dir='ltr'><strong>FERDINANDVS,</strong></span> <span class='ocrx_word' id='word_1_91' title='bbox 541 553 620 581; x_wconf 87' lang='lat' dir='ltr'><strong>DEI</strong></span> <span class='ocrx_word' id='word_1_92' title='bbox 649 552 813 581; x_wconf 80' lang='lat' dir='ltr'><strong>GRATIA</strong></span> <span class='ocrx_word' id='word_1_93' title='bbox 842 550 1058 579; x_wconf 88' lang='lat' dir='ltr'><strong>PRINCEPS</strong></span> <span class='ocrx_word' id='word_1_94' title='bbox 1088 551 1143 578; x_wconf 85' lang='lat' dir='ltr'><strong>ET</strong></span> <span class='ocrx_word' id='word_1_95' title='bbox 1172 549 1336 578; x_wconf 81' lang='lat' dir='ltr'>INFANS</span> <span class='ocrx_word' id='word_1_96' title='bbox 1365 549 1687 585; x_wconf 78' lang='lat' dir='ltr'><strong>HISPANIARVM,</strong></span> 
     </span>
     <span class='ocr_line' id='line_1_9' title="bbox 304 603 1563 641; baseline -0.005 -4"><span class='ocrx_word' id='word_1_97' title='bbox 304 607 537 637; x_wconf 87' lang='lat' dir='ltr'><strong>ARCHIDVX</strong></span> <span class='ocrx_word' id='word_1_98' title='bbox 566 606 796 641; x_wconf 80' lang='lat' dir='ltr'><strong>AVSTRIAE,</strong></span> <span class='ocrx_word' id='word_1_99' title='bbox 829 605 923 633; x_wconf 91' lang='lat' dir='ltr'><strong>DVX</strong></span> <span class='ocrx_word' id='word_1_100' title='bbox 952 604 1215 633; x_wconf 84' lang='lat' dir='ltr'><strong>BVRGVNDIE</strong></span> <span class='ocrx_word' id='word_1_101' title='bbox 1245 604 1356 640; x_wconf 85' lang='lat' dir='ltr'><strong>ETC.,</strong></span> <span class='ocrx_word' id='word_1_102' title='bbox 1386 603 1563 632; x_wconf 84' lang='lat' dir='ltr'>IMPERII</span> 
     </span>
     <span class='ocr_line' id='line_1_10' title="bbox 382 657 1483 695; baseline -0.005 -5"><span class='ocrx_word' id='word_1_103' title='bbox 382 660 708 690; x_wconf 86' lang='lat' dir='ltr'><strong>LOCVMTENENS</strong></span> <span class='ocrx_word' id='word_1_104' title='bbox 738 659 988 688; x_wconf 84' lang='lat' dir='ltr'><strong>GENERALIS</strong></span> <span class='ocrx_word' id='word_1_105' title='bbox 1019 658 1130 695; x_wconf 62' lang='lat' dir='ltr'><strong>ETO„</strong></span> <span class='ocrx_word' id='word_1_106' title='bbox 1161 658 1259 686; x_wconf 78' lang='lat' dir='ltr'><strong>DES.</strong></span> <span class='ocrx_word' id='word_1_107' title='bbox 1291 657 1483 693; x_wconf 85' lang='lat' dir='ltr'><strong>ERASMO,</strong></span> 
     </span>
    </p>

    <p class='ocr_par' dir='ltr' id='par_1_5' title="bbox 615 712 1251 743">
     <span class='ocr_line' id='line_1_11' title="bbox 615 712 1251 743; baseline -0.005 0"><span class='ocrx_word' id='word_1_108' title='bbox 615 715 753 743; x_wconf 84' lang='lat' dir='ltr'><strong>SACRE</strong></span> <span class='ocrx_word' id='word_1_109' title='bbox 783 714 885 742; x_wconf 82' lang='lat' dir='ltr'><strong>THE.</strong></span> <span class='ocrx_word' id='word_1_110' title='bbox 916 712 1187 741; x_wconf 84' lang='lat' dir='ltr'><strong>PROFESSORI</strong></span> <span class='ocrx_word' id='word_1_111' title='bbox 1217 712 1251 741; x_wconf 85' lang='lat' dir='ltr'><strong>S.</strong></span> 
     </span>
    </p>
   </div>
   <div class='ocr_carea' id='block_1_4' title="bbox 133 772 1830 2402">
    <p class='ocr_par' dir='ltr' id='par_1_6' title="bbox 133 772 1830 2172">
     <span class='ocr_line' id='line_1_12' title="bbox 190 772 1733 825; baseline -0.005 -8"><span class='ocrx_word' id='word_1_112' title='bbox 190 777 515 823; x_wconf 79' lang='lat' dir='ltr'><strong>HONORABILIS,</strong></span> <span class='ocrx_word' id='word_1_113' title='bbox 543 775 709 822; x_wconf 88' lang='lat' dir='ltr'><strong>dilecte,</strong></span> <span class='ocrx_word' id='word_1_114' title='bbox 743 775 778 813; x_wconf 90' lang='lat' dir='ltr'><strong>si</strong></span> <span class='ocrx_word' id='word_1_115' title='bbox 810 773 968 825; x_wconf 83' lang='lat' dir='ltr'>colligis</span> <span class='ocrx_word' id='word_1_116' title='bbox 1000 786 1026 811; x_wconf 89' lang='lat' dir='ltr'><strong>a</strong></span> <span class='ocrx_word' id='word_1_117' title='bbox 1057 772 1225 812; x_wconf 86' lang='lat' dir='ltr'><strong>silentio</strong></span> <span class='ocrx_word' id='word_1_118' title='bbox 1258 773 1322 811; x_wconf 89' lang='lat' dir='ltr'><strong>tui</strong></span> <span class='ocrx_word' id='word_1_119' title='bbox 1355 773 1624 820; x_wconf 87' lang='lat' dir='ltr'><strong>obliuionem,</strong></span> <span class='ocrx_word' id='word_1_120' title='bbox 1658 772 1733 811; x_wconf 78' lang='lat' dir='ltr'><strong>fal-</strong></span> 
     </span>
     <span class='ocr_line' id='line_1_13' title="bbox 134 826 1735 878; baseline -0.004 -7"><span class='ocrx_word' id='word_1_121' title='bbox 134 832 242 871; x_wconf 89' lang='lat' dir='ltr'><strong>leris.</strong></span> <span class='ocrx_word' id='word_1_122' title='bbox 302 831 390 871; x_wconf 88' lang='lat' dir='ltr'><strong>Nos</strong></span> <span class='ocrx_word' id='word_1_123' title='bbox 420 831 532 870; x_wconf 89' lang='lat' dir='ltr'><strong>enim</strong></span> <span class='ocrx_word' id='word_1_124' title='bbox 562 831 627 869; x_wconf 90' lang='lat' dir='ltr'><strong>tui</strong></span> <span class='ocrx_word' id='word_1_125' title='bbox 657 828 863 868; x_wconf 89' lang='lat' dir='ltr'><strong>habemus</strong></span> <span class='ocrx_word' id='word_1_126' title='bbox 894 828 1155 873; x_wconf 83' lang='lat' dir='ltr'><strong>memoriam,</strong></span> <span class='ocrx_word' id='word_1_127' title='bbox 1187 831 1231 866; x_wconf 88' lang='lat' dir='ltr'><strong>et</strong></span> <span class='ocrx_word' id='word_1_128' title='bbox 1262 827 1413 865; x_wconf 90' lang='lat' dir='ltr'><strong>merito</strong></span> <span class='ocrx_word' id='word_1_129' title='bbox 1443 826 1630 878; x_wconf 89' lang='lat' dir='ltr'><strong>quidem,</strong></span> <span class='ocrx_word' id='word_1_130' title='bbox 1662 828 1735 878; x_wconf 89' lang='lat' dir='ltr'><strong>qui</strong></span> 
     </span>
     <span class='ocr_line' id='line_1_14' title="bbox 134 881 1734 936; baseline -0.004 -11"><span class='ocrx_word' id='word_1_131' title='bbox 134 886 214 925; x_wconf 90' lang='lat' dir='ltr'><strong>hac</strong></span> <span class='ocrx_word' id='word_1_132' title='bbox 231 890 275 925; x_wconf 89' lang='lat' dir='ltr'><strong>et</strong></span> <span class='ocrx_word' id='word_1_133' title='bbox 292 886 440 925; x_wconf 90' lang='lat' dir='ltr'><strong>maiori</strong></span> <span class='ocrx_word' id='word_1_134' title='bbox 456 885 608 936; x_wconf 86' lang='lat' dir='ltr'><strong>dignus</strong></span> <span class='ocrx_word' id='word_1_135' title='bbox 625 897 668 922; x_wconf 87' lang='lat' dir='ltr'><strong>es</strong></span> <span class='ocrx_word' id='word_1_136' title='bbox 686 883 901 922; x_wconf 88' lang='lat' dir='ltr'><strong>memoria.</strong></span> <span class='ocrx_word' id='word_1_137' title='bbox 949 881 1072 929; x_wconf 80' lang='lat' dir='ltr'><strong>Quod</strong></span> <span class='ocrx_word' id='word_1_138' title='bbox 1089 885 1235 920; x_wconf 91' lang='lat' dir='ltr'><strong>autem</strong></span> <span class='ocrx_word' id='word_1_139' title='bbox 1251 881 1570 932; x_wconf 72' lang='lat' dir='ltr'><strong>interpellamus</strong></span> <span class='ocrx_word' id='word_1_140' title='bbox 1586 881 1734 927; x_wconf 84' lang='lat' dir='ltr'><strong>rarius,</strong></span> 
     </span>
     <span class='ocr_line' id='line_1_15' title="bbox 134 934 1738 988; baseline -0.004 -8"><span class='ocrx_word' id='word_1_141' title='bbox 134 944 229 980; x_wconf 89' lang='lat' dir='ltr'><strong>tute</strong></span> <span class='ocrx_word' id='word_1_142' title='bbox 261 941 306 979; x_wconf 93' lang='lat' dir='ltr'><strong>in</strong></span> <span class='ocrx_word' id='word_1_143' title='bbox 339 953 467 979; x_wconf 89' lang='lat' dir='ltr'><strong>causa</strong></span> <span class='ocrx_word' id='word_1_144' title='bbox 499 952 556 978; x_wconf 85' lang='lat' dir='ltr'><strong>es.</strong></span> <span class='ocrx_word' id='word_1_145' title='bbox 618 938 707 978; x_wconf 90' lang='lat' dir='ltr'><strong>Nec</strong></span> <span class='ocrx_word' id='word_1_146' title='bbox 740 937 853 976; x_wconf 91' lang='lat' dir='ltr'><strong>enim</strong></span> <span class='ocrx_word' id='word_1_147' title='bbox 885 936 992 975; x_wconf 88' lang='lat' dir='ltr'><strong>libet</strong></span> <span class='ocrx_word' id='word_1_148' title='bbox 1024 948 1197 988; x_wconf 86' lang='lat' dir='ltr'><strong>peccare</strong></span> <span class='ocrx_word' id='word_1_149' title='bbox 1230 936 1275 974; x_wconf 91' lang='lat' dir='ltr'><strong>in</strong></span> <span class='ocrx_word' id='word_1_150' title='bbox 1309 935 1533 974; x_wconf 86' lang='lat' dir='ltr'><strong>commoda</strong></span> <span class='ocrx_word' id='word_1_151' title='bbox 1566 934 1738 986; x_wconf 88' lang='lat' dir='ltr'><strong>publica</strong></span> 
     </span>
     <span class='ocr_line' id='line_1_16' title="bbox 134 989 1771 1042; baseline -0.004 -8"><span class='ocrx_word' id='word_1_152' title='bbox 134 995 292 1034; x_wconf 88' lang='lat' dir='ltr'><strong>sanctis</strong></span> <span class='ocrx_word' id='word_1_153' title='bbox 323 995 409 1034; x_wconf 88' lang='lat' dir='ltr'><strong>tuis</strong></span> <span class='ocrx_word' id='word_1_154' title='bbox 439 991 805 1032; x_wconf 67' lang='lat' dir='ltr'>lucubrationibus</span> <span class='ocrx_word' id='word_1_155' title='bbox 837 990 1134 1042; x_wconf 86' lang='lat' dir='ltr'><strong>obstrependo,</strong></span> <span class='ocrx_word' id='word_1_156' title='bbox 1168 1002 1274 1042; x_wconf 88' lang='lat' dir='ltr'><strong>quas</strong></span> <span class='ocrx_word' id='word_1_157' title='bbox 1306 990 1431 1030; x_wconf 83' lang='lat' dir='ltr'><strong>auide</strong></span> <span class='ocrx_word' id='word_1_158' title='bbox 1462 989 1530 1029; x_wconf 84' lang='lat' dir='ltr'><strong>vel</strong></span> <span class='ocrx_word' id='word_1_159' title='bbox 1560 989 1738 1040; x_wconf 86' lang='lat' dir='ltr'><strong>legimus</strong></span> <span class='ocrx_word' id='word_1_160' title='bbox 1757 1005 1771 1034; x_wconf 79' lang='lat'><strong>5</strong></span> 
     </span>
     <span class='ocr_line' id='line_1_17' title="bbox 133 1044 1738 1100; baseline -0.004 -12"><span class='ocrx_word' id='word_1_161' title='bbox 133 1049 215 1100; x_wconf 91' lang='lat' dir='ltr'><strong>ipsi</strong></span> <span class='ocrx_word' id='word_1_162' title='bbox 243 1048 311 1087; x_wconf 89' lang='lat' dir='ltr'><strong>vel</strong></span> <span class='ocrx_word' id='word_1_163' title='bbox 339 1048 535 1088; x_wconf 88' lang='lat' dir='ltr'><strong>audimus</strong></span> <span class='ocrx_word' id='word_1_164' title='bbox 563 1060 589 1086; x_wconf 91' lang='lat' dir='ltr'><strong>a</strong></span> <span class='ocrx_word' id='word_1_165' title='bbox 616 1045 941 1098; x_wconf 85' lang='lat' dir='ltr'><strong>prelegentibus.</strong></span> <span class='ocrx_word' id='word_1_166' title='bbox 1000 1044 1220 1083; x_wconf 80' lang='lat' dir='ltr'><strong>Habemus</strong></span> <span class='ocrx_word' id='word_1_167' title='bbox 1249 1044 1362 1083; x_wconf 90' lang='lat' dir='ltr'><strong>enim</strong></span> <span class='ocrx_word' id='word_1_168' title='bbox 1390 1047 1435 1082; x_wconf 91' lang='lat' dir='ltr'><strong>et</strong></span> <span class='ocrx_word' id='word_1_169' title='bbox 1462 1044 1645 1082; x_wconf 89' lang='lat' dir='ltr'><strong>nominis</strong></span> <span class='ocrx_word' id='word_1_170' title='bbox 1672 1044 1738 1082; x_wconf 83' lang='lat' dir='ltr'><strong>tui</strong></span> 
     </span>
     <span class='ocr_line' id='line_1_18' title="bbox 135 1096 1737 1154; baseline -0.004 -12"><span class='ocrx_word' id='word_1_171' title='bbox 135 1107 179 1142; x_wconf 89' lang='lat' dir='ltr'><strong>et</strong></span> <span class='ocrx_word' id='word_1_172' title='bbox 208 1102 448 1154; x_wconf 84' lang='lat' dir='ltr'><strong>Vigiliarum</strong></span> <span class='ocrx_word' id='word_1_173' title='bbox 477 1106 651 1141; x_wconf 89' lang='lat' dir='ltr'><strong>tuarum</strong></span> <span class='ocrx_word' id='word_1_174' title='bbox 681 1100 1012 1140; x_wconf 87' lang='lat' dir='ltr'><strong>studiosissimos</strong></span> <span class='ocrx_word' id='word_1_175' title='bbox 1042 1111 1256 1150; x_wconf 78' lang='lat' dir='ltr'><strong>precones,</strong></span> <span class='ocrx_word' id='word_1_176' title='bbox 1288 1111 1395 1150; x_wconf 90' lang='lat' dir='ltr'><strong>quos</strong></span> <span class='ocrx_word' id='word_1_177' title='bbox 1425 1098 1598 1137; x_wconf 87' lang='lat' dir='ltr'><strong>minime</strong></span> <span class='ocrx_word' id='word_1_178' title='bbox 1628 1096 1737 1136; x_wconf 89' lang='lat' dir='ltr'><strong>arbi-</strong></span> 
     </span>
     <span class='ocr_line' id='line_1_19' title="bbox 135 1151 1739 1206; baseline -0.004 -10"><span class='ocrx_word' id='word_1_179' title='bbox 135 1161 300 1196; x_wconf 85' lang='lat' dir='ltr'><strong>tramur</strong></span> <span class='ocrx_word' id='word_1_180' title='bbox 327 1156 484 1196; x_wconf 91' lang='lat' dir='ltr'><strong>iudicio</strong></span> <span class='ocrx_word' id='word_1_181' title='bbox 512 1155 616 1195; x_wconf 83' lang='lat' dir='ltr'><strong>falli.</strong></span> <span class='ocrx_word' id='word_1_182' title='bbox 674 1154 732 1193; x_wconf 85' lang='lat' dir='ltr'><strong>Hi</strong></span> <span class='ocrx_word' id='word_1_183' title='bbox 761 1153 965 1206; x_wconf 88' lang='lat' dir='ltr'><strong>quicquid</strong></span> <span class='ocrx_word' id='word_1_184' title='bbox 993 1152 1198 1192; x_wconf 88' lang='lat' dir='ltr'><strong>librorum</strong></span> <span class='ocrx_word' id='word_1_185' title='bbox 1228 1166 1280 1191; x_wconf 83' lang='lat' dir='ltr'><strong>ex</strong></span> <span class='ocrx_word' id='word_1_186' title='bbox 1310 1156 1353 1192; x_wconf 89' lang='lat' dir='ltr'><strong>te</strong></span> <span class='ocrx_word' id='word_1_187' title='bbox 1383 1152 1584 1199; x_wconf 88' lang='lat' dir='ltr'><strong>nascitur,</strong></span> <span class='ocrx_word' id='word_1_188' title='bbox 1616 1151 1739 1190; x_wconf 92' lang='lat' dir='ltr'><strong>nobis</strong></span> 
     </span>
     <span class='ocr_line' id='line_1_20' title="bbox 136 1206 1739 1260; baseline -0.004 -10"><span class='ocrx_word' id='word_1_189' title='bbox 136 1210 321 1250; x_wconf 83' lang='lat' dir='ltr'><strong>offerunt</strong></span> <span class='ocrx_word' id='word_1_190' title='bbox 340 1224 349 1258; x_wconf 78' lang='lat'><em>3</em></span> <span class='ocrx_word' id='word_1_191' title='bbox 389 1211 568 1250; x_wconf 90' lang='lat' dir='ltr'><strong>scientes</strong></span> <span class='ocrx_word' id='word_1_192' title='bbox 591 1222 681 1256; x_wconf 91' lang='lat' dir='ltr'><strong>nos,</strong></span> <span class='ocrx_word' id='word_1_193' title='bbox 707 1208 880 1260; x_wconf 88' lang='lat' dir='ltr'><strong>quando</strong></span> <span class='ocrx_word' id='word_1_194' title='bbox 903 1221 977 1259; x_wconf 89' lang='lat' dir='ltr'><strong>per</strong></span> <span class='ocrx_word' id='word_1_195' title='bbox 1001 1207 1140 1247; x_wconf 90' lang='lat' dir='ltr'><strong>ocium</strong></span> <span class='ocrx_word' id='word_1_196' title='bbox 1164 1207 1280 1259; x_wconf 93' lang='lat' dir='ltr'><strong>quod</strong></span> <span class='ocrx_word' id='word_1_197' title='bbox 1304 1220 1329 1246; x_wconf 89' lang='lat' dir='ltr'><strong>a</strong></span> <span class='ocrx_word' id='word_1_198' title='bbox 1352 1206 1532 1258; x_wconf 80' lang='lat' dir='ltr'>publicis</span> <span class='ocrx_word' id='word_1_199' title='bbox 1556 1206 1739 1257; x_wconf 87' lang='lat' dir='ltr'>negociis</span> 
     </span>
     <span class='ocr_line' id='line_1_21' title="bbox 136 1260 1798 1312; baseline -0.004 -8"><span class='ocrx_word' id='word_1_200' title='bbox 136 1264 407 1312; x_wconf 81' lang='lat' dir='ltr'><strong>suffuramur,</strong></span> <span class='ocrx_word' id='word_1_201' title='bbox 434 1264 546 1311; x_wconf 87' lang='lat' dir='ltr'><strong>licet,</strong></span> <span class='ocrx_word' id='word_1_202' title='bbox 575 1276 672 1303; x_wconf 91' lang='lat' dir='ltr'><strong>cum</strong></span> <span class='ocrx_word' id='word_1_203' title='bbox 698 1263 867 1302; x_wconf 90' lang='lat' dir='ltr'><strong>nemine</strong></span> <span class='ocrx_word' id='word_1_204' title='bbox 891 1262 1094 1301; x_wconf 84' lang='lat' dir='ltr'><strong>libentius</strong></span> <span class='ocrx_word' id='word_1_205' title='bbox 1120 1274 1251 1312; x_wconf 87' lang='lat' dir='ltr'><strong>quam</strong></span> <span class='ocrx_word' id='word_1_206' title='bbox 1278 1274 1375 1300; x_wconf 91' lang='lat' dir='ltr'><strong>cum</strong></span> <span class='ocrx_word' id='word_1_207' title='bbox 1402 1261 1581 1300; x_wconf 88' lang='lat' dir='ltr'><strong>Erasmo</strong></span> <span class='ocrx_word' id='word_1_208' title='bbox 1607 1260 1737 1312; x_wconf 82' lang='lat' dir='ltr'><strong>loqui.</strong></span> <span class='ocrx_word' id='word_1_209' title='bbox 1760 1275 1798 1296; x_wconf 91' lang='lat'><strong>10</strong></span> 
     </span>
     <span class='ocr_line' id='line_1_22' title="bbox 136 1314 1739 1371; baseline -0.004 -12"><span class='ocrx_word' id='word_1_210' title='bbox 136 1319 174 1359; x_wconf 90' lang='lat' dir='ltr'>A</span> <span class='ocrx_word' id='word_1_211' title='bbox 196 1332 282 1371; x_wconf 91' lang='lat' dir='ltr'><strong>quo</strong></span> <span class='ocrx_word' id='word_1_212' title='bbox 304 1332 391 1358; x_wconf 91' lang='lat' dir='ltr'><strong>non</strong></span> <span class='ocrx_word' id='word_1_213' title='bbox 413 1318 590 1365; x_wconf 86' lang='lat' dir='ltr'><strong>hereses,</strong></span> <span class='ocrx_word' id='word_1_214' title='bbox 614 1330 701 1356; x_wconf 91' lang='lat' dir='ltr'><strong>non</strong></span> <span class='ocrx_word' id='word_1_215' title='bbox 724 1317 966 1363; x_wconf 73' lang='lat' dir='ltr'><strong>schismata,</strong></span> <span class='ocrx_word' id='word_1_216' title='bbox 991 1329 1078 1355; x_wconf 91' lang='lat' dir='ltr'><strong>non</strong></span> <span class='ocrx_word' id='word_1_217' title='bbox 1102 1315 1404 1354; x_wconf 87' lang='lat' dir='ltr'><strong>anthichristos</strong></span> <span class='ocrx_word' id='word_1_218' title='bbox 1427 1314 1638 1361; x_wconf 88' lang='lat' dir='ltr'><strong>audimus,</strong></span> <span class='ocrx_word' id='word_1_219' title='bbox 1662 1326 1739 1353; x_wconf 85' lang='lat' dir='ltr'><strong>nec</strong></span> 
     </span>
     <span class='ocr_line' id='line_1_23' title="bbox 137 1367 1739 1425; baseline -0.004 -12"><span class='ocrx_word' id='word_1_220' title='bbox 137 1387 267 1425; x_wconf 87' lang='lat' dir='ltr'><strong>quam</strong></span> <span class='ocrx_word' id='word_1_221' title='bbox 301 1373 658 1424; x_wconf 89' lang='lat' dir='ltr'><strong>impudentissimi</strong></span> <span class='ocrx_word' id='word_1_222' title='bbox 694 1372 758 1410; x_wconf 91' lang='lat' dir='ltr'><strong>tui</strong></span> <span class='ocrx_word' id='word_1_223' title='bbox 794 1371 1121 1410; x_wconf 84' lang='lat' dir='ltr'><strong>calumniatores</strong></span> <span class='ocrx_word' id='word_1_224' title='bbox 1155 1370 1411 1421; x_wconf 84' lang='lat' dir='ltr'><strong>impingunt,</strong></span> <span class='ocrx_word' id='word_1_225' title='bbox 1449 1367 1739 1408; x_wconf 86' lang='lat' dir='ltr'><strong>adulationem</strong></span> 
     </span>
     <span class='ocr_line' id='line_1_24' title="bbox 137 1422 1740 1479; baseline -0.003 -13"><span class='ocrx_word' id='word_1_226' title='bbox 137 1427 492 1479; x_wconf 83' lang='lat' dir='ltr'><strong>deprehendimus</strong></span> <span class='ocrx_word' id='word_1_227' title='bbox 512 1441 521 1473; x_wconf 89' lang='lat'>;</span> <span class='ocrx_word' id='word_1_228' title='bbox 557 1426 630 1465; x_wconf 90' lang='lat' dir='ltr'><strong>sed</strong></span> <span class='ocrx_word' id='word_1_229' title='bbox 650 1425 1023 1464; x_wconf 84' lang='lat' dir='ltr'><strong>mansuetudinem</strong></span> <span class='ocrx_word' id='word_1_230' title='bbox 1042 1424 1464 1474; x_wconf 77' lang='lat' dir='ltr'><strong>moderationemque</strong></span> <span class='ocrx_word' id='word_1_231' title='bbox 1482 1422 1599 1462; x_wconf 89' lang='lat' dir='ltr'><strong>illam</strong></span> <span class='ocrx_word' id='word_1_232' title='bbox 1618 1427 1740 1462; x_wconf 90' lang='lat' dir='ltr'><strong>tuam</strong></span> 
     </span>
     <span class='ocr_line' id='line_1_25' title="bbox 139 1476 1739 1532; baseline -0.004 -11"><span class='ocrx_word' id='word_1_233' title='bbox 139 1494 235 1521; x_wconf 86' lang='lat' dir='ltr'><strong>vere</strong></span> <span class='ocrx_word' id='word_1_234' title='bbox 280 1481 435 1521; x_wconf 84' lang='lat' dir='ltr'><strong>Christi</strong></span> <span class='ocrx_word' id='word_1_235' title='bbox 479 1480 648 1532; x_wconf 87' lang='lat' dir='ltr'><strong>placitis</strong></span> <span class='ocrx_word' id='word_1_236' title='bbox 690 1479 1020 1531; x_wconf 84' lang='lat' dir='ltr'><strong>respondentem</strong></span> <span class='ocrx_word' id='word_1_237' title='bbox 1065 1478 1345 1530; x_wconf 82' lang='lat' dir='ltr'><strong>agnoscimus,</strong></span> <span class='ocrx_word' id='word_1_238' title='bbox 1391 1482 1436 1517; x_wconf 87' lang='lat' dir='ltr'><strong>et</strong></span> <span class='ocrx_word' id='word_1_239' title='bbox 1479 1476 1618 1524; x_wconf 88' lang='lat' dir='ltr'><strong>simul,</strong></span> <span class='ocrx_word' id='word_1_240' title='bbox 1666 1476 1739 1515; x_wconf 86' lang='lat' dir='ltr'><strong>vbi</strong></span> 
     </span>
     <span class='ocr_line' id='line_1_26' title="bbox 137 1531 1798 1588; baseline -0.004 -12"><span class='ocrx_word' id='word_1_241' title='bbox 137 1540 320 1588; x_wconf 88' lang='lat' dir='ltr'><strong>oportet,</strong></span> <span class='ocrx_word' id='word_1_242' title='bbox 366 1535 575 1587; x_wconf 83' lang='lat' dir='ltr'><strong>virgulam</strong></span> <span class='ocrx_word' id='word_1_243' title='bbox 619 1547 789 1586; x_wconf 93' lang='lat' dir='ltr'><strong>quoque</strong></span> <span class='ocrx_word' id='word_1_244' title='bbox 833 1534 1065 1573; x_wconf 88' lang='lat' dir='ltr'><strong>censoriam</strong></span> <span class='ocrx_word' id='word_1_245' title='bbox 1103 1545 1190 1584; x_wconf 89' lang='lat' dir='ltr'><strong>qua</strong></span> <span class='ocrx_word' id='word_1_246' title='bbox 1226 1532 1415 1571; x_wconf 88' lang='lat' dir='ltr'><strong>ostendis</strong></span> <span class='ocrx_word' id='word_1_247' title='bbox 1451 1532 1526 1583; x_wconf 90' lang='lat' dir='ltr'><strong>qui</strong></span> <span class='ocrx_word' id='word_1_248' title='bbox 1562 1531 1742 1570; x_wconf 89' lang='lat' dir='ltr'><strong>deceant</strong></span> <span class='ocrx_word' id='word_1_249' title='bbox 1763 1547 1798 1577; x_wconf 76' lang='lat'><strong>15</strong></span> 
     </span>
     <span class='ocr_line' id='line_1_27' title="bbox 136 1585 1742 1641; baseline -0.004 -11"><span class='ocrx_word' id='word_1_250' title='bbox 136 1594 181 1630; x_wconf 87' lang='lat' dir='ltr'><strong>et</strong></span> <span class='ocrx_word' id='word_1_251' title='bbox 205 1603 303 1630; x_wconf 86' lang='lat' dir='ltr'><strong>vere</strong></span> <span class='ocrx_word' id='word_1_252' title='bbox 332 1589 593 1630; x_wconf 79' lang='lat' dir='ltr'><strong>Christianos</strong></span> <span class='ocrx_word' id='word_1_253' title='bbox 617 1588 840 1641; x_wconf 87' lang='lat' dir='ltr'><strong>pontifices</strong></span> <span class='ocrx_word' id='word_1_254' title='bbox 869 1592 913 1627; x_wconf 91' lang='lat' dir='ltr'><strong>et</strong></span> <span class='ocrx_word' id='word_1_255' title='bbox 941 1588 1152 1640; x_wconf 86' lang='lat' dir='ltr'><strong>principes</strong></span> <span class='ocrx_word' id='word_1_256' title='bbox 1177 1599 1327 1626; x_wconf 89' lang='lat' dir='ltr'><strong>mores.</strong></span> <span class='ocrx_word' id='word_1_257' title='bbox 1384 1585 1507 1634; x_wconf 79' lang='lat' dir='ltr'><strong>Quod</strong></span> <span class='ocrx_word' id='word_1_258' title='bbox 1533 1598 1630 1625; x_wconf 89' lang='lat' dir='ltr'><strong>cum</strong></span> <span class='ocrx_word' id='word_1_259' title='bbox 1655 1598 1742 1624; x_wconf 89' lang='lat' dir='ltr'><strong>non</strong></span> 
     </span>
     <span class='ocr_line' id='line_1_28' title="bbox 137 1639 1740 1691; baseline -0.004 -7"><span class='ocrx_word' id='word_1_260' title='bbox 137 1644 268 1684; x_wconf 85' lang='lat' dir='ltr'><strong>facias</strong></span> <span class='ocrx_word' id='word_1_261' title='bbox 304 1644 518 1691; x_wconf 88' lang='lat' dir='ltr'><strong>sediciose,</strong></span> <span class='ocrx_word' id='word_1_262' title='bbox 557 1643 755 1682; x_wconf 87' lang='lat' dir='ltr'><strong>adulator</strong></span> <span class='ocrx_word' id='word_1_263' title='bbox 790 1646 935 1681; x_wconf 91' lang='lat' dir='ltr'><strong>noster</strong></span> <span class='ocrx_word' id='word_1_264' title='bbox 978 1654 1067 1681; x_wconf 86' lang='lat' dir='ltr'><strong>esse</strong></span> <span class='ocrx_word' id='word_1_265' title='bbox 1110 1641 1322 1687; x_wconf 90' lang='lat' dir='ltr'><strong>iudicaris,</strong></span> <span class='ocrx_word' id='word_1_266' title='bbox 1372 1640 1446 1679; x_wconf 90' lang='lat' dir='ltr'><strong>sed</strong></span> <span class='ocrx_word' id='word_1_267' title='bbox 1490 1639 1545 1679; x_wconf 91' lang='lat' dir='ltr'><strong>ab</strong></span> <span class='ocrx_word' id='word_1_268' title='bbox 1582 1640 1740 1691; x_wconf 89' lang='lat' dir='ltr'><strong>impiis-</strong></span> 
     </span>
     <span class='ocr_line' id='line_1_29' title="bbox 137 1694 1740 1747; baseline -0.004 -9"><span class='ocrx_word' id='word_1_269' title='bbox 137 1699 253 1738; x_wconf 89' lang='lat' dir='ltr'><strong>simis</strong></span> <span class='ocrx_word' id='word_1_270' title='bbox 301 1698 509 1744; x_wconf 87' lang='lat' dir='ltr'><strong>hereticis,</strong></span> <span class='ocrx_word' id='word_1_271' title='bbox 559 1697 782 1736; x_wconf 87' lang='lat' dir='ltr'><strong>leuissimis</strong></span> <span class='ocrx_word' id='word_1_272' title='bbox 830 1696 1053 1747; x_wconf 87' lang='lat' dir='ltr'><strong>apostatis,</strong></span> <span class='ocrx_word' id='word_1_273' title='bbox 1103 1694 1392 1746; x_wconf 88' lang='lat' dir='ltr'><strong>perfidissimis</strong></span> <span class='ocrx_word' id='word_1_274' title='bbox 1441 1694 1740 1733; x_wconf 86' lang='lat' dir='ltr'><strong>desertoribus.</strong></span> 
     </span>
     <span class='ocr_line' id='line_1_30' title="bbox 138 1747 1742 1801; baseline -0.004 -9"><span class='ocrx_word' id='word_1_275' title='bbox 138 1753 378 1792; x_wconf 89' lang='lat' dir='ltr'><strong>Memineris</strong></span> <span class='ocrx_word' id='word_1_276' title='bbox 398 1751 444 1791; x_wconf 84' lang='lat' dir='ltr'><strong>id</strong></span> <span class='ocrx_word' id='word_1_277' title='bbox 464 1751 545 1791; x_wconf 88' lang='lat' dir='ltr'><strong>tibi</strong></span> <span class='ocrx_word' id='word_1_278' title='bbox 566 1752 656 1790; x_wconf 92' lang='lat' dir='ltr'><strong>iure</strong></span> <span class='ocrx_word' id='word_1_279' title='bbox 678 1751 880 1798; x_wconf 87' lang='lat' dir='ltr'><strong>euenisse,</strong></span> <span class='ocrx_word' id='word_1_280' title='bbox 904 1763 991 1789; x_wconf 88' lang='lat' dir='ltr'><strong>non</strong></span> <span class='ocrx_word' id='word_1_281' title='bbox 1013 1750 1186 1801; x_wconf 90' lang='lat' dir='ltr'><strong>quidem</strong></span> <span class='ocrx_word' id='word_1_282' title='bbox 1208 1762 1432 1788; x_wconf 88' lang='lat' dir='ltr'><strong>commune</strong></span> <span class='ocrx_word' id='word_1_283' title='bbox 1455 1761 1552 1787; x_wconf 90' lang='lat' dir='ltr'><strong>cum</strong></span> <span class='ocrx_word' id='word_1_284' title='bbox 1574 1747 1742 1800; x_wconf 81' lang='lat' dir='ltr'><strong>regibus</strong></span> 
     </span>
     <span class='ocr_line' id='line_1_31' title="bbox 137 1802 1802 1858; baseline -0.004 -12"><span class='ocrx_word' id='word_1_285' title='bbox 137 1811 182 1847; x_wconf 88' lang='lat' dir='ltr'><strong>et</strong></span> <span class='ocrx_word' id='word_1_286' title='bbox 214 1806 488 1858; x_wconf 89' lang='lat' dir='ltr'><strong>principibus,</strong></span> <span class='ocrx_word' id='word_1_287' title='bbox 522 1819 576 1845; x_wconf 92' lang='lat' dir='ltr'><strong>ne</strong></span> <span class='ocrx_word' id='word_1_288' title='bbox 608 1806 743 1845; x_wconf 88' lang='lat' dir='ltr'><strong>nostri</strong></span> <span class='ocrx_word' id='word_1_289' title='bbox 776 1804 935 1844; x_wconf 91' lang='lat' dir='ltr'><strong>ordinis</strong></span> <span class='ocrx_word' id='word_1_290' title='bbox 966 1817 1056 1843; x_wconf 88' lang='lat' dir='ltr'><strong>rem</strong></span> <span class='ocrx_word' id='word_1_291' title='bbox 1089 1816 1211 1855; x_wconf 83' lang='lat' dir='ltr'><strong>agere</strong></span> <span class='ocrx_word' id='word_1_292' title='bbox 1244 1803 1351 1842; x_wconf 82' lang='lat' dir='ltr'><strong>velle</strong></span> <span class='ocrx_word' id='word_1_293' title='bbox 1384 1816 1461 1842; x_wconf 86' lang='lat' dir='ltr'><strong>nos</strong></span> <span class='ocrx_word' id='word_1_294' title='bbox 1494 1806 1633 1854; x_wconf 87' lang='lat' dir='ltr'><strong>putes,</strong></span> <span class='ocrx_word' id='word_1_295' title='bbox 1668 1802 1742 1841; x_wconf 78' lang='lat' dir='ltr'><strong>secl</strong></span> <span class='ocrx_word' id='word_1_296' title='bbox 1760 1818 1802 1840; x_wconf 77' lang='lat'><strong>20</strong></span> 
     </span>
     <span class='ocr_line' id='line_1_32' title="bbox 138 1857 1742 1910; baseline -0.004 -9"><span class='ocrx_word' id='word_1_297' title='bbox 138 1875 236 1901; x_wconf 91' lang='lat' dir='ltr'><strong>cum</strong></span> <span class='ocrx_word' id='word_1_298' title='bbox 255 1861 337 1900; x_wconf 82' lang='lat' dir='ltr'><strong>illis</strong></span> <span class='ocrx_word' id='word_1_299' title='bbox 358 1861 634 1900; x_wconf 86' lang='lat' dir='ltr'><strong>sanctissimis</strong></span> <span class='ocrx_word' id='word_1_300' title='bbox 655 1861 741 1899; x_wconf 85' lang='lat' dir='ltr'><strong>tuis</strong></span> <span class='ocrx_word' id='word_1_301' title='bbox 762 1859 957 1910; x_wconf 87' lang='lat' dir='ltr'><strong>patribus</strong></span> <span class='ocrx_word' id='word_1_302' title='bbox 977 1872 986 1906; x_wconf 93' lang='lat'>;</span> <span class='ocrx_word' id='word_1_303' title='bbox 1024 1871 1131 1910; x_wconf 91' lang='lat' dir='ltr'><strong>quos</strong></span> <span class='ocrx_word' id='word_1_304' title='bbox 1152 1863 1202 1898; x_wconf 76' lang='lat' dir='ltr'><strong>vt</strong></span> <span class='ocrx_word' id='word_1_305' title='bbox 1223 1857 1461 1897; x_wconf 80' lang='lat' dir='ltr'><strong>felicissime</strong></span> <span class='ocrx_word' id='word_1_306' title='bbox 1481 1857 1676 1896; x_wconf 88' lang='lat' dir='ltr'><strong>imitatus</strong></span> <span class='ocrx_word' id='word_1_307' title='bbox 1698 1869 1742 1895; x_wconf 86' lang='lat' dir='ltr'><strong>es</strong></span> 
     </span>
     <span class='ocr_line' id='line_1_33' title="bbox 138 1912 1742 1967; baseline -0.004 -12"><span class='ocrx_word' id='word_1_308' title='bbox 138 1916 309 1967; x_wconf 90' lang='lat' dir='ltr'><strong>vbique‚</strong></span> <span class='ocrx_word' id='word_1_309' title='bbox 343 1928 430 1955; x_wconf 90' lang='lat' dir='ltr'><strong>non</strong></span> <span class='ocrx_word' id='word_1_310' title='bbox 462 1919 585 1965; x_wconf 86' lang='lat' dir='ltr'><strong>potes</strong></span> <span class='ocrx_word' id='word_1_311' title='bbox 616 1927 702 1953; x_wconf 91' lang='lat' dir='ltr'><strong>non</strong></span> <span class='ocrx_word' id='word_1_312' title='bbox 734 1913 887 1953; x_wconf 80' lang='lat' dir='ltr'><strong>referre</strong></span> <span class='ocrx_word' id='word_1_313' title='bbox 919 1914 999 1952; x_wconf 89' lang='lat' dir='ltr'><strong>hac</strong></span> <span class='ocrx_word' id='word_1_314' title='bbox 1030 1914 1075 1952; x_wconf 92' lang='lat' dir='ltr'><strong>in</strong></span> <span class='ocrx_word' id='word_1_315' title='bbox 1108 1916 1243 1964; x_wconf 83' lang='lat' dir='ltr'><strong>parte.</strong></span> <span class='ocrx_word' id='word_1_316' title='bbox 1304 1912 1403 1952; x_wconf 91' lang='lat' dir='ltr'><strong>Non</strong></span> <span class='ocrx_word' id='word_1_317' title='bbox 1434 1912 1602 1963; x_wconf 85' lang='lat' dir='ltr'><strong>ignoras</strong></span> <span class='ocrx_word' id='word_1_318' title='bbox 1635 1924 1742 1962; x_wconf 89' lang='lat' dir='ltr'><strong>quas</strong></span> 
     </span>
     <span class='ocr_line' id='line_1_34' title="bbox 137 1965 1743 2022; baseline -0.004 -13"><span class='ocrx_word' id='word_1_319' title='bbox 137 1970 390 2022; x_wconf 86' lang='lat' dir='ltr'><strong>ignominias</strong></span> <span class='ocrx_word' id='word_1_320' title='bbox 421 1969 494 2016; x_wconf 87' lang='lat' dir='ltr'><strong>illi,</strong></span> <span class='ocrx_word' id='word_1_321' title='bbox 528 1981 636 2020; x_wconf 90' lang='lat' dir='ltr'><strong>quos</strong></span> <span class='ocrx_word' id='word_1_322' title='bbox 668 1969 893 2014; x_wconf 88' lang='lat' dir='ltr'><strong>cruciatus,</strong></span> <span class='ocrx_word' id='word_1_323' title='bbox 927 1981 1010 2019; x_wconf 91' lang='lat' dir='ltr'><strong>que</strong></span> <span class='ocrx_word' id='word_1_324' title='bbox 1042 1970 1270 2013; x_wconf 90' lang='lat' dir='ltr'><strong>tormenta,</strong></span> <span class='ocrx_word' id='word_1_325' title='bbox 1305 1979 1388 2017; x_wconf 92' lang='lat' dir='ltr'><strong>que</strong></span> <span class='ocrx_word' id='word_1_326' title='bbox 1421 1966 1609 2005; x_wconf 89' lang='lat' dir='ltr'><strong>conuitia</strong></span> <span class='ocrx_word' id='word_1_327' title='bbox 1640 1965 1743 2016; x_wconf 85' lang='lat' dir='ltr'><strong>ipsis</strong></span> 
     </span>
     <span class='ocr_line' id='line_1_35' title="bbox 138 2019 1744 2068; baseline -0.004 -4"><span class='ocrx_word' id='word_1_328' title='bbox 138 2025 365 2064; x_wconf 86' lang='lat' dir='ltr'><strong>tormentis</strong></span> <span class='ocrx_word' id='word_1_329' title='bbox 391 2028 435 2062; x_wconf 89' lang='lat' dir='ltr'><strong>et</strong></span> <span class='ocrx_word' id='word_1_330' title='bbox 460 2023 670 2063; x_wconf 90' lang='lat' dir='ltr'><strong>mortibus</strong></span> <span class='ocrx_word' id='word_1_331' title='bbox 696 2022 913 2062; x_wconf 87' lang='lat' dir='ltr'><strong>acerbiora</strong></span> <span class='ocrx_word' id='word_1_332' title='bbox 938 2022 1231 2068; x_wconf 85' lang='lat' dir='ltr'><strong>sustinuerint,</strong></span> <span class='ocrx_word' id='word_1_333' title='bbox 1255 2020 1388 2060; x_wconf 88' lang='lat' dir='ltr'><strong>donec</strong></span> <span class='ocrx_word' id='word_1_334' title='bbox 1411 2020 1633 2059; x_wconf 87' lang='lat' dir='ltr'><strong>adueniret</strong></span> <span class='ocrx_word' id='word_1_335' title='bbox 1654 2019 1744 2058; x_wconf 85' lang='lat' dir='ltr'><strong>dies</strong></span> 
     </span>
     <span class='ocr_line' id='line_1_36' title="bbox 137 2074 1830 2130; baseline -0.004 -12"><span class='ocrx_word' id='word_1_336' title='bbox 137 2078 206 2118; x_wconf 91' lang='lat' dir='ltr'><strong>ille</strong></span> <span class='ocrx_word' id='word_1_337' title='bbox 232 2078 306 2130; x_wconf 90' lang='lat' dir='ltr'><strong>qui</strong></span> <span class='ocrx_word' id='word_1_338' title='bbox 334 2078 490 2130; x_wconf 88' lang='lat' dir='ltr'><strong>eripuit</strong></span> <span class='ocrx_word' id='word_1_339' title='bbox 515 2090 586 2117; x_wconf 89' lang='lat' dir='ltr'><strong>eos</strong></span> <span class='ocrx_word' id='word_1_340' title='bbox 614 2077 749 2116; x_wconf 88' lang='lat' dir='ltr'><strong>malis.</strong></span> <span class='ocrx_word' id='word_1_341' title='bbox 801 2076 868 2117; x_wconf 82' lang='lat' dir='ltr'><strong>Sic</strong></span> <span class='ocrx_word' id='word_1_342' title='bbox 897 2076 1083 2128; x_wconf 84' lang='lat' dir='ltr'><strong>reposita</strong></span> <span class='ocrx_word' id='word_1_343' title='bbox 1111 2079 1177 2115; x_wconf 86' lang='lat' dir='ltr'><strong>est</strong></span> <span class='ocrx_word' id='word_1_344' title='bbox 1199 2088 1357 2114; x_wconf 89' lang='lat' dir='ltr'><strong>merces</strong></span> <span class='ocrx_word' id='word_1_345' title='bbox 1379 2076 1423 2114; x_wconf 88' lang='lat' dir='ltr'><strong>in</strong></span> <span class='ocrx_word' id='word_1_346' title='bbox 1446 2074 1544 2114; x_wconf 85' lang='lat' dir='ltr'><strong>celis</strong></span> <span class='ocrx_word' id='word_1_347' title='bbox 1568 2086 1743 2126; x_wconf 89' lang='lat' dir='ltr'><strong>operum</strong></span> <span class='ocrx_word' id='word_1_348' title='bbox 1762 2089 1800 2121; x_wconf 77' lang='lat'><strong>25</strong></span> <span class='ocrx_word' id='word_1_349' title='bbox 1818 2091 1830 2099; x_wconf 78' lang='grc'><em>·</em></span> 
     </span>
     <span class='ocr_line' id='line_1_37' title="bbox 139 2138 327 2172; baseline -0.005 0"><span class='ocrx_word' id='word_1_350' title='bbox 139 2138 327 2172; x_wconf 81' lang='lat' dir='ltr'><strong>tuorum.</strong></span> 
     </span>
    </p>

    <p class='ocr_par' dir='ltr' id='par_1_7' title="bbox 140 2183 1804 2402">
     <span class='ocr_line' id='line_1_38' title="bbox 195 2183 1741 2238; baseline -0.003 -12"><span class='ocrx_word' id='word_1_351' title='bbox 195 2186 365 2227; x_wconf 83' lang='lat' dir='ltr'><strong>Sustine</strong></span> <span class='ocrx_word' id='word_1_352' title='bbox 398 2187 528 2238; x_wconf 85' lang='lat' dir='ltr'><strong>igitur</strong></span> <span class='ocrx_word' id='word_1_353' title='bbox 562 2190 607 2225; x_wconf 89' lang='lat' dir='ltr'><strong>et</strong></span> <span class='ocrx_word' id='word_1_354' title='bbox 642 2185 819 2225; x_wconf 86' lang='lat' dir='ltr'><strong>viriliter</strong></span> <span class='ocrx_word' id='word_1_355' title='bbox 853 2198 930 2237; x_wconf 83' lang='lat' dir='ltr'><strong>age</strong></span> <span class='ocrx_word' id='word_1_356' title='bbox 965 2184 1099 2224; x_wconf 89' lang='lat' dir='ltr'><strong>donec</strong></span> <span class='ocrx_word' id='word_1_357' title='bbox 1135 2197 1232 2223; x_wconf 89' lang='lat' dir='ltr'><strong>cum</strong></span> <span class='ocrx_word' id='word_1_358' title='bbox 1268 2183 1402 2223; x_wconf 89' lang='lat' dir='ltr'><strong>Paulo</strong></span> <span class='ocrx_word' id='word_1_359' title='bbox 1436 2187 1514 2222; x_wconf 90' lang='lat' dir='ltr'><strong>tuo</strong></span> <span class='ocrx_word' id='word_1_360' title='bbox 1550 2195 1741 2222; x_wconf 85' lang='lat' dir='ltr'><strong>consum-</strong></span> 
     </span>
     <span class='ocr_line' id='line_1_39' title="bbox 142 2236 1745 2292; baseline -0.004 -12"><span class='ocrx_word' id='word_1_361' title='bbox 142 2241 323 2280; x_wconf 78' lang='lat' dir='ltr'><strong>maueriS</strong></span> <span class='ocrx_word' id='word_1_362' title='bbox 350 2253 533 2288; x_wconf 88' lang='lat' dir='ltr'><strong>cursum,</strong></span> <span class='ocrx_word' id='word_1_363' title='bbox 563 2240 679 2292; x_wconf 93' lang='lat' dir='ltr'><strong>quod</strong></span> <span class='ocrx_word' id='word_1_364' title='bbox 706 2244 750 2279; x_wconf 88' lang='lat' dir='ltr'><strong>te</strong></span> <span class='ocrx_word' id='word_1_365' title='bbox 778 2239 934 2279; x_wconf 86' lang='lat' dir='ltr'><strong>alicubi</strong></span> <span class='ocrx_word' id='word_1_366' title='bbox 962 2243 1111 2291; x_wconf 88' lang='lat' dir='ltr'><strong>optare</strong></span> <span class='ocrx_word' id='word_1_367' title='bbox 1138 2238 1347 2277; x_wconf 83' lang='lat' dir='ltr'><strong>videmus.</strong></span> <span class='ocrx_word' id='word_1_368' title='bbox 1404 2236 1493 2277; x_wconf 91' lang='lat' dir='ltr'><strong>Nos</strong></span> <span class='ocrx_word' id='word_1_369' title='bbox 1521 2240 1667 2275; x_wconf 86' lang='lat' dir='ltr'><strong>autem</strong></span> <span class='ocrx_word' id='word_1_370' title='bbox 1695 2240 1745 2274; x_wconf 82' lang='lat' dir='ltr'><strong>vt</strong></span> 
     </span>
     <span class='ocr_line' id='line_1_40' title="bbox 140 2290 1745 2346; baseline -0.004 -12"><span class='ocrx_word' id='word_1_371' title='bbox 140 2295 185 2334; x_wconf 92' lang='lat' dir='ltr'><strong>id</strong></span> <span class='ocrx_word' id='word_1_372' title='bbox 201 2295 279 2334; x_wconf 90' lang='lat' dir='ltr'><strong>fiat</strong></span> <span class='ocrx_word' id='word_1_373' title='bbox 295 2295 425 2334; x_wconf 88' lang='lat' dir='ltr'><strong>serius</strong></span> <span class='ocrx_word' id='word_1_374' title='bbox 441 2307 676 2346; x_wconf 88' lang='lat' dir='ltr'><strong>precamur,</strong></span> <span class='ocrx_word' id='word_1_375' title='bbox 695 2307 781 2346; x_wconf 92' lang='lat' dir='ltr'><strong>quo</strong></span> <span class='ocrx_word' id='word_1_376' title='bbox 798 2293 1016 2333; x_wconf 87' lang='lat' dir='ltr'><strong>abundare</strong></span> <span class='ocrx_word' id='word_1_377' title='bbox 1032 2293 1159 2332; x_wconf 87' lang='lat' dir='ltr'><strong>liceat</strong></span> <span class='ocrx_word' id='word_1_378' title='bbox 1173 2293 1225 2332; x_wconf 90' lang='lat' dir='ltr'><strong>iis</strong></span> <span class='ocrx_word' id='word_1_379' title='bbox 1242 2292 1464 2331; x_wconf 86' lang='lat' dir='ltr'><strong>autoribus</strong></span> <span class='ocrx_word' id='word_1_380' title='bbox 1480 2295 1525 2330; x_wconf 91' lang='lat' dir='ltr'><strong>et</strong></span> <span class='ocrx_word' id='word_1_381' title='bbox 1540 2290 1745 2330; x_wconf 88' lang='lat' dir='ltr'><strong>doctrinis</strong></span> 
     </span>
     <span class='ocr_line' id='line_1_41' title="bbox 143 2344 1804 2402; baseline -0.004 -13"><span class='ocrx_word' id='word_1_382' title='bbox 143 2363 225 2402; x_wconf 89' lang='lat' dir='ltr'><strong>que</strong></span> <span class='ocrx_word' id='word_1_383' title='bbox 249 2349 485 2389; x_wconf 84' lang='lat' dir='ltr'><strong>Christiane</strong></span> <span class='ocrx_word' id='word_1_384' title='bbox 508 2348 758 2401; x_wconf 85' lang='lat' dir='ltr'><strong>professioni</strong></span> <span class='ocrx_word' id='word_1_385' title='bbox 781 2349 973 2401; x_wconf 82' lang='lat' dir='ltr'><strong>proxime</strong></span> <span class='ocrx_word' id='word_1_386' title='bbox 998 2347 1220 2387; x_wconf 86' lang='lat' dir='ltr'><strong>accedunt.</strong></span> <span class='ocrx_word' id='word_1_387' title='bbox 1273 2346 1337 2385; x_wconf 89' lang='lat' dir='ltr'><strong>Tu</strong></span> <span class='ocrx_word' id='word_1_388' title='bbox 1362 2346 1474 2385; x_wconf 89' lang='lat' dir='ltr'><strong>enim</strong></span> <span class='ocrx_word' id='word_1_389' title='bbox 1498 2358 1584 2384; x_wconf 92' lang='lat' dir='ltr'><strong>non</strong></span> <span class='ocrx_word' id='word_1_390' title='bbox 1608 2344 1744 2383; x_wconf 87' lang='lat' dir='ltr'><strong>solum</strong></span> <span class='ocrx_word' id='word_1_391' title='bbox 1763 2361 1804 2391; x_wconf 83' lang='lat'><strong>30</strong></span> 
     </span>
    </p>
   </div>
   <div class='ocr_carea' id='block_1_5' title="bbox 143 2442 1744 2897">
    <p class='ocr_par' dir='ltr' id='par_1_8' title="bbox 143 2442 1743 2619">
     <span class='ocr_line' id='line_1_42' title="bbox 188 2442 1742 2489; baseline -0.004 -9"><span class='ocrx_word' id='word_1_392' title='bbox 188 2457 256 2481; x_wconf 71' lang='grc'>111.</span> <span class='ocrx_word' id='word_1_393' title='bbox 281 2456 428 2481; x_wconf 80' lang='lat' dir='ltr'><strong>IMPEBn</strong></span> <span class='ocrx_word' id='word_1_394' title='bbox 453 2460 520 2489; x_wconf 71' lang='grc' dir='ltr'><strong>αγε</strong></span> <span class='ocrx_word' id='word_1_395' title='bbox 557 2456 769 2480; x_wconf 77' lang='lat' dir='ltr'><strong>IMPERIALIS</strong></span> <span class='ocrx_word' id='word_1_396' title='bbox 794 2450 827 2482; x_wconf 75' lang='grc' dir='ltr'><strong>β.</strong></span> <span class='ocrx_word' id='word_1_397' title='bbox 1057 2455 1082 2478; x_wconf 91' lang='grc'><strong>1.</strong></span> <span class='ocrx_word' id='word_1_398' title='bbox 1110 2456 1131 2478; x_wconf 84' lang='lat' dir='ltr'><strong>a</strong></span> <span class='ocrx_word' id='word_1_399' title='bbox 1156 2458 1200 2477; x_wconf 79' lang='lat' dir='ltr'><strong>a:</strong></span> <span class='ocrx_word' id='word_1_400' title='bbox 1237 2455 1256 2477; x_wconf 89' lang='grc'><strong>6</strong></span> <span class='ocrx_word' id='word_1_401' title='bbox 1280 2458 1312 2485; x_wconf 74' lang='lat'><strong>7·</strong></span> <span class='ocrx_word' id='word_1_402' title='bbox 1546 2446 1576 2475; x_wconf 84' lang='grc'><strong>8.</strong></span> <span class='ocrx_word' id='word_1_403' title='bbox 1603 2442 1650 2474; x_wconf 91' lang='grc' dir='ltr'><strong>Η1</strong></span> <span class='ocrx_word' id='word_1_404' title='bbox 1675 2454 1742 2482; x_wconf 75' lang='lat'><strong>‘²72</strong></span> 
     </span>
     <span class='ocr_line' id='line_1_43' title="bbox 146 2491 1743 2533; baseline -0.004 -9"><span class='ocrx_word' id='word_1_405' title='bbox 146 2493 204 2524; x_wconf 90' lang='lat' dir='ltr'><strong>Hii</strong></span> <span class='ocrx_word' id='word_1_406' title='bbox 223 2495 256 2525; x_wconf 73' lang='lat'><strong>13.</strong></span> <span class='ocrx_word' id='word_1_407' title='bbox 411 2501 460 2531; x_wconf 85' lang='lat'><strong>14.</strong></span> <span class='ocrx_word' id='word_1_408' title='bbox 486 2491 625 2533; x_wconf 77' lang='lat' dir='ltr'><strong>placitis</strong></span> <span class='ocrx_word' id='word_1_409' title='bbox 642 2505 659 2521; x_wconf 72' lang='lat' dir='ltr'><strong>a</strong></span> <span class='ocrx_word' id='word_1_410' title='bbox 677 2503 685 2523; x_wconf 91' lang='lat'><strong>:</strong></span> <span class='ocrx_word' id='word_1_411' title='bbox 716 2491 847 2533; x_wconf 80' lang='lat' dir='ltr'><strong>plantis</strong></span> <span class='ocrx_word' id='word_1_412' title='bbox 864 2503 896 2531; x_wconf 77' lang='grc' dir='ltr'><strong>γ.</strong></span> <span class='ocrx_word' id='word_1_413' title='bbox 1079 2498 1127 2530; x_wconf 92' lang='lat'><strong>17.</strong></span> <span class='ocrx_word' id='word_1_414' title='bbox 1153 2492 1273 2521; x_wconf 83' lang='lat' dir='ltr'><strong>noster</strong></span> <span class='ocrx_word' id='word_1_415' title='bbox 1289 2501 1307 2518; x_wconf 82' lang='grc' dir='ltr'><em>α</em></span> <span class='ocrx_word' id='word_1_416' title='bbox 1325 2500 1332 2520; x_wconf 90' lang='lat'>:</span> <span class='ocrx_word' id='word_1_417' title='bbox 1356 2498 1427 2519; x_wconf 91' lang='lat' dir='ltr'><strong>non</strong></span> <span class='ocrx_word' id='word_1_418' title='bbox 1451 2500 1482 2528; x_wconf 75' lang='grc' dir='ltr'><strong>γ.</strong></span> <span class='ocrx_word' id='word_1_419' title='bbox 1670 2495 1743 2517; x_wconf 83' lang='lat' dir='ltr'><strong>esse</strong></span> 
     </span>
     <span class='ocr_line' id='line_1_44' title="bbox 144 2532 1740 2576; baseline -0.004 -9"><span class='ocrx_word' id='word_1_420' title='bbox 144 2535 306 2567; x_wconf 81' lang='lat' dir='ltr'><strong>iudicaris</strong></span> <span class='ocrx_word' id='word_1_421' title='bbox 329 2546 397 2576; x_wconf 71' lang='grc' dir='ltr'><strong>α’γς</strong></span> <span class='ocrx_word' id='word_1_422' title='bbox 433 2535 642 2576; x_wconf 81' lang='lat' dir='ltr'><strong>praedicaris</strong></span> <span class='ocrx_word' id='word_1_423' title='bbox 665 2538 698 2568; x_wconf 72' lang='grc' dir='ltr'><strong>β.</strong></span> <span class='ocrx_word' id='word_1_424' title='bbox 877 2543 929 2566; x_wconf 86' lang='lat'><strong>21.</strong></span> <span class='ocrx_word' id='word_1_425' title='bbox 957 2545 1024 2573; x_wconf 74' lang='lat'><strong>&lt;¹7³</strong></span> <span class='ocrx_word' id='word_1_426' title='bbox 1060 2532 1188 2574; x_wconf 78' lang='lat' dir='ltr'><strong>patrib.</strong></span> <span class='ocrx_word' id='word_1_427' title='bbox 1214 2532 1296 2564; x_wconf 85' lang='lat' dir='ltr'><strong>tuis.</strong></span> <span class='ocrx_word' id='word_1_428' title='bbox 1321 2534 1354 2565; x_wconf 72' lang='grc' dir='ltr'><strong>β.</strong></span> <span class='ocrx_word' id='word_1_429' title='bbox 1540 2538 1590 2570; x_wconf 80' lang='lat'><strong>25.</strong></span> <span class='ocrx_word' id='word_1_430' title='bbox 1617 2539 1674 2560; x_wconf 89' lang='lat' dir='ltr'><strong>eos</strong></span> <span class='ocrx_word' id='word_1_431' title='bbox 1698 2541 1740 2561; x_wconf 74' lang='lat' dir='ltr'><strong>n:</strong></span> 
     </span>
     <span class='ocr_line' id='line_1_45' title="bbox 143 2575 1364 2619; baseline -0.004 -8"><span class='ocrx_word' id='word_1_432' title='bbox 143 2579 221 2611; x_wconf 84' lang='lat' dir='ltr'><strong>illos</strong></span> <span class='ocrx_word' id='word_1_433' title='bbox 234 2591 266 2618; x_wconf 80' lang='grc' dir='ltr'><strong>-γ,</strong></span> <span class='ocrx_word' id='word_1_434' title='bbox 403 2588 457 2618; x_wconf 87' lang='lat'><strong>29.</strong></span> <span class='ocrx_word' id='word_1_435' title='bbox 482 2579 525 2611; x_wconf 87' lang='lat' dir='ltr'><strong>iis</strong></span> <span class='ocrx_word' id='word_1_436' title='bbox 537 2591 581 2619; x_wconf 74' lang='grc' dir='ltr'><strong>(ιγ</strong></span> <span class='ocrx_word' id='word_1_437' title='bbox 595 2591 604 2611; x_wconf 74' lang='grc' dir='ltr'><strong><em>ι</em></strong></span> <span class='ocrx_word' id='word_1_438' title='bbox 631 2578 685 2610; x_wconf 84' lang='grc'>1113</span> <span class='ocrx_word' id='word_1_439' title='bbox 698 2581 732 2613; x_wconf 78' lang='grc' dir='ltr'><strong>β.</strong></span> <span class='ocrx_word' id='word_1_440' title='bbox 874 2586 926 2617; x_wconf 89' lang='lat'><strong>30.</strong></span> <span class='ocrx_word' id='word_1_441' title='bbox 952 2587 1023 2609; x_wconf 91' lang='lat' dir='ltr'><strong>non</strong></span> <span class='ocrx_word' id='word_1_442' title='bbox 1038 2588 1082 2615; x_wconf 68' lang='grc' dir='ltr'><strong>(νγ</strong></span> <span class='ocrx_word' id='word_1_443' title='bbox 1097 2587 1105 2607; x_wconf 88' lang='lat'>:</span> <span class='ocrx_word' id='word_1_444' title='bbox 1132 2575 1233 2608; x_wconf 87' lang='lat' dir='ltr'><strong>nobis</strong></span> <span class='ocrx_word' id='word_1_445' title='bbox 1246 2585 1317 2607; x_wconf 89' lang='lat' dir='ltr'><strong>non</strong></span> <span class='ocrx_word' id='word_1_446' title='bbox 1332 2577 1364 2609; x_wconf 78' lang='lat' dir='ltr'><strong>B.</strong></span> 
     </span>
    </p>

    <p class='ocr_par' dir='ltr' id='par_1_9' title="bbox 145 2678 1744 2809">
     <span class='ocr_line' id='line_1_46' title="bbox 186 2678 1150 2721; baseline -0.003 -9"><span class='ocrx_word' id='word_1_447' title='bbox 186 2691 218 2721; x_wconf 78' lang='lat'><strong>4.</strong></span> <span class='ocrx_word' id='word_1_448' title='bbox 245 2684 324 2713; x_wconf 87' lang='lat' dir='ltr'><strong>tute</strong></span> <span class='ocrx_word' id='word_1_449' title='bbox 341 2681 377 2712; x_wconf 91' lang='lat' dir='ltr'><strong>in</strong></span> <span class='ocrx_word' id='word_1_450' title='bbox 395 2681 515 2720; x_wconf 83' lang='lat' dir='ltr'><strong>causa]</strong></span> <span class='ocrx_word' id='word_1_451' title='bbox 533 2680 605 2712; x_wconf 84' lang='lat' dir='ltr'><strong>The</strong></span> <span class='ocrx_word' id='word_1_452' title='bbox 623 2679 772 2712; x_wconf 81' lang='lat' dir='ltr'><strong>allusion</strong></span> <span class='ocrx_word' id='word_1_453' title='bbox 790 2681 819 2711; x_wconf 89' lang='lat' dir='ltr'><strong>is</strong></span> <span class='ocrx_word' id='word_1_454' title='bbox 838 2690 911 2721; x_wconf 89' lang='lat' dir='ltr'><strong>per·</strong></span> <span class='ocrx_word' id='word_1_455' title='bbox 975 2678 1010 2710; x_wconf 93' lang='lat' dir='ltr'><strong>ll.</strong></span> <span class='ocrx_word' id='word_1_456' title='bbox 1032 2679 1150 2719; x_wconf 79' lang='lat'><strong>15-16.</strong></span> 
     </span>
     <span class='ocr_line' id='line_1_47' title="bbox 145 2717 1744 2766; baseline -0.004 -9"><span class='ocrx_word' id='word_1_457' title='bbox 145 2726 231 2766; x_wconf 78' lang='lat' dir='ltr'><strong>haps</strong></span> <span class='ocrx_word' id='word_1_458' title='bbox 255 2728 293 2756; x_wconf 89' lang='lat' dir='ltr'><strong>to</strong></span> <span class='ocrx_word' id='word_1_459' title='bbox 315 2723 491 2756; x_wconf 82' lang='lat' dir='ltr'><strong>Erasmus’</strong></span> <span class='ocrx_word' id='word_1_460' title='bbox 516 2723 644 2756; x_wconf 78' lang='lat' dir='ltr'><strong>refusal</strong></span> <span class='ocrx_word' id='word_1_461' title='bbox 667 2727 705 2756; x_wconf 89' lang='lat' dir='ltr'><strong>to</strong></span> <span class='ocrx_word' id='word_1_462' title='bbox 727 2724 812 2755; x_wconf 86' lang='lat' dir='ltr'><strong>visit</strong></span> <span class='ocrx_word' id='word_1_463' title='bbox 833 2723 912 2755; x_wconf 87' lang='lat' dir='ltr'><strong>Fer·</strong></span> <span class='ocrx_word' id='word_1_464' title='bbox 1019 2732 1049 2762; x_wconf 92' lang='lat'><strong>7.</strong></span> <span class='ocrx_word' id='word_1_465' title='bbox 1076 2719 1256 2762; x_wconf 87' lang='lat' dir='ltr'><strong>precones]</strong></span> <span class='ocrx_word' id='word_1_466' title='bbox 1298 2720 1391 2753; x_wconf 77' lang='grc'>811611</span> <span class='ocrx_word' id='word_1_467' title='bbox 1434 2730 1472 2751; x_wconf 77' lang='lat' dir='ltr'><strong>as</strong></span> <span class='ocrx_word' id='word_1_468' title='bbox 1517 2718 1629 2751; x_wconf 81' lang='lat' dir='ltr'><strong>Faber</strong></span> <span class='ocrx_word' id='word_1_469' title='bbox 1663 2717 1744 2760; x_wconf 87' lang='lat' dir='ltr'><strong>(Ep.</strong></span> 
     </span>
     <span class='ocr_line' id='line_1_48' title="bbox 145 2762 1743 2809; baseline -0.004 -9"><span class='ocrx_word' id='word_1_470' title='bbox 145 2768 277 2800; x_wconf 77' lang='lat' dir='ltr'><strong>dinand</strong></span> <span class='ocrx_word' id='word_1_471' title='bbox 306 2768 428 2800; x_wconf 79' lang='lat' dir='ltr'><strong>earlier</strong></span> <span class='ocrx_word' id='word_1_472' title='bbox 456 2768 492 2799; x_wconf 91' lang='lat' dir='ltr'><strong>in</strong></span> <span class='ocrx_word' id='word_1_473' title='bbox 521 2767 582 2800; x_wconf 87' lang='lat' dir='ltr'><strong>tho</strong></span> <span class='ocrx_word' id='word_1_474' title='bbox 610 2777 718 2809; x_wconf 83' lang='lat' dir='ltr'><strong>year;</strong></span> <span class='ocrx_word' id='word_1_475' title='bbox 759 2777 815 2798; x_wconf 87' lang='grc'><strong>366</strong></span> <span class='ocrx_word' id='word_1_476' title='bbox 845 2766 910 2807; x_wconf 88' lang='lat' dir='ltr'><strong>Ep.</strong></span> <span class='ocrx_word' id='word_1_477' title='bbox 981 2766 1073 2805; x_wconf 89' lang='lat'><strong>1382.</strong></span> <span class='ocrx_word' id='word_1_478' title='bbox 1096 2767 1177 2804; x_wconf 76' lang='lat'>3311)</span> <span class='ocrx_word' id='word_1_479' title='bbox 1197 2764 1266 2796; x_wconf 84' lang='lat' dir='ltr'><strong>aud</strong></span> <span class='ocrx_word' id='word_1_480' title='bbox 1285 2762 1423 2805; x_wconf 84' lang='lat' dir='ltr'><strong>Spiegel</strong></span> <span class='ocrx_word' id='word_1_481' title='bbox 1442 2762 1546 2805; x_wconf 87' lang='lat' dir='ltr'><strong>(Epp.</strong></span> <span class='ocrx_word' id='word_1_482' title='bbox 1568 2771 1642 2802; x_wconf 84' lang='lat'><strong>323.</strong></span> <span class='ocrx_word' id='word_1_483' title='bbox 1668 2771 1743 2799; x_wconf 86' lang='lat'><strong>1211,</strong></span> 
     </span>
    </p>

    <p class='ocr_par' dir='ltr' id='par_1_10' title="bbox 150 2810 1550 2897">
     <span class='ocr_line' id='line_1_49' title="bbox 1022 2816 1113 2831; baseline 0 -5"><span class='ocrx_word' id='word_1_484' title='bbox 1022 2817 1038 2831; x_wconf 71' lang='lat'><strong>.‚</strong></span> <span class='ocrx_word' id='word_1_485' title='bbox 1100 2816 1113 2826; x_wconf 58' lang='lat'><strong>.</strong></span> 
     </span>
     <span class='ocr_line' id='line_1_50' title="bbox 150 2810 1550 2897; baseline -0.004 -10"><span class='ocrx_word' id='word_1_486' title='bbox 150 2812 391 2897; x_wconf 47' lang='lat' dir='ltr'><strong>1452&#39;pgccgare]</strong></span> <span class='ocrx_word' id='word_1_487' title='bbox 406 2853 457 2887; x_wconf 83' lang='lat' dir='ltr'><strong>Cf.</strong></span> <span class='ocrx_word' id='word_1_488' title='bbox 475 2854 559 2886; x_wconf 84' lang='lat' dir='ltr'><strong>Hor.</strong></span> <span class='ocrx_word' id='word_1_489' title='bbox 576 2854 641 2894; x_wconf 77' lang='lat' dir='ltr'><strong>Ep.</strong></span> <span class='ocrx_word' id='word_1_490' title='bbox 659 2863 689 2885; x_wconf 91' lang='lat'><strong>2.</strong></span> <span class='ocrx_word' id='word_1_491' title='bbox 712 2863 737 2885; x_wconf 91' lang='lat'><strong>1.</strong></span> <span class='ocrx_word' id='word_1_492' title='bbox 756 2862 785 2893; x_wconf 88' lang='lat'><strong>3.</strong></span> <span class='ocrx_word' id='word_1_493' title='bbox 982 2810 1246 2891; x_wconf 52' lang='lat' dir='ltr'><strong>13{}.i1(1)e11?ces]</strong></span> <span class='ocrx_word' id='word_1_494' title='bbox 1261 2849 1311 2882; x_wconf 80' lang='lat' dir='ltr'><strong>Cf.</strong></span> <span class='ocrx_word' id='word_1_495' title='bbox 1329 2850 1433 2882; x_wconf 78' lang='lat' dir='ltr'><strong>Matt.</strong></span> <span class='ocrx_word' id='word_1_496' title='bbox 1452 2859 1480 2891; x_wconf 86' lang='lat'><strong>5.</strong></span> <span class='ocrx_word' id='word_1_497' title='bbox 1502 2859 1550 2881; x_wconf 89' lang='lat'><strong>12.</strong></span> 
     </span>
    </p>
   </div>
   <div class='ocr_carea' id='block_1_6' title="bbox 146 2893 1744 3071">
    <p class='ocr_par' dir='ltr' id='par_1_11' title="bbox 146 2893 1744 3027">
     <span class='ocr_line' id='line_1_51' title="bbox 192 2893 1744 2940; baseline -0.004 -10"><span class='ocrx_word' id='word_1_498' title='bbox 192 2908 221 2940; x_wconf 89' lang='lat'><strong>5.</strong></span> <span class='ocrx_word' id='word_1_499' title='bbox 246 2898 392 2940; x_wconf 86' lang='lat' dir='ltr'><strong>legimus</strong></span> <span class='ocrx_word' id='word_1_500' title='bbox 440 2897 521 2939; x_wconf 89' lang='lat' dir='ltr'><strong>ipsi]</strong></span> <span class='ocrx_word' id='word_1_501' title='bbox 571 2897 638 2929; x_wconf 86' lang='lat' dir='ltr'><strong>For</strong></span> <span class='ocrx_word' id='word_1_502' title='bbox 687 2895 916 2928; x_wconf 80' lang='lat' dir='ltr'><strong>Ferdinand’s</strong></span> <span class='ocrx_word' id='word_1_503' title='bbox 1022 2903 1074 2933; x_wconf 85' lang='lat'><strong>27.</strong></span> <span class='ocrx_word' id='word_1_504' title='bbox 1100 2893 1256 2933; x_wconf 84' lang='lat' dir='ltr'><strong>Sustine]</strong></span> <span class='ocrx_word' id='word_1_505' title='bbox 1281 2893 1332 2926; x_wconf 81' lang='lat' dir='ltr'><strong>Cf.</strong></span> <span class='ocrx_word' id='word_1_506' title='bbox 1359 2893 1423 2935; x_wconf 88' lang='lat' dir='ltr'><strong>Ep.</strong></span> <span class='ocrx_word' id='word_1_507' title='bbox 1450 2902 1527 2932; x_wconf 88' lang='lat'><strong>929.</strong></span> <span class='ocrx_word' id='word_1_508' title='bbox 1555 2901 1646 2933; x_wconf 76' lang='lat' dir='ltr'><strong>33n3</strong></span> <span class='ocrx_word' id='word_1_509' title='bbox 1684 2893 1744 2925; x_wconf 83' lang='lat' dir='ltr'><strong>the</strong></span> 
     </span>
     <span class='ocr_line' id='line_1_52' title="bbox 146 2935 1744 2980; baseline -0.004 -5"><span class='ocrx_word' id='word_1_510' title='bbox 146 2944 293 2975; x_wconf 85' lang='lat' dir='ltr'><strong>interest</strong></span> <span class='ocrx_word' id='word_1_511' title='bbox 321 2942 356 2973; x_wconf 92' lang='lat' dir='ltr'><strong>in</strong></span> <span class='ocrx_word' id='word_1_512' title='bbox 386 2941 447 2973; x_wconf 90' lang='lat' dir='ltr'><strong>the</strong></span> <span class='ocrx_word' id='word_1_513' title='bbox 478 2941 564 2973; x_wconf 71' lang='lat' dir='ltr'><strong>lust.</strong></span> <span class='ocrx_word' id='word_1_514' title='bbox 595 2939 774 2980; x_wconf 69' lang='lat' dir='ltr'><strong>Principis</strong></span> <span class='ocrx_word' id='word_1_515' title='bbox 802 2938 916 2971; x_wconf 70' lang='lat' dir='ltr'><strong>Chris·</strong></span> <span class='ocrx_word' id='word_1_516' title='bbox 979 2937 1150 2971; x_wconf 82' lang='lat' dir='ltr'><strong>medieval</strong></span> <span class='ocrx_word' id='word_1_517' title='bbox 1165 2936 1374 2969; x_wconf 77' lang='lat' dir='ltr'><strong>translation</strong></span> <span class='ocrx_word' id='word_1_518' title='bbox 1390 2937 1425 2969; x_wconf 74' lang='lat' dir='ltr'><strong>of</strong></span> <span class='ocrx_word' id='word_1_519' title='bbox 1440 2937 1500 2970; x_wconf 79' lang='lat' dir='ltr'><strong>the</strong></span> <span class='ocrx_word' id='word_1_520' title='bbox 1516 2935 1627 2970; x_wconf 87' lang='lat' dir='ltr'><strong>Greek</strong></span> <span class='ocrx_word' id='word_1_521' title='bbox 1644 2936 1744 2979; x_wconf 86' lang='lat' dir='ltr'><strong>being</strong></span> 
     </span>
     <span class='ocr_line' id='line_1_53' title="bbox 146 2980 1352 3027; baseline -0.004 -9"><span class='ocrx_word' id='word_1_522' title='bbox 146 2985 236 3018; x_wconf 77' lang='lat' dir='ltr'><strong>tiani</strong></span> <span class='ocrx_word' id='word_1_523' title='bbox 264 2995 321 3018; x_wconf 87' lang='grc'><strong>366</strong></span> <span class='ocrx_word' id='word_1_524' title='bbox 350 2985 441 3027; x_wconf 86' lang='lat' dir='ltr'><strong>Epp.</strong></span> <span class='ocrx_word' id='word_1_525' title='bbox 472 2993 547 3025; x_wconf 85' lang='lat'><strong>943.</strong></span> <span class='ocrx_word' id='word_1_526' title='bbox 578 2993 677 3025; x_wconf 85' lang='lat'><strong>23—4‚</strong></span> <span class='ocrx_word' id='word_1_527' title='bbox 708 2994 728 3022; x_wconf 91' lang='lat'>9</span> <span class='ocrx_word' id='word_1_528' title='bbox 752 2992 784 3015; x_wconf 89' lang='lat'><strong>0.</strong></span> <span class='ocrx_word' id='word_1_529' title='bbox 816 2992 916 3024; x_wconf 83' lang='lat'><strong>24-5,</strong></span> <span class='ocrx_word' id='word_1_530' title='bbox 984 2981 1160 3019; x_wconf 76' lang='lat' dir='ltr'><strong>‘Sustine,</strong></span> <span class='ocrx_word' id='word_1_531' title='bbox 1178 2981 1317 3014; x_wconf 81' lang='lat' dir='ltr'><strong>abstine</strong></span> <span class='ocrx_word' id='word_1_532' title='bbox 1332 2980 1352 3012; x_wconf 72' lang='lat'><strong>³.</strong></span> 
     </span>
    </p>

    <p class='ocr_par' dir='ltr' id='par_1_12' title="bbox 151 3024 1431 3071">
     <span class='ocr_line' id='line_1_54' title="bbox 151 3024 1431 3071; baseline -0.004 -9"><span class='ocrx_word' id='word_1_533' title='bbox 151 3030 246 3071; x_wconf 79' lang='lat'><strong>1469.</strong></span> <span class='ocrx_word' id='word_1_534' title='bbox 274 3038 380 3069; x_wconf 63' lang='lat'><strong>242-2,</strong></span> <span class='ocrx_word' id='word_1_535' title='bbox 401 3041 410 3066; x_wconf 86' lang='lat'>;</span> <span class='ocrx_word' id='word_1_536' title='bbox 455 3028 523 3060; x_wconf 83' lang='lat' dir='ltr'><strong>and</strong></span> <span class='ocrx_word' id='word_1_537' title='bbox 558 3027 600 3059; x_wconf 82' lang='lat' dir='ltr'><strong>cf.</strong></span> <span class='ocrx_word' id='word_1_538' title='bbox 628 3027 687 3060; x_wconf 88' lang='lat' dir='ltr'><strong>the</strong></span> <span class='ocrx_word' id='word_1_539' title='bbox 711 3038 731 3059; x_wconf 80' lang='lat' dir='ltr'><strong>a</strong></span> <span class='ocrx_word' id='word_1_540' title='bbox 747 3027 858 3060; x_wconf 85' lang='lat' dir='ltr'><strong>lusion</strong></span> <span class='ocrx_word' id='word_1_541' title='bbox 884 3028 917 3058; x_wconf 85' lang='lat' dir='ltr'><strong>in</strong></span> <span class='ocrx_word' id='word_1_542' title='bbox 1070 3024 1194 3064; x_wconf 82' lang='lat' dir='ltr'><strong>Paulo]</strong></span> <span class='ocrx_word' id='word_1_543' title='bbox 1209 3035 1225 3056; x_wconf 63' lang='grc' dir='ltr'><em>ε</em></span> <span class='ocrx_word' id='word_1_544' title='bbox 1246 3025 1332 3056; x_wconf 85' lang='lat' dir='ltr'><strong>Tim.</strong></span> <span class='ocrx_word' id='word_1_545' title='bbox 1349 3036 1381 3064; x_wconf 73' lang='lat'><strong>4.</strong></span> <span class='ocrx_word' id='word_1_546' title='bbox 1401 3035 1431 3066; x_wconf 91' lang='lat'><strong>7.</strong></span> 
     </span>
    </p>
   </div>
   <div class='ocr_carea' id='block_1_7' title="bbox 884 3095 1006 3124">
    <p class='ocr_par' dir='ltr' id='par_1_13' title="bbox 884 3095 1006 3124">
     <span class='ocr_line' id='line_1_55' title="bbox 884 3095 1006 3124; baseline 0 -1"><span class='ocrx_word' id='word_1_547' title='bbox 884 3095 1006 3124; x_wconf 84' lang='lat'><strong>002</strong></span> 
     </span>
    </p>
   </div>
  </div>
 </body>
</html>
