2012 3370
114 119 236 168 1501]
491 116 649 155 FROM
678 115 932 155 JOAOHIM
961 114 1335 154 GAMERJARIUS
1634 116 1711 153 557

112 226 254 276 potuit
294 226 396 264 mihi
435 225 510 264 abs
549 228 593 263 te
631 228 707 263 tua
746 224 998 261 suauissima
1037 222 1342 260 consuetudine
1382 221 1512 260 tribui
1552 223 1713 272 gratius

112 280 340 319 maiusue?
392 279 482 318 Aut
516 279 620 330 quid
654 290 743 329 ego,
781 278 913 316 etiam
948 278 983 316 si
1016 276 1260 327 improbum
1295 288 1383 314 esse
1418 276 1552 321 iuuet,
1589 276 1633 314 in
1669 280 1712 313 te
1731 289 1770 320 23

111 335 321 385 requirere
341 334 498 385 possim
518 334 616 372 inue
635 333 719 371 isto
741 331 949 383 colloquio
971 331 1235 383 desyderare,
1259 343 1389 381 quam
1411 343 1496 368 vno
1517 329 1715 369 Sarmata

114 388 279 427 Barone
304 389 443 427 minus
465 388 607 433 fuisse,
634 386 746 425 claro
771 389 815 425 et
839 385 1063 436 magnifico
1087 385 1158 423 1110
1184 384 1357 435 quidem
1382 385 1486 430 viro,
1513 383 1586 423 sed
1611 383 1714 422 mihi

113 447 207 481 tum
242 455 394 493 parum
430 441 645 481 comodo?
699 440 867 491 Itaque,
907 440 1095 486 Erasme,
1134 438 1212 477 hoc
1248 438 1329 477 tibi
1365 438 1633 489 persuadeas,
1672 441 1716 476 et

112 502 234 535 tuam
265 497 573 548 benignitatem
604 507 690 545 qua
718 495 764 533 in
795 507 862 532 me
893 493 1160 544 suscipiendo
1191 495 1236 532 et
1265 492 1494 531 tractando
1524 505 1568 531 es
1599 504 1714 538 vsus,

113 551 229 601 apud
258 552 416 589 amicos
445 549 624 601 superbe
654 552 903 594 ostentasse,
935 552 979 586 et
1008 560 1121 586 1111116
1151 548 1324 585 missam
1354 546 1430 584 abs
1460 550 1504 586 te
1534 546 1715 584 salutem
1735 560 1775 591 30

113 604 275 643 decoris
307 609 351 644 et
383 604 621 643 ornamenti
652 602 745 641 loco
776 603 936 641 iactare
969 602 1113 640 solere.
1175 601 1324 651 Neque
1357 604 1497 639 metus
1529 604 1595 639 est
1626 599 1715 639 fore

114 662 163 697 vt
177 663 227 697 tu
242 659 345 697 mihi
360 658 440 697 hoc
454 658 624 697 nomine
638 658 831 702 irascare,
850 669 947 695 cum
962 655 1018 694 ad
1032 659 1075 694 te
1091 654 1424 705 praedicandum
1440 667 1489 693 ac
1505 653 1716 693 celebran-

113 712 217 751 dum
245 725 331 752 non
359 712 626 751 mediocriter
654 711 733 750 hoc
761 723 932 761 quoque
960 710 1188 760 pertineat,
1219 708 1322 747 alios
1351 721 1403 746 ex
1431 712 1532 747 tuae
1561 707 1717 759 gloriae

114 766 272 806 lumine
306 770 350 805 et
383 766 604 818 splendore
636 765 851 804 illustrari.
915 763 982 803 Sic
1016 776 1114 814 ergo
1148 762 1252 801 mihi
1285 766 1410 801 tuum
1444 763 1716 813 praeconium

116 820 360 867 accomodo,
381 824 431 859 vt
449 824 494 859 et
513 832 589 871 ego
609 832 658 858 6ο
679 831 877 865 crescam,
899 822 944 857 et
963 817 1015 856 de
1035 829 1203 856 summa
1222 821 1395 855 tuarum
1414 815 1592 854 laudum
1612 815 1717 854 nihil
1736 831 1753 862 3
1760 831 1774 863 5

115 878 260 913 tamen
281 874 545 921 detrahatur,
568 873 761 912 nonnihil
781 872 974 911 fortassis
997 871 1186 910 accedat.

169 928 300 976 Haec,
326 929 426 979 quia
450 929 622 967 omnino
647 926 916 966 scribendum
941 926 995 965 ad
1020 930 1063 965 te
1087 925 1183 972 fuit,
1210 925 1314 963 satis
1338 923 1482 970 habui,
1509 927 1559 963 vt
1583 923 1716 969 vides,

115 984 319 1034 attigisse,
353 995 406 1022 ne
438 982 507 1021 vel
547 981 919 1021 commemorando
959 980 1163 1031 prolixius
1203 979 1284 1018 tibi
1324 978 1528 1018 molestus
1568 990 1715 1023 essem,

116 1037 183 1076 vel
206 1037 588 1088 praetermittendo
613 1036 822 1075 difficilius
848 1048 990 1074 meum
1015 1034 1095 1073 tibi
1121 1033 1311 1073 studium
1337 1037 1382 1072 et
1407 1045 1594 1071 amorem
1620 1044 1717 1083 erga

114 1095 157 1130 te
185 1091 422 1141 probarem.
479 1091 591 1130 Nam
620 1092 654 1129 si
681 1094 725 1129 te
752 1103 840 1129 non
867 1102 1019 1136 amem,
1050 1089 1290 1140 suspiciam,
1321 1100 1508 1134 venerer,
1537 1087 1717 1125 nimium
1735 1099 1778 1128 40

116 1145 252 1184 malus
284 1146 376 1191 sim,
412 1145 615 1191 Erasme;
670 1145 749 1183 hoc
783 1145 895 1183 enim
933 1148 1010 1182 tua
1049 1147 1234 1181 meretur
1272 1141 1467 1187 eruditio,
1508 1140 1716 1187 doctrina,

116 1199 297 1238 bonitas.
354 1199 398 1239 Si
425 1212 525 1238 Vero
552 1200 683 1238 etiam
711 1198 808 1237 odio
835 1202 879 1237 te
906 1209 1138 1249 prosequar
1164 1197 1314 1248 tuique
1340 1195 1524 1234 nominis
1551 1194 1718 1234 hostem

116 1265 253 1304 agam,
285 1257 497 1304 quantum
527 1253 740 1304 flagicium
771 1252 1010 1304 designasse
1040 1252 1130 1290 iure
1160 1250 1294 1289 videri
1324 1249 1568 1288 daebeam?
1628 1248 1718 1300 Ego

116 1320 215 1346 Vero
238 1308 497 1346 conscientia
516 1308 622 1346 recti
644 1307 723 1346 hac
744 1308 789 1345 in
810 1320 854 1345 re
877 1310 1117 1352 contentus,
1141 1317 1279 1356 neque
1301 1303 1512 1355 praedico,
1537 1302 1654 1354 apud
1675 1308 1718 1341 te

115 1362 376 1412 praesertim,
411 1361 602 1400 studium
634 1366 679 1400 et
710 1360 1029 1400 obseruantiam
1061 1372 1160 1410 erga
1191 1362 1235 1397 te
1268 1371 1420 1404 meam,
1454 1370 1592 1408 neque
1625 1369 1718 1395 sum
1736 1371 1776 1402 45

115 1416 267 1454 anxius
282 1416 328 1454 in
345 1416 535 1454 omnium
553 1414 798 1454 mortalium
816 1414 1038 1453 calumniis
1054 1412 1304 1452 refellendis.
1352 1411 1571 1462 Videoque
1588 1411 1718 1449 etiam

114 1470 309 1520 ineptum
329 1468 537 1516 futurum,
559 1470 594 1508 si
614 1469 694 1508 hoc
713 1468 850 1507 facere
872 1468 999 1507 velim
1021 1481 1028 1506 ;
1065 1468 1188 1518 quasi
1208 1479 1309 1505 vero
1329 1470 1373 1504 et
1392 1469 1470 1504 tua
1489 1465 1719 1516 plurimum

114 1522 270 1562 referat
302 1536 387 1575 quo
419 1524 598 1575 quisque
631 1527 846 1562 extremae
879 1522 1022 1561 classis
1054 1521 1182 1560 homo
1213 1521 1258 1560 in
1289 1524 1333 1559 te
1365 1520 1508 1558 animo
1540 1520 1609 1565 sit,
1644 1524 1720 1557 aut

116 1578 337 1616 hominum
358 1578 629 1628 opinionibus
652 1577 707 1617 ab
730 1577 816 1616 vllo
839 1576 1033 1615 satisfieri
1056 1588 1177 1627 posse
1201 1574 1426 1614 confidam.

171 1631 253 1671 Sed
299 1645 502 1684 quorsum
548 1631 665 1678 haec,
712 1632 866 1682 inquis,
907 1635 999 1669 tam
1038 1630 1161 1681 longe
1200 1630 1339 1680 petita
1377 1628 1588 1667 exordia?
1658 1627 1721 1666 Eo
1742 1642 1781 1674 50

117 1687 331 1733 nimirum,
354 1686 541 1733 Erasme,
565 1685 681 1737 quod
700 1686 841 1724 nescio
862 1685 965 1736 quid
986 1685 1175 1736 suspicor
1195 1683 1248 1722 de
1268 1687 1346 1721 tua
1365 1695 1465 1734 erga
1484 1695 1551 1720 me
1572 1681 1718 1720 volun-

118 1744 209 1779 tate
255 1753 343 1778 esse
388 1741 680 1786 immutatum,
728 1739 997 1790 quorundam
1042 1750 1174 1789 praue
1220 1738 1480 1776 curiosorum
1525 1736 1721 1774 sinistrae

119 1793 365 1845 diligentiae
400 1795 508 1833 vitio
543 1798 587 1833 et
621 1793 765 1833 labore
801 1794 988 1843 (veniam
1023 1793 1136 1831 enim
1170 1804 1284 1830 nunc
1319 1790 1375 1829 ad
1409 1791 1529 1838 rem),
1567 1790 1641 1840 qui
1675 1794 1720 1828 et

123 1847 269 1887 Luteri
309 1851 354 1888 et
393 1851 516 1887 tuam
556 1847 796 1899 epistolam,
837 1860 945 1899 quas
986 1859 1062 1898 ego
1104 1847 1276 1897 vtrique
1317 1857 1439 1884 suam
1481 1843 1722 1883 fidelissime

118 1901 294 1941 allatam
307 1902 353 1941 in
367 1915 519 1941 manus
534 1901 645 1949 dedi,
661 1902 930 1953 euulgarunt,
954 1902 1046 1952 ipso
1069 1900 1227 1939 Lutero
1249 1898 1433 1946 dolente,
1458 1897 1656 1949 Philippo
1678 1902 1722 1936 et
1742 1914 1779 1945 55

119 1969 185 1995 me
219 1956 500 2008 gementibus.
565 1956 575 1971 ‘
596 1956 708 2004 Quid
727 1957 736 1972 '
772 1957 926 2007 inquis,
966 1956 974 1970 ‘
994 1955 1220 2006 suspicare,
1257 1957 1334 1992 aut
1368 1965 1496 2004 quem
1531 1965 1598 1991 me
1633 1964 1722 1991 esse

118 2022 260 2050 censes
281 2013 298 2050 ⁴?
319 2010 328 2026 '
383 2009 451 2050 Da
477 2011 660 2057 veniam,
690 2010 879 2057 Erasme,

472 2075 557 2115 Res
583 2079 650 2115 est
675 2075 843 2115 solliciti
868 2075 994 2126 plena
1020 2074 1185 2113 timoris
1211 2085 1343 2112 amor.

121 2140 244 2188 Quod
274 2140 309 2179 si
337 2143 496 2180 temere
525 2153 608 2192 que
637 2141 682 2179 in
712 2139 892 2191 epistola
922 2139 978 2178 ad
1007 2138 1381 2178 Melanchthonem
1412 2136 1463 2175 de
1494 2136 1722 2188 publicatis

118 2194 272 2234 litteris
298 2194 392 2246 legi,
422 2195 570 2234 statim
598 2198 697 2246 post
725 2195 808 2234 mei
835 2195 1018 2233 nominis
1046 2193 1207 2232 factam
1236 2193 1497 2231 mentionem
1525 2191 1722 2242 apposita
1741 2202 1783 2233 60

120 2252 234 2295 sunt,
265 2252 411 2287 tamen
443 2248 523 2288 hac
556 2262 651 2288 mea
681 2249 947 2288 solicitudine
988 2261 1131 2287 meum
1162 2260 1259 2299 erga
1292 2251 1336 2287 te
1367 2257 1553 2285 amorem
1584 2244 1722 2283 fecero

120 2303 399 2342 testatiorem.
431 2302 474 2342 81
489 2316 575 2355 qua
589 2304 633 2342 in
646 2307 768 2355 parte
783 2303 984 2342 vero—id
997 2302 1113 2354 quod
1126 2306 1278 2353 putare
1289 2313 1375 2339 non
1389 2299 1522 2346 lubet,
1534 2303 1721 2337 metuere

121 2361 378 2408 cogor—tua
392 2370 490 2409 erga
510 2371 578 2396 me
597 2357 894 2397 beneuolentia
908 2357 1092 2408 impulsa
1107 2360 1185 2403 est,
1202 2368 1296 2394 eam
1311 2356 1536 2393 restituero
1556 2365 1605 2392 ac
1625 2365 1719 2391 con-

121 2410 303 2450 firmaro.
354 2411 565 2463 Principio
587 2413 645 2451 sic
667 2413 878 2458 existima,
902 2412 1090 2457 Erasme,
1114 2422 1317 2460 meaeque
1339 2408 1437 2447 fidei
1459 2407 1593 2453 crede,
1616 2419 1722 2458 quas

121 2465 200 2504 tibi
221 2464 400 2513 litteras,
425 2467 460 2505 si
483 2466 694 2505 Basileam
718 2467 1015 2518 peruenissem,
1041 2478 1065 2504 a
1088 2465 1273 2503 Martino
1298 2463 1454 2502 Lutero
1478 2474 1721 2512 acceperam
1740 2474 1778 2511 65

166 2579 219 2609 26.
244 2587 380 2619 possem
394 2577 437 2609 H.
567 2587 618 2617 32.
644 2581 685 2610 tu
698 2587 760 2609 om.
778 2577 821 2608 H.
941 2586 992 2616 34.
1017 2576 1200 2618 splendore
1213 2579 1250 2607 61
1262 2575 1392 2606 lumine
1406 2574 1450 2605 H.
1589 2581 1640 2612 39.
1668 2572 1723 2602 vel

127 2620 201 2652 MS.
220 2632 228 2652 t
262 2625 326 2652 aut
346 2620 391 2652 H.
521 2631 574 2660 42.
601 2625 638 2653 tc
658 2631 720 2652 om.
745 2620 789 2651 II.
967 2630 1020 2661 45.
1048 2630 1161 2651 meam
1184 2620 1241 2650 H:
1276 2628 1391 2650 meum
1415 2616 1505 2653 MS„
1528 2615 1609 2657 quia
1626 2615 1724 2656 prius

121 2664 300 2705 scripserat
316 2662 532 2696 Camerarius
549 2674 665 2696 meum
683 2674 763 2706 erga
786 2667 821 2695 te
838 2663 995 2696 studium
1012 2668 1049 2696 et
1066 2662 1335 2696 obseruantiam.
1490 2661 1541 2691 61,
1568 2668 1721 2691 amorem

121 2718 202 2750 erga
227 2711 264 2740 te
288 2717 404 2739 meum
430 2707 473 2739 H.
659 2708 710 2738 62.
737 2707 772 2738 id
796 2706 872 2738 add.
901 2707 944 2738 H.

172 2884 224 2914 26.
248 2882 409 2914 Sarmata
471 2881 621 2919 Bai-one]
688 2879 891 2912 Hieroslaus
1006 2887 1056 2918 55.
1082 2875 1309 2917 euulgarunt]
1331 2875 1383 2907 Cf.
1408 2875 1473 2915 Ep.
1502 2875 1596 2914 1489.
1624 2882 1700 2915 55n.

125 2925 261 2967 Lasky3
281 2924 549 2966 seeEpp.1242.
562 2924 888 2964 2511.1496.212nn.
1007 2924 1057 2962 58.
1084 2919 1153 2951 Res
1169 2919 1237 2957 est]
1255 2919 1317 2952 Ov.
1338 2919 1382 2950 II.
1406 2928 1429 2949 1.
1453 2927 1500 2949 12.

171 2978 221 3010 54.
249 2968 383 3008 Luteri]
403 2968 469 3009 Ep.
494 2976 586 3007 1443.
1006 2973 1057 3005 59.
1084 2964 1119 2995 in
1135 2961 1298 3006 epistola]
1316 2962 1380 3004 Ep.
1403 2963 1494 3002 1406.
1518 2964 1611 3001 24-6.

215 3010 328 3050 tua-m]
350 3012 413 3053 Ep.
440 3021 531 3051 1445.
1004 3009 1057 3048 65.
1083 3006 1234 3045 litteras]
1251 3006 1314 3048 Ep.
1337 3015 1427 3046 1443.
