2033 3395
300 125 352 164 40
773 121 1028 161 LETTERS
1059 121 1131 161 OF
1161 119 1425 160 ERASMUS
1775 121 1898 170 [1522

301 234 565 285 reddentque
594 233 765 271 meritas
795 231 874 269 tibi
903 230 1062 276 laudes,
1093 234 1217 268 tanto
1247 230 1455 280 copiosius
1484 234 1647 280 quanto
1675 230 1904 281 iniquiores

300 289 381 328 tibi
396 289 462 327 tui
477 287 605 327 seculi
621 287 812 326 homines
827 284 1014 331 fuerunt,
1032 284 1253 334 virtusque
1268 287 1346 322 tua
1361 284 1501 323 minus
1517 287 1581 323 est
1597 283 1652 323 ab
1668 284 1719 323 iis
1735 285 1905 336 cognita

300 344 412 383 inter
434 355 541 394 quos
564 341 816 381 versabatur
835 352 843 385 ;
883 338 1000 390 quod
1023 338 1187 378 Socrati
1210 337 1402 377 videmus
1426 339 1663 390 contigisse.
1716 338 1837 390 Rogo
1860 343 1904 378 te

299 398 431 438 etiam
461 400 591 448 atque
619 396 750 434 etiam
779 406 832 433 ne
861 396 904 432 te
933 392 1137 438 affiictes;
1184 392 1438 443 cogitesque,
1469 393 1504 431 si
1524 397 1568 432 te
1586 406 1720 432 vnum
1740 396 1905 445 spectes

223 473 281 507 105
301 452 563 504 gloriamque
584 454 718 495 tuam,
742 452 786 487 te
808 448 913 486 satis
935 447 1103 493 vixisse,
1127 449 1172 485 et
1193 446 1393 485 interesse
1415 447 1500 485 iam
1524 451 1624 487 tuae
1646 447 1903 498 posteritati.

301 507 486 558 Arguere
510 505 622 544 enim
646 516 698 543 ex
721 501 1021 541 nonnullorum
1045 500 1254 539 bonorum
1277 500 1441 540 iudiciis
1465 505 1600 552 potes,
1625 501 1763 553 qualis
1786 501 1839 541 de
1861 505 1906 541 te

302 560 418 612 apud
444 559 680 598 nascituros
706 556 886 609 populos
911 555 1083 594 futurus
1109 559 1174 594 est
1199 567 1350 593 sermo.
1407 555 1530 602 Quod
1556 556 1591 595 si
1616 560 1800 607 reputes,
1829 569 1906 607 pro

302 615 418 654 lucro
441 613 668 665 deputabis
690 611 735 650 id
757 610 873 662 quod
896 610 1074 661 posthac
1098 609 1229 655 viues,
1254 610 1457 660 viuesque
1480 622 1651 649 securus
1673 614 1717 650 et
1738 610 1876 650 laetus
1896 623 1905 656 ;

303 673 434 720 atque
473 668 518 707 id
558 667 731 706 demum
772 666 852 705 erit
893 665 1036 703 viuere
1076 664 1165 702 sine
1206 664 1437 710 anxietate,
1480 664 1569 702 sine
1609 664 1877 704 solicitudine
1896 677 1905 711 3

225 745 286 768 110
301 723 515 774 facietque
545 725 587 761 te
618 725 737 760 aetas
766 724 843 759 tua
874 719 1018 758 multis
1049 719 1165 757 canis
1195 719 1362 756 munita
1392 717 1624 757 multorum
1655 719 1906 758 latrantium

303 780 654 828 contemptorem.
706 775 764 814 Et
784 775 874 825 ipse
895 773 1014 813 velut
1035 772 1137 812 fatis
1157 777 1383 823 exemptus
1404 776 1448 811 et
1468 773 1512 811 in
1534 772 1697 812 excelso
1719 773 1907 825 quodam

304 831 634 872 existimationis
671 829 880 869 bonorum
918 828 1139 867 hominum
1177 827 1342 878 positus
1374 827 1479 874 loco,
1519 827 1630 866 infra
1661 831 1706 867 te
1743 827 1908 867 videbis

304 887 460 926 omnia.

359 940 442 981 Sed
456 952 532 992 ego
546 939 631 978 iam
646 938 802 989 incipio
816 936 1008 976 obliuisci
1022 935 1077 975 ad
1091 949 1218 987 quem
1234 936 1382 975 scribo.
1427 935 1560 975 Credo
1574 940 1618 975 te
1633 940 1908 988 accepturum

226 1016 285 1049 115
305 1009 332 1034 a
355 995 473 1034 Moro
497 994 641 1033 literas
664 1006 739 1044 per
763 992 1021 1031 Clementem
1043 1004 1051 1037 ;
1092 991 1166 1041 qui
1190 991 1254 1029 his
1279 990 1482 1041 proximis
1520 990 1669 1030 diebus
1693 990 1909 1042 profectus

305 1054 372 1089 est
392 1050 437 1088 in
459 1048 645 1094 Italiam,
670 1047 928 1086 transiturus
951 1044 1176 1091 Basileam,
1202 1049 1252 1083 vt
1274 1044 1457 1083 dicebat.
1510 1044 1740 1084 Postremis
1763 1045 1819 1084 ad
1841 1058 1910 1085 me

304 1104 437 1143 literis
464 1103 607 1141 Morus
635 1101 739 1140 nihil
767 1100 820 1139 de
848 1099 996 1138 morbo
1025 1112 1101 1137 suo
1129 1099 1288 1138 scribit.
1346 1098 1479 1138 Credo
1507 1099 1764 1146 reualuisse;
1808 1112 1908 1138 nam

306 1157 516 1209 prioribus
546 1157 632 1195 iam
663 1169 707 1194 se
738 1154 1029 1194 conualescere
1060 1152 1339 1204 significabat.
1400 1153 1530 1192 Initio
1561 1153 1910 1206 quadragesimae

306 1212 405 1252 veni
429 1211 606 1262 Bmgas,
633 1209 749 1261 quod
773 1208 1098 1260 quadragesima
1123 1207 1398 1246 Louaniensis
1422 1207 1693 1247 incommoda
1717 1208 1821 1247 mihi
1845 1212 1912 1248 est

228 1288 290 1312 120
307 1278 471 1317 semper
487 1266 533 1304 in
550 1264 707 1316 oppido
726 1268 817 1302 tam
836 1262 1143 1301 mediterraneo
1164 1275 1172 1308 3
1206 1262 1280 1300 vbi
1299 1262 1433 1312 pisces
1450 1275 1527 1301 nec
1545 1262 1708 1301 edimus
1727 1263 1807 1301 nisi
1824 1263 1909 1301 iam

307 1325 466 1373 putres,
499 1323 544 1359 et
572 1332 659 1358 non
690 1318 745 1357 ad
775 1317 1044 1357 stomachum
1076 1329 1217 1355 meum
1249 1320 1434 1367 paratos.
1494 1316 1647 1356 Paucis
1677 1321 1909 1369 antequam

307 1376 495 1415 venirem
513 1374 662 1413 diebus
679 1373 844 1411 obierat
860 1371 982 1410 nobis
1000 1371 1152 1410 Petrus
1169 1370 1391 1418 Laurinus,
1410 1371 1526 1422 quod
1544 1370 1659 1410 dolui
1677 1371 1792 1410 haud
1810 1385 1912 1410 sane

308 1429 587 1469 mediocriter.
632 1428 828 1467 Decanus
845 1430 888 1465 te
904 1425 1078 1471 salutat,
1097 1425 1170 1476 qui
1185 1425 1398 1475 superiore
1414 1425 1680 1465 hebdomade
1695 1425 1912 1477 profectus

308 1488 374 1524 est
393 1482 637 1522 Bruxellam
658 1495 666 1521 :
698 1481 973 1531 narrauitque
1003 1480 1105 1518 mihi
1134 1479 1311 1518 salutari
1334 1483 1377 1518 te
1397 1479 1452 1518 ab
1472 1479 1642 1520 Abbate
1661 1480 1702 1520 S.
1724 1480 1912 1519 Bauonis

230 1537 560 1594 125Gandensis,
590 1537 664 1587 qui
696 1535 810 1575 hisce
839 1534 1033 1574 Calendis
1067 1533 1236 1572 Ianuar.
1269 1534 1440 1585 parauit
1475 1534 1556 1573 tibi
1592 1534 1637 1573 in
1674 1534 1910 1574 aduentum

309 1597 434 1632 tuum
452 1596 614 1631 strenas
633 1603 794 1636 aureas,
812 1589 952 1628 nescio
970 1588 1074 1640 quid
1090 1601 1243 1635 rerum,
1262 1589 1486 1639 pecuniam
1504 1588 1642 1628 credo.
1687 1589 1752 1628 De
1769 1589 1912 1629 Ferdi-

309 1647 452 1687 nando
470 1646 574 1685 nihil
592 1645 730 1684 adhuc
748 1643 953 1696 procedit,
972 1647 1016 1682 et
1032 1647 1083 1681 vt
1099 1642 1213 1682 lente
1230 1656 1279 1682 ac
1296 1642 1446 1695 frigide
1462 1642 1507 1682 id
1525 1643 1680 1691 ambio,
1699 1643 1840 1683 nescio
1858 1656 1913 1683 an

310 1700 525 1753 procedet.

366 1756 467 1795 Dux
489 1754 622 1794 Albae
646 1752 852 1793 offerebat
874 1765 960 1791 non
983 1751 1338 1791 contemnendam
1361 1764 1531 1802 prorsus
1554 1752 1855 1799 conditionem,
1879 1752 1914 1792 si

234 1833 297 1865 130
312 1823 386 1862 per
404 1810 574 1849 Fratres
591 1806 740 1848 rescire
757 1807 944 1847 licuisset
963 1819 972 1853 3
1007 1806 1207 1857 cupiebat
1223 1806 1336 1845 enim
1353 1806 1422 1845 ille
1434 1807 1622 1857 impense
1633 1811 1810 1858 nepotes
1822 1806 1915 1846 illos

313 1878 423 1911 suos,
450 1876 558 1915 quos
589 1862 722 1902 habet
745 1862 790 1901 in
826 1861 1035 1912 Hispania
1060 1874 1111 1900 ex
1137 1860 1417 1912 primogenito
1442 1860 1542 1908 filio,
1581 1874 1607 1900 a
1639 1874 1708 1901 me
1744 1861 1914 1901 erudiri.

313 1919 503 1970 Cumque
522 1921 666 1970 ageret
682 1916 735 1956 de
753 1915 964 1955 mittendo
984 1915 1039 1953 ad
1058 1928 1124 1954 me
1143 1915 1399 1954 cubiculario
1418 1915 1605 1966 quodam
1623 1928 1713 1964 suo,
1733 1916 1807 1967 qui
1824 1929 1913 1955 rem

314 1986 480 2013 mecum
518 1971 771 2023 transigeret
809 1969 1063 2021 offerretque
1102 1969 1307 2009 ducentos
1346 1982 1494 2009 aureos
1533 1969 1712 2010 ducatos
1750 1983 1915 2009 annuos

314 2026 517 2067 mercedis
541 2026 726 2072 nomine,
746 2024 978 2064 interuenit
1003 2024 1153 2063 Frater
1178 2023 1353 2075 quidam
1381 2024 1686 2064 Dominicanus
1709 2028 1916 2076 rogatque

235 2104 294 2138 135
315 2082 478 2121 Ducem
501 2080 653 2132 ecquid
668 2079 906 2118 Louanium
929 2077 1105 2118 mandet
1121 2081 1137 2117 ⁸?
1170 2091 1215 2117 se
1235 2078 1439 2129 postridie
1453 2079 1614 2118 iturum
1629 2091 1693 2118 eo.
1746 2078 1755 2094 ‘
1773 2078 1891 2118 Nihil
1906 2077 1915 2094 '

312 2136 456 2187 inquit
479 2135 593 2182 Dux,
622 2134 631 2149 ‘
650 2133 945 2185 opportunius.
1000 2132 1164 2179 Quaeso
1190 2136 1247 2179 te,
1274 2132 1445 2184 loquere
1470 2146 1567 2173 cum
1592 2132 1711 2180 Viue,
1734 2137 1778 2173 et
1797 2146 1848 2173 ex
1868 2145 1919 2173 eo

316 2202 518 2241 cognosce
540 2202 595 2228 an
616 2188 745 2228 vellet
765 2187 844 2227 hac
865 2186 1057 2227 mercede
1076 2186 1300 2226 instituere
1319 2191 1496 2238 nepotes
1516 2200 1632 2227 meos
1651 2186 1661 2203 ’
1682 2201 1690 2234 ;
1728 2191 1772 2227 et
1792 2187 1916 2226 simul

604 2284 676 2316 125.
700 2275 875 2309 Ianuariis
890 2277 924 2310 β.
1087 2282 1162 2315 131.
1190 2275 1294 2306 Lond.
1312 2286 1320 2307 z
1351 2273 1564 2317 primogenio
1582 2289 1613 2308 α.

366 2373 401 2396 11
413 2372 440 2405 5.
465 2365 598 2405 literas]
610 2364 682 2396 Not
698 2365 841 2396 extant:
859 2373 923 2395 nor
937 2361 998 2395 the
1014 2365 1084 2394 two

318 2410 439 2442 letters
455 2411 494 2440 to
511 2408 616 2440 Vives
633 2408 683 2446 (11.
705 2409 779 2447 118,
800 2409 887 2447 116).

408 2452 636 2492 Clementem]
655 2451 704 2483 Cf.
726 2451 791 2492 Ep.
816 2451 908 2491 1256.
933 2461 1004 2483 122.

367 2504 378 2526 1
390 2496 441 2528 18.
465 2495 764 2537 quadragesimae]
786 2502 798 2535 5
818 2494 971 2533 Maia-19
988 2493 1072 2535 Apr.

367 2547 379 2570 1
390 2547 442 2571 22.
470 2539 608 2578 Petrus]
648 2538 847 2570 Nextvborn
878 2537 1020 2569 brother
1050 2537 1087 2569 os

320 2583 457 2615 Marcus
470 2582 653 2621 Laurinus,
668 2581 728 2613 the
744 2581 834 2613 dean
848 2581 883 2612 of
899 2581 949 2613 St.
967 2581 1084 2612 Dona-

321 2626 426 2658 tian’s
459 2629 498 2657 at
531 2625 672 2667 Bruges.
729 2625 833 2656 From
866 2623 927 2655 the
960 2624 1085 2666 family

321 2672 528 2701 monument
552 2668 688 2700 erected
715 2667 762 2709 by
788 2667 842 2700 his
866 2666 1022 2699 children
1046 2668 1082 2699 in

322 2713 372 2745 St.
390 2711 599 2744 Donatian’s
622 2711 682 2743 the
705 2711 804 2743 dates
821 2710 858 2742 of
873 2710 927 2742 his
942 2710 1002 2742 life
1020 2720 1086 2743 can

999 2754 1081 2786 Feb.

326 2799 409 2839 152}
425 2810 432 2831 :
465 2808 521 2830 see
536 2798 568 2830 J.
587 2797 765 2838 Gailliard,
780 2798 887 2830 lusor.
906 2797 1019 2839 funer-
1045 2798 1083 2830 de

324 2841 357 2874 la
368 2841 525 2880 Flandre,
540 2842 635 2880 1861,
648 2842 670 2879 i,
685 2851 742 2882 pp.
758 2850 830 2882 159,
841 2842 894 2873 60.
920 2841 951 2873 A
961 2851 1082 2882 genea-

322 2885 447 2927 logical
463 2884 558 2916 table
574 2884 711 2925 printed
730 2887 769 2916 at
786 2895 818 2926 p.
839 2887 900 2926 338
921 2885 957 2915 of
974 2884 1082 2918 MSH.

327 2929 422 2968 1892,
437 2930 546 2960 states
560 2927 642 2960 that
655 2927 708 2959 his
723 2927 800 2959 wife
814 2937 885 2960 was
900 2927 1083 2960 Elizabeth

323 2971 469 3005 Donche
478 2981 517 3003 or
525 2969 669 3003 Douche
677 2971 686 3010 (
694 2972 867 3011 1498—20
874 2971 960 3013 Aug.
972 2980 984 3003 1
993 2973 1081 3012 549),

324 3015 403 3047 who
419 3013 603 3047 remarried
620 3013 704 3046 with
720 3014 819 3046 Corn.
837 3014 1037 3056 Soepperus.

323 2756 365 2787 be
388 2755 581 2787 calculated
604 2764 642 2786 as
658 2765 677 2795 7
693 2755 777 2787 Dec.
803 2756 975 2796 1489—27

1201 2361 1367 2393 Erasmus
1384 2361 1452 2393 had
1473 2361 1652 2393 doubtless
1670 2361 1797 2394 known
1815 2361 1919 2396 Peter

1156 2407 1195 2437 at
1211 2405 1367 2447 Bologna
1386 2406 1422 2437 in
1441 2407 1590 2447 1506-7:
1617 2405 1659 2437 cf.
1679 2405 1744 2447 Ep.
1765 2415 1840 2438 201.
1859 2417 1916 2439 2n.

1204 2456 1279 2487 124.
1306 2448 1459 2489 Abbate]
1475 2449 1915 2492 HugenoystseeEp.1214.

1205 2491 1281 2524 126.
1306 2492 1542 2532 Ferdinando]
1557 2492 1607 2524 Cf.
1625 2492 1690 2534 Ep.
1712 2494 1804 2534 1256.
1822 2497 1900 2535 65n.

1206 2543 1280 2573 129.
1306 2535 1389 2568 Dux
1405 2535 1531 2575 Albae]
1546 2536 1609 2568 See
1624 2535 1689 2577 Ep.
1711 2537 1804 2577 1256.
1822 2547 1900 2578 32n.

1204 2587 1216 2609 1
1227 2587 1279 2617 30.
1301 2589 1362 2620 per
1372 2579 1524 2619 Fratres]
1533 2579 1602 2611 For
1611 2578 1712 2611 other
1720 2580 1919 2621 opposition

1157 2625 1194 2654 to
1211 2622 1316 2654 Vive:
1332 2622 1380 2664 by
1394 2622 1455 2654 the
1470 2622 1695 2655 Dominieans
1711 2632 1767 2654 see
1781 2623 1804 2654 l.
1822 2634 1841 2665 3
1845 2634 1899 2665 5n.

1156 2709 1233 2741 who
1244 2665 1673 2742 nliffitbffeiiyklilifeglffisi
1682 2676 1730 2750 5810
1725 2677 1755 2741 21¹
1770 2665 1918 2752 Ῐξέῗῐῖῗέ

1156 2753 1294 2794 against
1314 2752 1375 2785 the
1397 2752 1526 2792 Moors,
1546 2752 1607 2785 the
1628 2753 1731 2785 Duke
1752 2752 1822 2784 had
1845 2756 1916 2785 two

1156 2796 1357 2838 grandsons.
1410 2796 1483 2828 The
1511 2796 1616 2836 elder,
1646 2796 1830 2828 Femando
1859 2796 1917 2829 Al-

1156 2850 1258 2872 varez
1279 2840 1465 2881 (1508-—12
1483 2839 1564 2872 Jan.
1585 2841 1695 2881 1582),
1711 2849 1800 2880 grew
1816 2850 1866 2881 up
1880 2842 1919 2872 to

1156 2882 1199 2915 be
1221 2884 1399 2915 notorious
1421 2883 1457 2915 in
1478 2882 1613 2924 history
1634 2893 1673 2914 as
1693 2883 1754 2915 the
1775 2892 1918 2925 scourge

1156 2926 1193 2958 of
1234 2926 1295 2958 the
1336 2926 1569 2959 Netherlands
1584 2938 1593 2964 ;
1647 2925 1708 2958 the
1750 2936 1918 2969 younger,

1157 2969 1384 3009 Bemardino,
1410 2969 1489 3002 died
1517 2972 1556 3002 at
1577 2969 1736 3002 Palermo
1758 2970 1795 3003 in
1819 2978 1917 3012 1535,

1156 3013 1335 3055 returning
1351 3013 1439 3045 from
1457 3012 1518 3045 the
1533 3013 1640 3045 Tunis
1656 3014 1851 3056 campaign.
