2012 3370
246 155 325 192 510
720 149 973 189 LETTERS
1005 150 1076 189 OF
1106 149 1370 189 ERASMUS
1721 154 1843 203 [1524

248 289 450 318 ERASMVS
471 289 568 316 ROT.
592 287 903 316 INTEGERRIMO
924 285 1281 320 DOCTISSIMOQVE
1301 286 1433 315 PATRI
1452 286 1618 314 HELIAE
1634 287 1845 317 MAROAEO

468 340 847 377 MACHABAETANO,
867 339 1220 369 HONORATISSHVII
1248 340 1622 369 MACHABAEORVM

710 395 917 423 COLLEGII
945 394 1251 431 MODERATORI,
1284 395 1318 423 S.
1338 395 1381 423 D.

300 456 525 495 MITTIMVS
549 454 738 494 libellum
764 459 809 494 et
834 454 1006 494 breuem
1032 459 1077 494 et
1101 467 1207 501 sere,
1234 455 1307 494 sed
1333 467 1459 506 quem
1485 455 1660 495 fatearis
1684 459 1729 495 et
1753 468 1847 507 pro-

244 511 378 549 lixum
405 513 449 549 et
477 509 581 549 satis
608 513 888 556 maturatum,
917 509 952 548 si
978 509 1086 548 scias
1113 521 1243 560 qua-m
1269 508 1375 548 nihil
1402 510 1482 548 ocii
1509 509 1610 549 mihi
1639 509 1849 562 reliquum

244 564 406 603 faciant
444 563 499 602 ad
537 562 866 615 gratificandum
904 564 1050 603 amicis
1087 564 1131 603 in
1170 563 1413 603 huiusmodi
1451 565 1640 603 materiis
1678 563 1849 604 crebrae

243 618 569 670 aegrotationes,
593 631 700 669 pene
721 619 830 670 iugis
852 618 1090 669 occupatio,
1114 631 1248 670 quum
1270 617 1363 657 aliis
1384 619 1425 657 in
1450 617 1589 666 rebus,
1612 622 1707 657 tum
1729 631 1849 670 prae-

208 693 222 724 5
244 673 366 724 cipue
385 673 429 712 in
450 672 673 711 mittendis
693 685 742 712 ac
766 673 1017 724 recipiendis
1041 672 1244 724 epistolis,
1271 672 1424 711 deinde
1448 672 1689 712 studiorum
1712 672 1845 721 labor,

243 739 370 778 quem
402 727 579 778 exigunt
610 731 862 778 argumenta
891 730 1102 778 suscepta.
1162 726 1205 766 Si
1237 726 1507 765 satisfactum
1538 731 1604 766 est
1632 726 1849 766 voluntati

242 786 358 829 tuae,
380 781 655 821 vehementer
673 781 863 833 gaudeo;
900 782 965 820 sin
986 782 1139 828 minus,
1163 785 1275 820 certe
1295 785 1542 832 promptam
1562 782 1693 820 animi
1713 783 1848 821 nostri

242 835 513 875 voluntatem
531 835 685 887 probes
704 840 888 887 oportet,
909 836 944 874 si
963 835 1091 874 modo
1109 848 1195 874 non
1214 835 1322 874 falso
1341 835 1464 874 nobis
1483 839 1560 874 tua
1579 835 1850 887 praedicatur

242 890 502 929 humanitas.
558 889 699 938 Quum
724 890 898 929 dabitur
922 890 1017 941 plus
1043 890 1135 936 ocii,
1163 889 1420 929 cumulatius
1445 894 1522 929 tuo
1546 891 1618 941 pio
1642 889 1850 929 desiderio

187 964 224 986 10
243 945 566 984 satisfaciemus.
621 945 736 984 Bene
762 944 870 991 vale,
898 957 995 983 cum
1020 943 1259 983 honorabili
1287 943 1415 983 choro
1443 948 1521 983 tuo
1546 944 1637 983 Deo
1663 944 1847 984 militan-

242 999 350 1038 tium
373 999 599 1050 virginum,
621 1000 687 1037 vir
707 1000 881 1049 optime.
935 997 1140 1038 Basileae.
1163 1009 1199 1047 3.
1223 997 1308 1036 Cal.
1336 997 1515 1049 August.
1570 998 1649 1038 An.
1674 1008 1791 1049 1524.

544 1139 663 1176 1476.
728 1136 796 1176 ΤΟ
829 1135 962 1176 JOHN
995 1134 1245 1175 ERAsmrUs
1277 1134 1491 1176 FROBEN.

291 1228 394 1261 Fam.
414 1226 689 1270 Colloquiorum
707 1226 902 1260 Formulae
922 1237 956 1270 p.
977 1236 1011 1269 3.
1584 1225 1704 1261 Basle.

288 1283 403 1319 Lond.
424 1285 524 1319 xxix.
550 1286 587 1318 18
607 1299 613 1317 :
647 1284 722 1319 LB.
742 1284 765 1319 i.
781 1284 865 1327 627.
1495 1295 1507 1318 1
1531 1284 1676 1329 August
1698 1293 1798 1328 1524.

286 1364 373 1406 [The
401 1364 538 1405 prefacc
567 1368 606 1395 to
633 1375 655 1395 a
684 1373 758 1395 new
787 1363 921 1395 edition
950 1363 986 1395 of
1015 1363 1075 1395 the
1106 1363 1347 1395 Familiarium
1377 1362 1625 1404 Golloquiorum
1654 1363 1843 1400 Formulae,

243 1408 355 1446 Basle,
373 1407 520 1444 Froben,
537 1407 750 1449 Aug—Sept.
771 1416 854 1448 1524
871 1419 879 1444 ;
909 1407 1109 1448 containing
1126 1407 1179 1438 six
1195 1417 1290 1438 more
1307 1406 1494 1447 colloquies
1514 1406 1602 1438 than
1624 1407 1684 1439 the
1709 1407 1843 1439 Froben

244 1452 377 1484 edition
395 1451 431 1483 of
446 1450 567 1482 March
587 1460 671 1492 1524
689 1451 758 1489 (see
775 1450 839 1492 Ep.
863 1452 944 1483 1262
963 1450 1118 1490 introd.).
1159 1450 1231 1482 The
1248 1450 1348 1482 dates
1364 1450 1451 1482 need
1468 1461 1514 1482 no
1531 1450 1801 1491 confirmation]

285 1555 383 1583 DES.
415 1554 542 1582 ERAS.
573 1553 673 1581 ROT.
706 1553 903 1581 OPTIMAE
935 1553 1032 1580 SPEI
1061 1553 1208 1580 PVERO
1238 1553 1297 1580 10.
1330 1552 1527 1581 ERASMIO
1557 1553 1687 1581 FROB.
1719 1553 1753 1581 S.
1774 1554 1817 1582 D.

295 1615 425 1655 VICIT
475 1613 642 1652 libellus
693 1613 774 1652 tibi
819 1613 988 1652 dicatus
1036 1613 1379 1663 expectationem
1423 1616 1628 1659 nostram,
1679 1612 1845 1652 Erasmi

242 1668 547 1708 mellitissime:
593 1671 719 1706 tuum
749 1667 829 1706 erit
859 1666 1003 1705 videre
1032 1679 1085 1705 ne
1114 1665 1238 1704 fallas
1268 1667 1610 1716 expectationem
1640 1671 1846 1706 nostram.

242 1722 318 1762 Hle
342 1723 401 1761 sic
425 1721 666 1768 adamatur,
692 1722 751 1760 sic
774 1722 953 1772 rapitur,
979 1721 1038 1759 sic
1061 1721 1215 1759 teritur
1239 1719 1436 1759 manibus
1460 1720 1677 1759 studiosae
1700 1722 1845 1760 iuuen-

240 1778 360 1824 tutis,
383 1780 433 1815 Vt
452 1780 497 1815 et
515 1776 630 1827 patri
649 1780 727 1815 tuo
745 1774 875 1815 fuerit
895 1774 1074 1814 subinde
1093 1775 1210 1826 typis
1230 1773 1516 1821 excudendus,
1537 1778 1582 1814 et
1602 1775 1705 1814 mihi
1725 1777 1848 1815 nouis

205 1830 570 1882 5accessionibus
588 1829 823 1869 identidem
859 1829 1214 1881 locupletandus:
1258 1829 1375 1868 dicas
1413 1832 1457 1867 et
1493 1829 1614 1868 illum
1642 1832 1846 1882 Ἐράσμων

241 1886 487 1937 quempiam
512 1897 601 1923 esse
626 1883 881 1935 deliciasque
906 1884 1125 1923 Musarum
1150 1896 1270 1922 sacra
1295 1882 1538 1922 colentium.
1594 1883 1687 1931 Quo
1712 1886 1847 1936 magis

241 1939 523 1979 adnitendum
546 1940 626 1978 erit
648 1942 698 1978 vt
719 1942 769 1977 tu
791 1951 962 1990 quoque
984 1938 1040 1977 sis
1062 1938 1179 1990 quod
1201 1937 1363 1985 (1100110,
1387 1937 1468 1976 1100
1490 1942 1555 1977 est
1578 1942 1627 1977 vt
1648 1937 1780 1978 literis
1803 1944 1847 1978 et

241 2007 408 2034 morum
423 1993 639 2045 probitate
654 1994 710 2032 sis
725 1993 923 2032 omnibus
938 1992 1060 2032 bonis
1076 1992 1359 2031 chan'ssimus.
1404 1991 1685 2031 Vehementer
1700 1997 1845 2032 autem

240 2048 489 2100 pudendum
520 2047 650 2086 fuerit
680 2048 728 2094 si,
761 2060 895 2098 quum
926 2051 1018 2086 tam
1049 2046 1208 2086 multos
1238 2046 1306 2086 hic
1336 2045 1502 2085 libellus
1533 2050 1578 2085 et
1609 2046 1846 2087 Latiniores

185 2121 222 2143 10
239 2102 473 2142 reddiderit
501 2105 546 2140 et
575 2101 779 2148 meliores,
811 2106 861 2140 tu
892 2102 1149 2141 commiseris
1179 2104 1230 2140 vt
1259 2101 1313 2139 ad
1343 2101 1529 2152 teipsum
1558 2114 1645 2140 non
1674 2102 1843 2141 redierit

241 2156 389 2196 eadem
419 2155 585 2195 Vtilitas
614 2168 724 2206 quae
753 2168 828 2207 per
856 2160 900 2194 te
930 2156 1170 2207 peruenerit
1200 2155 1255 2194 ad
1285 2167 1460 2202 omnes;
1506 2168 1723 2207 quumque
1753 2161 1843 2195 tam

242 2211 366 2250 multi
386 2211 473 2250 sint
492 2209 780 2249 adolescentes
800 2211 873 2261 qui
893 2210 973 2248 tibi
993 2211 1163 2249 nomine
1183 2209 1498 2260 Colloquiorum
1518 2211 1677 2261 gratias
1697 2215 1844 2261 agunt,

241 2278 382 2305 nonne
414 2265 566 2303 merito
599 2268 820 2303 censeatur
852 2263 1085 2303 absurdum
1118 2265 1152 2302 si
1184 2268 1262 2302 tua
1294 2263 1419 2315 culpa
1450 2263 1614 2303 factum
1647 2265 1846 2304 videatur

241 2332 327 2372 quo
347 2320 488 2358 minus
508 2318 611 2357 mihi
630 2319 766 2370 possis
785 2318 934 2357 eodem
953 2319 1124 2357 nomine
1144 2319 1302 2369 gratias
1322 2331 1445 2369 agere
1466 2320 1481 2356 ’.Ρ

184 2392 220 2425 15
296 2374 495 2413 Accreuit
508 2372 675 2412 libellus
691 2373 746 2411 ad
760 2373 919 2411 iustam
935 2372 1163 2411 voluminis
1180 2372 1519 2423 magnitudinem
1536 2387 1543 2413 :
1574 2372 1654 2411 tibi
1675 2385 1845 2425 quoque

243 2427 485 2467 conandum
523 2431 589 2466 est
626 2430 676 2466 vt
714 2431 927 2478 quantum
964 2427 1165 2466 accrescit
1203 2431 1336 2473 aetas,
1375 2429 1549 2465 tantum
1587 2427 1764 2466 accedat
1802 2432 1846 2466 et

241 2482 446 2522 honestae
471 2481 700 2520 eruditioni
726 2485 771 2520 et
797 2494 963 2520 morum
989 2481 1240 2532 integritati.
1297 2479 1488 2520 Sustines
1513 2493 1600 2519 non
1626 2480 1844 2532 vulgarem

241 2537 597 2588 expectationem,
626 2536 693 2575 cui
718 2535 971 2587 respondere
997 2536 1292 2581 necessarium,
1321 2535 1488 2573 vincere
1514 2534 1844 2586 pulcherrimum

240 2590 383 2639 fuerit,
408 2594 520 2630 certe
542 2589 687 2629 fallere
710 2591 799 2629 sine
822 2602 989 2629 summo
1012 2589 1215 2628 dedecore
1237 2601 1324 2628 non
1346 2593 1482 2640 potes.
1533 2588 1623 2628 Nec
1645 2588 1725 2628 hoc
1749 2589 1844 2629 dico

179 2663 223 2686 20
242 2645 357 2696 quod
397 2644 604 2683 hactenus
643 2645 864 2695 poeniteat
902 2643 1119 2696 proiectus
1158 2644 1236 2690 tui,
1278 2643 1352 2682 sed
1391 2647 1442 2682 vt
1481 2644 1666 2683 currenti
1707 2643 1844 2684 calcar

289 2735 383 2766 1475.
401 2741 470 2765 'rm
489 2741 569 2765 DEs.
587 2735 665 2765 ante
681 2741 846 2766 ERASMVS
867 2732 942 2764 add.
969 2734 993 2764 δ.
1067 2740 1367 2764 MACHABAETANO
1385 2743 1403 2761 a
1421 2744 1428 2763 :
1462 2739 1841 2764 MACEABAEITIOARVM

242 2779 283 2812 βδ
298 2790 306 2809 z
324 2785 714 2851 δΜΑοΗΑΒΑΕῙΤῙοΑΒνΜ
729 2785 914 2809 varNVM
930 2789 962 2816 η».
1101 2784 1150 2808 10.
1177 2776 1251 2807 Deo
1267 2775 1495 2808 militantium
1511 2775 1685 2818 virginum
1700 2775 1775 2808 add.
1794 2787 1836 2816 -γε

241 2831 303 2852 om.
344 2845 350 2851 .

289 2922 384 2953 1475.
410 2932 442 2962 4.
467 2921 740 2965 aegrotationes]
793 2922 856 2955 See
910 2921 1000 2963 Epp.
1080 2929 1174 2961 1474,
1198 2922 1293 2961 1476,
1318 2929 1427 2962 1502;
1459 2921 1530 2954 and
1548 2921 1610 2954 the
1629 2920 1840 2962 completion

249 2966 341 3005 1466.
363 2968 443 3002 6111,
467 2974 559 3006 1452.
581 2975 660 3007 27n.
1077 2964 1113 2997 of
1127 2964 1189 2996 the
1203 2964 1254 2996 De
1271 2963 1371 2997 libero
1386 2964 1524 2997 arbitrio
1541 2964 1619 3006 (Ep.
1641 2965 1749 3004 1481).

334 3007 534 3049 occupatio]
565 3008 633 3040 For
658 3008 836 3041 Erasmus’
863 3007 1007 3050 literary
1126 3009 1220 3041 1476.
1245 3017 1277 3048 9.
1302 3007 1504 3050 pudendum
1531 3007 1651 3046 fuerit]
1677 3007 1744 3039 For
1770 3007 1840 3040 this

244 3051 337 3084 work
356 3055 394 3083 at
414 3052 483 3083 this
502 3052 587 3083 time
605 3061 660 3083 see
679 3051 768 3093 Epp.
793 3052 889 3092 1460,
912 3053 1008 3093 1465,
1080 3051 1158 3083 idea
1175 3051 1217 3082 cf.
1234 3051 1299 3093 Ep.
1314 3052 1391 3090 698.
1409 3059 1482 3092 5-7.
