2012 3370
115 111 237 160 1304]
699 109 772 148 To
801 108 1029 148 ADRIAN
1058 109 1117 148 VI
1627 114 1702 152 103

110 218 266 269 periret
301 218 465 258 fructus
502 217 706 268 mysticae
743 217 1016 268 cognitionis:
1056 230 1141 268 quo
1174 221 1373 269 percepto
1411 231 1496 257 non
1534 223 1702 270 oportet

111 273 315 312 orationis
337 272 531 324 phaleras
553 270 796 322 efflagitare.

164 325 372 366 Adiiciam
398 330 443 365 et
469 325 647 364 alteram
674 337 846 364 causam
873 338 926 364 ex
953 338 1047 364 mea
1074 326 1319 377 suspitione,
1349 330 1399 364 vt
1425 339 1502 377 ego
1529 327 1701 377 quidem

109 380 304 427 arbitror,
330 393 415 420 non
438 379 774 431 improbabilem.
832 379 980 419 Refert
1004 379 1128 418 diuus
1154 380 1439 432 Hieronymus
1462 382 1507 419 in
1532 381 1698 432 Appen-

109 434 201 474 dice
230 434 429 486 quadam,
459 446 589 485 quam
618 434 807 472 attexuit
836 433 1041 473 chronicis
1068 434 1240 473 Eusebii
1266 434 1557 482 Caesariensis,
1588 435 1701 474 hunc

106 488 355 536 Arnobium,
396 501 528 539 quum
566 488 760 527 ethnicus
799 487 938 527 adhuc
976 489 1022 526 in
1060 489 1235 527 ciuitate
1274 488 1394 529 Sicca
1430 490 1700 529 iuuentutem

107 543 350 582 institueret
368 543 423 582 ad
441 542 779 589 declamandum,
799 543 844 580 in
861 543 1034 581 somniis
1053 542 1255 581 adactum
1273 543 1402 582 fuisse
1420 547 1470 582 vt
1489 543 1701 596 flagitaret

107 596 380 648 baptismum.
439 596 663 648 Quumque
691 609 777 635 non
804 597 1053 647 impetraret
1072 597 1128 635 ab
1148 598 1355 659 episcopis
1375 598 1490 649 quod
1509 598 1699 649 petebat,

106 651 222 701 quod
242 651 323 690 11113
344 651 586 703 persuaderi
607 664 694 690 non
715 654 858 702 posset
879 650 998 689 illum
1021 663 1197 701 syncero
1218 652 1361 691 animo
1384 652 1489 691 velle
1512 652 1700 703 profiteri

105 705 346 756 religionem
395 718 525 756 quam
573 705 779 744 hactenus
826 705 1130 756 impugnasset,
1181 705 1449 745 elucubrauit
1497 706 1700 747 aduersus

105 760 327 809 pristinam
347 759 589 811 religionem
609 759 962 798 luculentissimos
982 759 1124 805 libros,
1147 763 1277 810 atque
1298 759 1363 799 his
1382 760 1560 799 tandem
1581 761 1701 800 velut

104 813 321 853 obsidibus
348 814 461 853 datis
487 814 660 865 pietatis
686 813 836 853 foedus
862 814 1123 864 impetrauit.
1182 813 1326 861 Porro,
1355 827 1408 853 ne
1435 815 1539 866 quid
1566 815 1698 867 suspi-

104 868 232 906 tionis
270 869 400 907 etiam
439 868 630 907 haereret
668 869 713 907 in
751 868 903 906 animis
942 868 1196 918 simplicium
1236 868 1584 915 Christianorum,
1625 870 1699 920 qui

102 922 328 973 superbam
357 922 473 961 illam
503 926 548 961 et
576 921 756 961 artificio
785 922 976 961 fucatam
1006 922 1293 973 eloquentiam
1324 922 1391 962 vel
1422 923 1601 962 oderant
1631 923 1699 962 vel

103 975 319 1016 habebant
333 981 587 1028 suspectam,
602 977 647 1016 in
660 976 725 1016 his
739 976 1062 1016 Commentariis
1076 976 1274 1028 deposuit
1287 990 1456 1016 omnem
1470 977 1699 1017 rhetorices

102 1031 341 1082 strepitum,
375 1044 548 1083 seseque
580 1031 636 1070 ad
667 1030 838 1070 infimae
870 1031 1004 1082 plebis
1037 1032 1272 1070 orationem
1309 1031 1476 1079 deiecit,
1510 1045 1595 1083 quo
1628 1032 1697 1071 de-

102 1084 280 1124 clararet
297 1099 385 1125 sese
401 1089 497 1125 toto
514 1089 683 1137 pectore
699 1085 986 1125 Christianum
1004 1098 1106 1124 esse.
1163 1085 1275 1124 Nam
1293 1099 1400 1138 opus
1416 1086 1495 1125 hoc
1513 1087 1699 1138 suscepit

101 1139 216 1178 iussu
245 1139 427 1179 duorum
455 1141 761 1191 episcoporum,
791 1139 957 1178 Rustici
994 1143 1038 1178 et
1076 1139 1306 1187 Laurentii,
1336 1141 1697 1192 quemadmodum

99 1193 189 1244 ipse
227 1197 413 1233 testatur
451 1207 528 1233 sua
566 1193 843 1245 praefatione.
900 1193 1044 1245 Atque
1082 1194 1162 1233 hoc
1200 1194 1365 1233 factum
1410 1195 1697 1234 obedientiam

100 1251 239 1294 vocat,
266 1252 316 1287 vt
339 1249 581 1288 coniectura
604 1249 661 1287 sit
684 1252 761 1287 aut
785 1248 1137 1287 catechumenum
1160 1248 1289 1299 loqui,
1316 1253 1393 1287 aut
1417 1254 1531 1291 certe
1553 1262 1697 1289 recens

99 1301 398 1341 Christianum.
456 1301 637 1341 Proinde
657 1303 692 1341 si
711 1303 806 1353 quis
824 1306 996 1353 reputet
1015 1302 1170 1353 quibus
1189 1304 1272 1342 ista
1292 1303 1450 1342 scribat
1469 1303 1696 1351 Arnobius,

98 1368 184 1394 non
216 1356 344 1395 debet
376 1356 509 1395 videri
543 1356 824 1403 soloecismus,
860 1357 895 1395 si
928 1356 1032 1418 quid
1063 1356 1259 1395 inciderit
1292 1357 1507 1396 diuersum
1540 1371 1566 1396 a
1599 1371 1695 1397 con-

96 1410 321 1450 suetudine
354 1410 621 1462 loquentium
655 1410 934 1457 emendatius,
970 1411 1057 1449 imo
1091 1411 1362 1450 soloecismus
1396 1416 1489 1450 erat
1523 1412 1602 1450 nisi
1638 1413 1697 1451 sic

95 1463 247 1504 fuisset
271 1465 451 1504 locutus.
509 1465 652 1505 Veluti
678 1466 712 1504 si
738 1466 833 1516 quis
858 1442 986 1515 vulgo
1013 1465 1304 1504 Romanorum
1330 1465 1456 1504 hodie
1481 1465 1696 1518 loquatur,

97 1519 458 1570 quemadmodum
478 1519 578 1559 olim
596 1519 800 1571 loquutus
819 1523 885 1558 est
903 1519 1030 1558 diuus
1044 1519 1268 1581 Gregorius
1283 1533 1416 1571 quum
1432 1520 1572 1559 adhuc
1587 1525 1699 1560 esset

97 1586 234 1612 sermo
265 1573 484 1625 popularis
513 1574 825 1624 incorruptior;
873 1577 952 1612 aut
981 1574 1015 1612 si
1046 1574 1140 1623 quis
1171 1574 1288 1624 apud
1318 1574 1535 1624 Hispanos
1567 1574 1697 1613 verba

95 1627 267 1675 faciens,
282 1641 401 1667 secus
414 1628 658 1679 loqueretur
671 1641 801 1679 quam
815 1628 946 1667 habet
959 1628 1130 1680 publica
1143 1628 1253 1668 illius
1267 1630 1404 1680 gentis
1419 1629 1694 1675 consuetudo,

96 1681 253 1733 duplex
289 1683 606 1722 incommodum
644 1682 935 1722 lucrifaceret:
981 1684 1166 1734 primum
1195 1696 1281 1721 non
1308 1683 1612 1735 intelligeretur
1641 1684 1696 1722 ab

94 1737 144 1775 iis
167 1737 322 1788 quibus
342 1737 598 1788 loqueretur,
621 1737 773 1776 deinde
795 1741 845 1777 vt
866 1737 1072 1776 barbarus
1094 1737 1327 1777 offenderet
1348 1750 1398 1776 ac
1418 1737 1639 1777 rideretur.

151 1791 289 1838 Quare
309 1793 525 1843 scriptoris
547 1792 673 1831 huius
694 1791 935 1843 exemplum
957 1791 1062 1830 nihil
1084 1791 1342 1843 suffragatur
1362 1792 1427 1831 his
1449 1793 1535 1842 qui,
1560 1804 1693 1843 quum

95 1845 283 1885 scribant
318 1846 498 1886 literatis
533 1850 578 1885 et
613 1859 663 1885 ea
698 1846 842 1897 lingua
877 1859 987 1897 quae
1023 1846 1286 1897 temporibus
1322 1846 1386 1886 his
1422 1846 1526 1885 nihil
1561 1846 1694 1885 habet

92 1901 333 1939 commercii
354 1913 450 1940 cum
471 1900 642 1952 populo,
664 1904 811 1939 tamen
830 1900 947 1938 laudi
968 1913 1137 1951 quoque
1157 1900 1237 1939 sibi
1258 1901 1366 1939 verti
1389 1900 1553 1947 volunt,
1576 1900 1693 1952 quod

94 1954 249 2005 ineptis
276 1955 491 1994 sensiculis
519 1955 721 1994 sermonis
748 1955 954 2005 ineptiam
982 1955 1174 1994 vincunt.
1232 1955 1344 1994 Nam
1372 1956 1600 2006 praecipua
1628 1956 1692 1994 vis

93 2008 360 2060 eloquentiae
380 2010 424 2048 in
444 2022 584 2048 rerum
604 2010 850 2048 inuentione
871 2009 954 2048 sita
974 2013 1052 2048 est.
1111 2009 1366 2060 Quanquam
1387 2022 1499 2048 nunc
1521 2022 1691 2060 quoque

94 2075 179 2101 non
198 2067 263 2102 est
281 2063 539 2102 fastidienda
557 2064 601 2103 in
620 2064 823 2115 scriptore
842 2063 1081 2103 Christiano
1100 2063 1261 2102 munda
1280 2063 1541 2114 simplicitas,
1564 2063 1691 2103 modo

93 2117 204 2156 sicut
234 2117 392 2156 absunt
423 2117 620 2168 phalerae
651 2117 954 2169 lenociniaque,
988 2118 1046 2157 sic
1078 2118 1222 2157 absint
1253 2122 1297 2157 et
1327 2118 1484 2158 sordes.
1541 2118 1691 2169 Neque

93 2172 206 2210 enim
244 2171 467 2219 Arnobius‚
508 2173 541 2211 si
581 2185 694 2212 nunc
732 2172 945 2218 scriberet,
986 2172 1136 2211 iisdem
1175 2176 1367 2212 vteretur
1405 2172 1691 2219 soloecismis;

91 2225 166 2264 sed
183 2230 261 2265 aut
276 2226 400 2277 plane
419 2226 576 2266 Gallice
593 2226 806 2274 scriberet,
826 2227 861 2265 si
878 2226 1006 2278 vulgo
1024 2226 1241 2266 Gallorum
1259 2227 1473 2274 scriberet,
1494 2231 1571 2266 aut
1588 2239 1694 2278 pure

92 2279 256 2328 Latine,
282 2281 317 2320 si
342 2281 543 2320 scriberet
566 2280 759 2321 literatis.
817 2281 1029 2320 Nimirum
1054 2281 1180 2320 huius
1204 2282 1366 2333 generis
1392 2285 1484 2320 erat
1509 2281 1692 2333 Aposto-

90 2333 225 2373 lorum
254 2348 403 2382 sermo,
431 2348 517 2386 quo
542 2336 665 2375 nobis
690 2335 862 2376 Nouum
888 2336 1212 2375 Testamentum
1238 2336 1371 2376 literis
1396 2335 1690 2388 prodiderunt.

91 2388 158 2428 Sic
191 2393 285 2428 tum
320 2391 489 2441 aurigae
522 2389 807 2441 loquebantur
839 2394 884 2430 et
917 2394 1089 2429 nautae.
1145 2390 1259 2429 Talis
1292 2394 1385 2429 erat
1418 2403 1567 2437 sermo,
1604 2403 1690 2440 quo

91 2444 275 2494 primum
297 2444 342 2483 in
363 2444 551 2496 linguam
575 2444 774 2484 Latinam
796 2444 994 2484 translati
1018 2448 1118 2484 sunt
1141 2444 1252 2484 Noui
1277 2444 1540 2484 Testamenti
1563 2443 1658 2483 libri
1678 2457 1687 2490 ;

90 2498 135 2536 in
155 2498 309 2549 quibus
331 2499 364 2537 si
386 2500 459 2549 qui
481 2498 713 2538 soloecismi
734 2512 846 2538 nunc
863 2498 1087 2538 offendunt
1107 2512 1229 2538 aures
1250 2499 1530 2544 literatorum,
1554 2499 1687 2550 magis

1726 391 1783 425 105

1725 662 1787 688 110

1724 934 1782 968 115

1722 1205 1784 1230 120

1722 1478 1778 1512 125

1718 1750 1780 1783 130

1714 2017 1773 2051 135

1713 2290 1777 2322 140

90 2552 348 2592 asscribendi
382 2557 483 2592 sunt
517 2553 684 2592 illorum
718 2558 961 2605 temporum
995 2558 1191 2605 receptae
1226 2553 1522 2592 consuetudini
1557 2565 1688 2603 quam
1708 2561 1766 2595 Ι45

90 2606 370 2657 interpretum
395 2608 645 2659 imperitiae.
703 2607 786 2647 Sed
811 2612 860 2647 vt
884 2612 979 2647 tum
1004 2607 1260 2660 expediebat
1283 2608 1341 2646 sie
1366 2607 1559 2653 scribere,
1586 2608 1688 2660 quia

90 2661 248 2712 populo
280 2661 571 2709 scribebatur;
620 2663 682 2701 ita
713 2675 826 2701 nunc
858 2663 1052 2713 ineptum
1085 2663 1141 2701 sit
1173 2661 1373 2700 affectare
1405 2661 1685 2708 soloecismos,

90 2716 164 2765 qui
190 2728 267 2754 nec
294 2715 503 2755 illiteratis
530 2717 693 2767 prosint
720 2720 764 2755 et
790 2716 982 2756 literatos
1010 2716 1243 2763 offendant,
1273 2720 1316 2754 et
1342 2728 1431 2755 rem
1460 2716 1688 2756 obscurent

90 2773 134 2808 et
155 2770 432 2809 autoritatem
454 2771 669 2821 scriptoris
689 2770 870 2810 eleuent.

144 2823 367 2864 Caeterum
391 2828 442 2863 vt
465 2825 569 2863 satis
593 2828 762 2864 constat
787 2824 992 2876 populum
1017 2825 1251 2876 corrupisse
1275 2824 1459 2864 Romani
1484 2825 1687 2864 sermonis
1706 2834 1769 2867 ¹50

90 2879 334 2928 puritatem,
355 2879 417 2918 ita
436 2878 659 2918 verisimile
677 2883 741 2918 cst
760 2879 875 2931 apud
893 2878 997 2918 alias
1015 2879 1209 2918 nationes
1228 2878 1405 2930 aliisque
1423 2880 1687 2932 temporibus

602 3017 670 3050 125.
696 3019 788 3041 nunc
803 3013 877 3050 post
893 3009 970 3051 quis
988 3021 1007 3039 α
1022 3022 1029 3041 :
1060 3020 1123 3042 om.
1141 3021 1174 3050 γ.
