2012 3370
150 325 209 348 110

149 595 205 627 115

149 867 207 889 120

150 1139 204 1170 [25

147 1410 204 1439 130

146 1682 202 1713 135

230 149 307 185 548
693 149 947 187 LETTERS
979 149 1051 187 OF
1082 149 1345 189 ERASMUS
1704 154 1827 203 [1524

227 257 416 306 suspicor
436 270 444 302 ;
486 261 597 294 certe
622 270 673 294 ex
696 256 807 294 illius
832 257 1007 295 aedibus
1031 258 1246 297 scabiosus
1269 259 1337 296 ille
1362 259 1521 309 prodiit-
1544 260 1599 297 ad
1622 261 1829 300 excuden-

227 309 330 349 dum
354 310 569 349 rabiosum
592 309 794 349 libellum.
848 310 1108 350 Thrasonem
1134 310 1466 363 Planodorpium
1491 325 1655 364 semper
1679 313 1831 354 habuit

227 364 270 403 in
296 364 467 410 deliciis,
496 363 647 402 deinde
674 365 732 403 sic
758 366 979 404 excusauit
1006 378 1108 411 sese,
1138 370 1230 405 tum
1257 368 1381 406 anxie
1407 372 1502 406 tum
1529 367 1645 418 apud
1671 381 1829 416 omnes,

228 422 276 457 vt
314 418 385 456 illa
423 419 515 468 ipsa
553 420 772 458 excusatio
812 419 914 458 mihi
953 425 1125 471 augeret
1165 422 1457 472 suspitionem.
1526 422 1607 461 Vni
1646 421 1829 462 fidebam

233 472 441 518 Hedioni;
497 472 549 510 de
588 485 673 523 quo
713 473 903 512 nondum
944 475 1122 525 pessime
1162 477 1312 514 sentio.
1380 476 1578 515 Miseram
1617 477 1673 514 ad
1710 477 1829 516 illum

225 526 467 577 exemplum
495 527 698 577 epistolae
725 532 826 566 tuae
853 541 983 579 quam
1010 530 1248 580 scripseras,
1277 531 1321 568 ni
1348 530 1483 577 fallor,
1514 530 1829 582 Hymelbergio,

224 580 268 619 in
300 593 386 631 qua
417 581 638 620 mirabaris
669 581 860 620 nondum
892 582 1075 633 pendere
1105 596 1232 634 quem
1264 597 1444 623 neucras
1475 589 1576 623 ante
1607 585 1831 624 duodecim

227 646 372 681 annos,
395 638 475 673 etc.
525 635 623 674 Non
644 640 736 674 erat
755 636 952 675 additum
973 650 1141 684 nomen,
1164 638 1237 676 sed
1258 640 1330 689 qui
1353 640 1568 685 miserant,
1591 639 1830 678 subindica-

227 688 333 727 bant
356 690 496 728 1103010
520 689 624 740 quid
648 690 699 728 de
723 690 952 730 Thrasone.
1006 691 1054 730 Id
1082 693 1175 731 misi
1201 692 1397 739 Hedioni,
1424 706 1509 731 non
1534 693 1587 731 ob
1613 693 1728 731 aliud
1750 694 1832 734 nisi

227 746 276 781 vt
303 747 501 789 caueret3
547 745 736 784 ostendit
762 744 974 795 Capitoni,
1003 745 1155 796 Capito
1181 747 1361 797 glorioso
1390 747 1527 785 militi.
1586 747 1697 786 Hinc
1726 747 1829 786 furit

225 796 306 842 ille,
328 796 491 847 gladios
510 802 555 836 et
573 797 747 849 laqueos
766 800 983 838 minitans.

280 850 495 902 Zuinglius
527 853 660 891 amice
694 854 882 892 monitus
914 866 939 892 a
971 867 1051 901 me,
1085 856 1300 905 rescripsit
1332 855 1564 894 admodum
1596 855 1829 895 fastidiose.

227 903 238 920 ‘
257 904 374 952 Quae
400 909 449 944 tu
477 907 557 944 3013
577 906 600 953 ’,
628 908 783 958 inquit,
814 907 823 923 ‘
842 921 927 947 non
955 908 1200 947 conducunt
1227 909 1377 955 nobis3
1421 922 1531 961 quae
1557 923 1634 948 nos
1662 912 1829 957 scimus,

227 972 312 998 non
358 961 620 1000 conueniunt
668 961 748 1000 tibi
769 962 807 1000 ἐ
864 963 987 1013 quasi
1025 962 1094 1001 ille
1135 976 1231 1002 cum
1272 962 1418 1010 Paulo,
1460 969 1610 1015 raptus
1658 965 1702 1003 in
1748 969 1828 1003 ter-

225 1014 336 1052 tium
378 1014 554 1062 coelum,
600 1015 816 1055 didicisset
858 1029 1014 1055 arcana
1056 1018 1296 1068 quaepiam,
1341 1031 1451 1069 quae
1493 1031 1570 1057 1103
1611 1023 1831 1058 terrestres

224 1067 432 1119 fugerent.
484 1068 701 1116 Quosdam
721 1071 822 1109 noui
843 1072 955 1109 viros
977 1072 1174 1122 optimos,
1197 1073 1271 1123 qui
1291 1085 1365 1123 per
1386 1072 1464 1111 hoc
1485 1074 1706 1124 negocium
1727 1072 1830 1112 faeti

227 1126 328 1161 sunt
368 1123 625 1162 deteriores:
684 1128 733 1163 vt
777 1138 829 1163 ne
870 1126 955 1164 iam
997 1138 1323 1165 commemorem
1363 1127 1468 1166 istos
1509 1127 1830 1178 perditissimos,

225 1176 587 1227 quemadmodum
614 1182 662 1217 tu
690 1192 860 1230 quoque
886 1192 1027 1226 vocas,
1055 1180 1211 1231 quibus
1236 1180 1341 1219 nihil
1367 1185 1433 1220 est
1459 1194 1555 1220 cum
1583 1182 1828 1233 Euangelio.

225 1230 347 1269 Tales
377 1231 502 1270 video
531 1232 702 1279 multos,
733 1235 983 1284 praesertim
1012 1234 1092 1281 hie,
1125 1239 1186 1282 vt,
1221 1236 1256 1274 si
1288 1235 1513 1286 probarem
1546 1237 1689 1275 omnia
1721 1249 1830 1287 quae

226 1285 372 1324 scribit
398 1284 623 1334 Lutherus,
651 1287 806 1326 nollem
834 1288 931 1327 huic
956 1287 1133 1327 factioni
1161 1289 1261 1328 dare
1287 1302 1455 1329 nomen.
1512 1290 1637 1329 Esset
1661 1290 1743 1329 illis
1768 1292 1829 1329 in-

225 1339 507 1387 seruiendum,
541 1345 585 1380 et
615 1341 794 1381 subinde
824 1343 1136 1382 numerandum
1168 1344 1403 1390 viaticum,
1452 1357 1551 1383 nam
1583 1345 1662 1384 1100
1694 1345 1829 1384 30111111

226 1393 386 1433 habent
406 1394 724 1446 Euangelicum,
747 1396 863 1447 quod
883 1410 1048 1448 semper
1066 1402 1193 1449 egent
1212 1397 1413 1449 plerique.

278 1448 384 1486 Cum
402 1448 590 1488 Phallico
606 1449 690 1489 fuit
708 1451 811 1489 mihi
829 1452 1195 1502 congressiuncula
1211 1452 1439 1502 perbreuis.
1488 1452 1590 1492 Eius
1608 1453 1827 1492 historiam

225 1503 392 1553 scripsit
422 1503 591 1542 cuidam
621 1503 949 1544 Constant-iensi.
1009 1505 1266 1557 Exemplum
1296 1507 1404 1545 clam
1435 1507 1490 1545 ad
1520 1520 1587 1545 me
1616 1508 1826 1558 perlatum

223 1560 300 1595 est.
354 1556 471 1596 Nihil
495 1557 584 1597 vidi
609 1560 773 1605 vanius,
800 1559 905 1598 nihil
929 1560 1161 1610 gloriosius,
1187 1560 1293 1599 nihil
1317 1561 1581 1600 virulentius.
1637 1561 1745 1601 Sunt
1769 1562 1826 1600 ibi

224 1610 438 1650 interdum
475 1611 619 1651 decem
657 1626 803 1652 versus
839 1615 883 1652 in
919 1614 1074 1665 quibus
1110 1627 1163 1653 ne
1199 1615 1364 1666 syllaba
1400 1615 1573 1667 quidem
1610 1629 1711 1654 vera
1747 1622 1825 1655 est.

224 1663 344 1703 Idem
367 1665 529 1705 aedidit
548 1666 739 1706 libellum
761 1668 813 1706 de
837 1667 1142 1707 Parisiensibus
1165 1673 1209 1708 et
1231 1668 1450 1708 Pontifice.
1504 1669 1723 1717 Quantum
1744 1670 1828 1709 illie

222 1718 517 1767 inficetiarum,
544 1726 755 1772 quantum
780 1723 952 1773 ineptae
977 1722 1242 1770 virulentiae,
1269 1736 1399 1775 quam
1425 1724 1550 1763 multi
1573 1725 1827 1764 nominatim

223 1773 409 1813 traducti
428 1777 434 1813 1
465 1778 509 1814 et
527 1778 674 1815 tamen
692 1776 781 1827 ipse
802 1776 914 1815 solus
933 1789 1020 1816 non
1039 1778 1220 1828 apponit
1244 1790 1399 1819 nomen
1425 1791 1562 1818 suum.
1617 1777 1751 1826 Idem,
1778 1783 1826 1818 vt

222 1827 362 1874 audio,
381 1829 502 1867 auxit
518 1829 721 1876 stolidum
741 1830 884 1871 Alberi
904 1830 1117 1871 Iudicium
1137 1845 1145 1878 ;
1182 1831 1299 1883 quod
1318 1832 1509 1871 nondum
1529 1832 1673 1872 videre
1692 1833 1826 1873 licuit.

224 1881 311 1921 Visi
340 1887 441 1922 sunt
469 1883 746 1923 Constantiae
776 1889 820 1923 et
850 1885 921 1924 alii
950 1885 1035 1924 duo
1064 1885 1194 1925 libelli
1224 1899 1330 1937 quos
1359 1888 1399 1925 in
1432 1900 1500 1926 me
1530 1888 1710 1939 scripsit.
1770 1887 1826 1928 Et

272 2011 344 2041 109.
370 2002 562 2042 scabiosus]
577 2003 750 2035 Brunfels.

272 2055 344 2078 110.
371 2045 659 2088 Planodorpium]
675 2047 892 2089 Eppendorff
904 2060 911 2086 ;
937 2060 992 2081 see

224 2089 289 2131 Ep.
310 2097 392 2121 1122
407 2090 536 2122 introd.
554 2091 624 2122 and
693 2093 752 2123 xix
768 2103 884 2134 supra.

1058 2004 1166 2038 habet
1200 2005 1408 2046 <Erasmus>
1445 2010 1590 2039 mutuae
1624 2007 1825 2040 confabula-

1056 2049 1164 2081 tionis
1191 2053 1341 2087 vestrae,
1370 2054 1408 2082 et
1434 2051 1659 2092 conqueritur
1685 2054 1722 2083 te
1749 2061 1825 2093 par-

1056 2093 1163 2125 turire
1179 2093 1296 2125 neseio
1313 2093 1397 2135 quid
1414 2093 1523 2126 libelli
1538 2094 1705 2126 aduersus
1721 2104 1758 2127 se
1773 2094 1793 2126 ’.

271 2142 343 2172 114.
368 2132 537 2174 epistolae
564 2101 663 2173 tuae}
689 2133 766 2166 ME.

224 2175 343 2208 dated.

272 2229 284 2251 1
294 2228 343 2260 15.
371 2223 454 2251 ante
464 2219 647 2253 duodecim
657 2220 783 2260 annos]
793 2221 842 2253 At
851 2221 989 2254 Heidel-

224 2262 305 2305 berg
326 2273 364 2294 or
383 2263 565 2306 Tubingen
586 2274 613 2295 0.
639 2273 787 2305 1511—12
806 2278 813 2297 ε
847 2276 903 2297 see
923 2265 989 2308 Ep.

222 2315 289 2347 454
302 2306 431 2338 introd.

271 2351 342 2382 116.
368 2350 510 2391 nomen]
535 2350 785 2384 Melanchtlion
810 2352 894 2384 calls
919 2352 989 2385 him

224 2392 232 2404 ‘
248 2393 503 2435 philophaebus
518 2394 538 2425 '.

271 2440 341 2469 118.
369 2436 508 2478 Capito]
523 2437 574 2470 Cf.
591 2438 656 2480 Ep.
677 2448 769 2480 1437.
787 2449 928 2479 99-101.

242 2523 256 2554 f
286 2480 457 2555 llglorioso
488 2481 606 2521 militi]
642 2482 879 2524 Eppendorff:
925 2483 990 2516 bnt

224 2534 240 2554 0
259 2548 265 2554 .
314 2547 321 2555 .
339 2533 438 2564 9-10.

271 2576 341 2599 120.
368 2567 561 2610 Zuinglius]
581 2568 644 2602 See
664 2569 729 2611 Ep.
755 2571 839 2610 1384
861 2570 987 2602 introd.

222 2610 293 2642 and
310 2620 363 2646 1n.
378 2611 448 2643 and
463 2611 506 2643 cf.
522 2611 587 2653 Ep.
608 2621 701 2653 1519.
719 2622 796 2654 7111.

271 2663 342 2685 122.
370 2654 494 2693 Paulo]
510 2654 560 2687 Cf.
578 2665 596 2687 2
615 2655 689 2688 Cor.
711 2665 796 2688 12.2.

270 2699 342 2729 126.
367 2697 487 2738 vocas]
520 2698 673 2741 Perhaps
705 2700 741 2731 in
774 2699 835 2732 the
866 2700 988 2732 letters

222 2741 422 2773 mentioned
438 2742 474 2773 in
491 2740 568 2773 Cat.
583 2742 663 2774 Luc.
683 2744 721 2780 (Ι.
740 2753 775 2785 p.
792 2753 835 2782 29
867 2747 955 2785 5-7).

269 2787 340 2816 128.
367 2784 450 2817 dare
465 2785 607 2825 nomen]
621 2785 671 2818 Cf.
687 2786 752 2827 Ep.
774 2796 866 2828 1477.
889 2797 985 2827 23-4.

269 2836 341 2866 131.
367 2829 682 2870 congressiuneula]
707 2830 769 2863 See
795 2830 860 2871 Ep.
891 2839 985 2871 1510.

225 2872 342 2909 16-40.

310 2913 506 2953 historiam]
530 2915 571 2947 In
587 2915 678 2948 form
702 2916 739 2948 of
761 2927 781 2948 a
806 2917 987 2960 dialogue;

223 2956 266 2987 of.
290 2966 311 2987 a
333 2956 438 2989 letter
460 2959 496 2989 of
519 2959 556 2990 P.
582 2960 756 2992 Tossanus
780 2960 860 3002 (Ep.
888 2964 986 3002 1559)

223 3006 261 3031 to
295 2998 406 3037 Farel,
440 3000 529 3033 from
564 3002 678 3040 Basle,
712 3013 730 3034 2
766 3003 864 3045 Sept.
903 3014 986 3045 1524

224 3041 460 3082 (Herminjard
506 3048 592 3084 121).
637 3045 644 3058 ‘
658 3047 843 3087 Dialogum
884 3051 986 3080 tuum

797 2136 862 2176 267
879 2148 886 2167 :
929 2146 990 2168 un-

1104 2147 1114 2167 1
1124 2145 1175 2176 32.
1202 2135 1479 2177 Constantiensi]
1492 2137 1717 2178 Herminjard
1731 2139 1824 2179 (123)

1054 2183 1215 2222 suggests
1232 2180 1273 2212 A.
1293 2180 1448 2213 Blaurer.

1103 2233 1114 2254 1
1123 2232 1138 2263 3
1147 2233 1175 2264 5.
1201 2223 1373 2263 libellum]
1404 2224 1488 2256 This
1518 2224 1581 2257 has
1612 2225 1699 2257 been
1729 2224 1823 2257 iden-

1054 2266 1153 2298 tified
1170 2267 1218 2308 by
1234 2267 1410 2300 Monsieur
1427 2268 1468 2300 N.
1489 2268 1600 2301 Weiss
1617 2268 1654 2300 of
1669 2268 1730 2301 the
1747 2268 1822 2302 Soc.

1055 2309 1097 2341 de
1122 2309 1241 2343 l’Hist.
1273 2311 1319 2342 du
1352 2311 1644 2344 Protestantisme
1674 2312 1824 2354 francais

1053 2353 1139 2385 with
1180 2365 1201 2385 a
1243 2355 1349 2386 satire
1390 2354 1541 2387 entitled
1581 2356 1824 2387 Delermiuatio

1055 2395 1244 2428 Facultatis
1272 2397 1444 2437 Theoloqie,
1473 2398 1695 2436 Parisiemzzs,
1723 2409 1824 2440 snper

1054 2439 1225 2481 aliquibus
1250 2441 1549 2482 propositionibus,
1577 2442 1674 2474 certis
1699 2453 1714 2474 e
1742 2442 1824 2475 locis

1055 2494 1162 2524 nuper
1194 2483 1238 2515 ad
1270 2494 1344 2516 eam
1376 2484 1508 2522 delatis,
1542 2485 1580 2517 de
1615 2486 1822 2518 veneratione

1051 2530 1254 2565 sanctorum,
1278 2527 1315 2559 de
1337 2538 1462 2560 canone
1483 2529 1607 2560 missae
1628 2529 1727 2570 deque
1749 2540 1820 2561 sus-

1052 2571 1230 2603 tentatione
1252 2571 1484 2604 ministrorum
1505 2571 1637 2610 altaris,
1659 2576 1689 2604 et
1709 2574 1823 2605 ceteris

1053 2614 1279 2654 quibusdam:
1316 2625 1391 2647 cum
1407 2614 1582 2656 familiari
1603 2616 1819 2657 expositione,

1054 2658 1091 2689 in
1105 2668 1171 2698 qua
1186 2658 1415 2691 Heretz'corum
1428 2659 1576 2691 rationes
1590 2659 1820 2701 confutantur,

1056 2710 1140 2742 1524
1156 2713 1164 2739 ;
1195 2701 1232 2733 of
1249 2702 1362 2734 which
1380 2702 1423 2734 he
1441 2702 1504 2734 has
1522 2703 1724 2735 discovered
1741 2703 1820 2736 four

1053 2745 1179 2786 copies,
1217 2755 1282 2777 one
1318 2746 1355 2777 in
1391 2745 1452 2778 the
1490 2746 1623 2778 British
1660 2746 1819 2779 Museum

1052 2788 1141 2828 (846.
1170 2788 1202 2821 b.
1234 2791 1298 2829 13).
1347 2789 1410 2822 See
1435 2789 1496 2822 the
1521 2788 1672 2822 Bulletin
1696 2790 1734 2822 of
1757 2790 1818 2822 the

1051 2831 1202 2873 Society,
1226 2831 1337 2869 lxviii,
1366 2842 1460 2872 1919,
1486 2843 1544 2874 pp.
1571 2841 1713 2865 201—11.
1763 2833 1819 2875 By

1050 2876 1072 2907 6
1086 2874 1174 2916 July
1191 2884 1276 2916 1524
1291 2875 1404 2908 Faber
1418 2876 1636 2918 Stapulensis
1651 2876 1722 2909 had
1736 2887 1815 2909 seen

1050 2919 1078 2949 it
1098 2923 1134 2950 at
1152 2918 1280 2950 Meaux
1300 2919 1539 2959 (Herminjard
1562 2922 1648 2959 103).

1100 2965 1170 3001 138.
1198 2961 1387 3000 Iudicium]
1405 2963 1467 2996 See
1485 2963 1506 2994 l.
1527 2964 1604 3003 98n.
1668 2966 1688 2995 :²
1709 2967 1711 2969 '

1100 3014 1171 3045 139.
1195 3005 1318 3045 libelli]
1330 3006 1371 3038 In
1385 3006 1539 3043 Freneh;
1558 3007 1601 3038 ef.
1615 3006 1705 3047 Epp.
1721 3008 1810 3047 1508.

1052 3057 1128 3089 3-4‚
1150 3058 1242 3089 1510.
1263 3052 1313 3090 56,
1335 3058 1428 3090 1519.
1445 3059 1498 3089 99.
1547 3050 1619 3081 Not
1633 3053 1768 3081 extant.
