2012 3370
141 155 263 204 1381]
713 154 784 193 To
816 154 1021 193 HENRY
1053 154 1159 193 vm
1657 156 1734 194 319

139 263 362 311 facundus,
382 276 601 315 nunquam
620 263 828 314 persuasit
844 267 893 302 vt
912 263 1189 302 Athenienses
1208 264 1441 315 reciperent
1459 264 1590 315 ipsius
1609 263 1731 315 leges.

140 318 288 368 Neque
318 318 602 357 dubitandum
630 321 776 356 tamen
805 321 870 356 est
897 318 1001 368 quin
1030 330 1175 357 omnes
1204 318 1284 356 sibi
1311 318 1596 369 persuaserint
1624 318 1734 369 leges
1752 326 1820 357 260

139 385 246 423 quas
271 372 557 411 condidissent
579 384 667 411 esse
691 384 825 418 veras,
851 375 895 410 et
918 376 1100 423 optasse,
1126 373 1160 410 si
1184 371 1273 411 fieri
1295 373 1517 423 potuisset,
1543 376 1593 411 vt
1615 376 1734 411 totus

139 430 348 465 terrarum
373 427 485 466 orbis
509 439 580 465 eas
605 426 942 477 amplecteretur.
996 426 1057 465 Ac
1082 440 1134 465 ne
1159 426 1266 465 Mosi
1290 426 1461 478 quidem
1486 427 1597 478 leges
1621 426 1735 465 vltra

141 481 358 520 nationem
400 494 530 519 vnam
572 484 832 531 propagatae
874 484 988 527 sunt,
1032 493 1279 532 quanquam
1323 481 1538 520 Pharisaei
1579 494 1735 532 magna

141 535 373 574 ambitione
405 535 640 586 proselytos
672 534 836 585 aliquot
868 538 1137 573 venarentur.
1199 535 1393 586 Denique
1424 549 1476 574 ne
1509 535 1735 574 Caesarum

139 589 312 640 quidem
334 589 521 628 violenta
543 589 750 628 autoritas
772 592 1023 640 extorquere
1044 589 1188 639 potuit
1209 593 1259 627 vt
1280 590 1467 639 ipsorum
1489 589 1599 641 leges
1621 589 1737 640 apud
1755 597 1816 636 265

140 656 285 682 omnes
312 648 456 695 gentes
482 643 688 682 haberent
712 642 892 694 pondus.
951 643 1009 681 Et
1032 642 1148 694 quod
1175 643 1236 681 hii
1264 644 1405 682 conati
1429 648 1530 682 sunt
1558 644 1737 695 proditis

139 697 314 748 legibus,
338 697 450 737 idem
474 698 616 736 conati
638 701 739 736 sunt
761 697 1000 748 philosophi
1023 697 1259 748 praeceptis
1283 698 1380 743 suis,
1406 711 1560 749 magno
1583 698 1738 736 iudicio

141 764 391 803 summaque
410 765 510 791 cura
528 751 719 802 proditis.
769 751 957 798 Quorum
977 764 1100 790 nemo
1120 755 1211 790 tam
1231 751 1430 802 eloquens
1449 751 1533 790 fuit
1553 757 1628 790 aut
1647 757 1738 790 tam

141 805 332 845 eruditus
363 810 413 845 vt
443 806 702 857 vnicuipiam
733 806 898 844 nationi
928 805 1181 857 persuadere
1211 806 1427 856 potuerit:
1477 806 1581 845 adeo
1614 807 1736 857 phar-

142 873 310 899 macum
331 860 446 911 quod
468 859 730 907 adferebant,
753 860 841 898 vim
862 860 1051 899 habebat
1072 859 1253 898 dilutam
1275 864 1319 898 et
1338 859 1609 899 inefficacem.
1758 874 1824 907 270

195 914 293 954 Sola
318 915 475 953 veritas
502 914 757 966 Euangelica
782 915 896 953 intra
921 927 1078 965 paucos
1105 927 1238 953 annos
1265 918 1440 953 cunctas
1466 915 1601 953 totius
1627 914 1740 953 orbis

139 969 327 1020 regiones
356 970 595 1020 occupauit,
618 969 806 1020 peruasit
833 982 882 1008 ac
908 969 1012 1008 vicit
1032 982 1039 1015 ;
1078 968 1259 1008 Graecos
1280 981 1328 1008 ac
1353 968 1568 1016 barbaros,
1591 968 1740 1007 doctos

141 1026 186 1061 et
210 1022 418 1070 indoctos,
446 1023 630 1074 plebeios
657 1037 705 1062 ac
731 1036 846 1074 reges
874 1023 929 1062 ad
955 1036 998 1062 se
1024 1023 1285 1074 pertrahens,
1341 1023 1447 1062 Tam
1474 1023 1622 1062 efficax
1649 1026 1741 1062 erat

141 1077 265 1116 huius
293 1077 486 1116 veritatis
513 1077 804 1129 pharmacum,
831 1082 881 1116 vt
907 1081 976 1116 tot
1002 1078 1222 1116 hominum
1250 1077 1379 1124 milia,
1408 1077 1564 1116 relictis
1590 1077 1740 1129 patriis

140 1130 315 1182 legibus,
348 1131 495 1171 relicta
527 1132 734 1171 maiorum
766 1132 976 1184 religione,
1010 1131 1165 1171 relictis
1198 1132 1494 1183 voluptatibus
1527 1145 1575 1170 ac
1608 1132 1738 1178 vitiis,
1758 1146 1819 1179 275

141 1185 297 1236 quibus
317 1185 371 1224 ab
390 1186 657 1225 incunabulis
677 1190 964 1233 assueuemnt,
982 1199 1139 1225 nouam
1157 1199 1205 1225 ac
1222 1187 1484 1237 peregrinam
1501 1185 1739 1224 doctrinam

141 1239 510 1290 amplecterentur,
530 1245 574 1279 et
591 1253 643 1279 ex
661 1240 836 1280 diuersis
853 1240 1020 1292 linguis,
1040 1240 1215 1279 diuersis
1233 1241 1456 1287 institutis,
1475 1241 1520 1279 in
1538 1240 1740 1279 humilem

141 1293 358 1344 quandam
379 1294 689 1345 philosophiam
710 1295 998 1334 consentirent
1017 1308 1025 1333 :
1062 1295 1310 1346 praesertim
1331 1308 1464 1345 quum
1485 1294 1602 1333 nulla
1623 1298 1741 1333 aetas

141 1348 274 1399 magis
303 1347 432 1386 fuerit
459 1349 681 1395 instructa,
713 1349 781 1387 vel
810 1349 1058 1388 eruditionis
1087 1348 1396 1400 facundiaeque
1425 1348 1644 1399 praesidiis
1674 1348 1742 1387 vel

143 1402 467 1440 monarcharum
489 1403 683 1453 potentia
703 1415 711 1449 ;
750 1416 968 1454 quumque
989 1402 1174 1441 mundus
1196 1403 1393 1441 omnibus
1415 1403 1501 1441 suis
1522 1402 1741 1454 praesidiis
1760 1409 1827 1441 280

142 1459 352 1507 pugnaret
387 1456 590 1495 aduersus
624 1457 827 1496 inermem
864 1457 1085 1509 Euangelii
1120 1457 1360 1504 Veritatem,
1397 1461 1544 1496 tamen
1579 1456 1741 1496 efficere

143 1523 230 1549 non
255 1511 399 1561 potuit
424 1511 528 1562 quin
554 1524 617 1558 ea,
644 1512 829 1562 primum
856 1515 1066 1563 occupata
1097 1511 1287 1558 Graecia,
1314 1511 1493 1550 Neronis
1524 1511 1672 1550 vrbem
1700 1515 1743 1550 et

145 1564 287 1603 aulam
318 1565 553 1612 inuaderet,
588 1579 772 1617 moxque
804 1579 879 1617 per
911 1579 1057 1605 omnes
1089 1566 1275 1605 Romani
1306 1566 1473 1616 imperii
1503 1566 1744 1617 prouincias

142 1631 231 1658 sese
251 1623 466 1671 spargeret
485 1633 619 1671 Vsque
639 1620 695 1659 ad
715 1620 854 1660 Gades
874 1624 918 1660 et
937 1620 1081 1668 Indos,
1102 1633 1237 1672 vsque
1257 1619 1313 1659 ad
1332 1620 1457 1659 Afros
1478 1633 1526 1660 ao
1547 1620 1742 1672 Scythas,

460 1698 518 1737 Et
547 1699 717 1749 penitus
746 1703 840 1738 toto
870 1698 1027 1737 diuisos
1056 1698 1157 1737 orbe
1186 1698 1430 1737 Britannos.
1761 1713 1823 1754 285

145 1775 238 1815 Hae
267 1780 414 1828 gentes
442 1777 608 1828 linguis,
638 1777 813 1828 legibus,
844 1776 1010 1822 ritibus,
1041 1774 1242 1821 moribus,
1273 1774 1497 1821 institutis,
1528 1774 1621 1821 diis,
1652 1774 1743 1813 reli-

143 1831 279 1881 gione,
296 1830 434 1869 forma
450 1831 680 1882 plurimum
696 1832 807 1870 inter
824 1844 866 1870 se
884 1830 1160 1869 dissidebant.
1205 1829 1307 1868 Mox
1324 1842 1376 1868 ex
1392 1832 1519 1868 tanta
1535 1828 1745 1867 discordia

143 1885 248 1924 facti
262 1885 488 1924 concordes
503 1885 681 1925 eandem
695 1886 937 1925 cantionem
951 1897 1099 1924 canere
1114 1887 1356 1935 coeperunt,
1373 1883 1515 1922 Iesum
1529 1882 1743 1923 Christum

145 1940 317 1978 vnicum
339 1940 451 1978 orbis
473 1940 706 1979 Dominum
727 1940 995 1980 Seruatorem
1016 1938 1214 1978 laudibus
1236 1938 1452 1977 vehentes.

201 1993 379 2033 Interim
415 1993 597 2045 direptio
634 1995 855 2040 bonorum,
894 1993 1031 2041 exilia,
1071 2006 1269 2040 carceres,
1307 1992 1533 2038 cruciatus,
1571 1995 1743 2038 mortes,
1763 2006 1830 2038 290

145 2048 249 2086 nihil
269 2048 385 2087 aliud
404 2053 526 2088 erant
545 2062 674 2100 quam
695 2048 910 2100 profectus
930 2048 1164 2099 Euangelii.
1213 2046 1316 2095 Quis
1335 2059 1526 2098 vnquam
1545 2047 1746 2085 inuentus

145 2106 210 2140 est
238 2103 312 2153 qui
340 2115 416 2153 pro
444 2102 608 2143 Solonis
635 2103 796 2154 legibus
824 2106 900 2141 aut
925 2102 1105 2141 Zenonis
1128 2102 1307 2141 decretis
1335 2104 1517 2140 mortem
1546 2104 1746 2152 oppetere

146 2157 395 2195 sustinuerit
415 2160 430 2195 ’.Ρ
480 2157 560 2195 Pro
581 2158 759 2208 simplici
779 2157 933 2197 Christi
952 2156 1146 2196 doctrina
1165 2160 1273 2207 quot
1291 2168 1440 2195 senum
1460 2168 1508 2194 ac
1527 2155 1744 2201 iuuenum,

146 2215 253 2261 quot
274 2215 566 2250 matronarum
588 2225 637 2251 ac
658 2212 870 2263 virginum
892 2211 1008 2250 milia
1029 2224 1126 2250 suas
1148 2211 1329 2250 ceruices
1351 2210 1582 2261 praebuere
1603 2222 1744 2248 secan-

147 2265 248 2303 das!
301 2265 359 2304 Et
378 2269 524 2305 tamen
542 2271 705 2318 quanto
730 2270 831 2305 sunt
855 2265 1170 2305 admirabiliora
1193 2265 1411 2316 magisque
1436 2277 1461 2302 a
1484 2277 1609 2303 sensu
1634 2277 1744 2303 com-
1764 2278 1824 2310 295

148 2319 266 2357 muni
287 2319 559 2359 abhorrentia
579 2334 689 2372 quae
710 2321 835 2360 docet
856 2320 1150 2372 Euangelium,
1174 2332 1302 2370 quam
1324 2318 1543 2370 paradoxa
1564 2318 1744 2369 philoso-

148 2373 353 2424 phorum!
404 2374 462 2413 Et
491 2374 659 2414 illorum
691 2375 930 2414 doctrinam
961 2387 1085 2414 nemo
1117 2374 1356 2426 principum
1389 2373 1668 2424 oppugnauit,
1702 2376 1746 2410 et

148 2432 293 2467 tamen
322 2441 398 2467 sua
427 2433 579 2480 sponte
607 2431 812 2476 euanuit;
857 2428 1220 2481 quemadmodum
1249 2432 1294 2467 et
1321 2428 1432 2478 leges
1461 2431 1505 2465 et
1534 2426 1674 2477 magia
1702 2431 1746 2464 et

147 2482 255 2521 ritus
278 2482 589 2522 sacrificiorum.
644 2483 746 2531 Quis
770 2485 881 2523 enim
906 2497 1018 2522 nunc
1043 2482 1252 2522 sacrificat
1276 2481 1355 2520 diis
1379 2481 1644 2520 ethnicorum
1670 2484 1747 2518 aut

149 2540 312 2575 mactat
345 2536 542 2577 Iudaicas
575 2539 836 2577 victimas?
845 2538 976 2585 Q⁵uis
1010 2551 1123 2576 nunc
1157 2537 1280 2575 nouit
1314 2535 1580 2574 Zoroasten?
1645 2533 1747 2580 Quis
1764 2548 1831 2579 300

149 2589 416 2642 Pythagorae
433 2593 674 2643 aenigmata
689 2593 763 2643 pili
776 2573 912 2631 facit?
962 2592 1064 2638 Quis
1077 2591 1290 2653 Apollonii
1304 2590 1493 2641 Tyanaei
1509 2589 1644 2627 Vitam
1661 2601 1747 2626 non

148 2644 281 2683 veluti
305 2646 515 2684 somnium
539 2646 756 2697 quoddam
780 2647 882 2697 legit
902 2650 917 2685 ‘2
958 2647 1044 2684 imo
1068 2646 1162 2696 quis
1186 2645 1320 2695 legere
1344 2644 1545 2694 dignatur
1565 2645 1580 2681 ?
1634 2642 1745 2681 Nam

144 2697 261 2749 quod
290 2698 537 2738 Aristoteles
565 2700 690 2739 hodie
719 2700 890 2739 celebris
917 2704 982 2738 est
1009 2700 1053 2737 in
1082 2699 1246 2744 scholis,
1277 2711 1362 2735 non
1390 2698 1476 2735 suis
1505 2696 1646 2742 debet,
1674 2697 1748 2735 sed

146 2752 418 2791 Christianis:
449 2754 623 2804 perisset
644 2758 687 2793 et
706 2755 787 2800 ille,
809 2755 888 2792 nisi
906 2754 1070 2793 Ch1isto
1091 2754 1239 2791 fuissrt
1257 2752 1486 2790 admixtus.
1534 2750 1748 2789 Aduersus

195 2854 267 2883 262.
293 2860 351 2881 eas
368 2863 385 2880 α
405 2851 484 2882 LB:
516 2863 579 2883 om.
598 2854 1214 2938 0.27202.L1’:x‹··110121·*1=111(111111
1410 2854 1483 2890 265.
1511 2848 1665 2880 violenta
1685 2852 1743 2881 (ιδι

149 2904 213 2925 om.
228 2906 260 2933 γ.
350 2897 423 2927 266.
451 2894 549 2926 hiiu:
576 2895 1051 2936 hi7.p‹rmsn1·1
1080 2895 1296 2937 porsuisitr-J.
1382 2896 1453 2935 284.
1480 2893 1643 2925 acaLB:
1669 2898 1702 2924 et
1716 2897 1743 2923 0.

150 2948 224 2977 292.
250 2941 414 2979 oppetere
434 2941 495 2970 015:
531 2919 760 2980 opportere
739 2951 762 2970 ε
856 2920 1246 2982 297.[3:(loctrinu1.1
1341 2945 1417 2976 301.
1444 2935 1576 2978 Tyanei
1593 2939 1626 2970 β.

649 3040 734 3079 285.μ
752 3037 797 3068 Et
814 3037 967 3078 ponitus]
987 3038 1081 3078 erg.
1107 3038 1142 3069 Μ.
1165 3047 1190 3069 ῐ.
1208 3039 1262 3078 (37.
