2012 3370
145 111 267 163 1469]
593 111 666 152 To
692 111 978 152 NIOHOLAs
1008 111 1288 151 EVERARD
1660 111 1738 150 503

138 220 449 260 ratiocinantur
481 220 755 266 baccalaurei,
792 219 800 234 ‘
820 220 913 259 Ηο6
944 219 1054 258 dixit
1086 219 1276 277 Christus
1309 218 1423 270 apud
1455 216 1738 263 Matthaeum,

140 275 236 314 ideo
265 278 342 314 tua
371 275 581 314 conclusio
610 274 843 314 mentitur’
851 305 859 321 ,
892 274 961 313 ille
990 274 1191 312 clamat
1212 274 1303 312 Ista
1331 277 1395 312 est
1425 273 1740 324 argumentatio

140 329 399 377 Lutherana‚
427 332 649 391 protestor
665 341 732 367 me
758 341 845 367 non
871 327 1213 380 responsurum'.
1270 327 1352 367 Vbi
1378 327 1507 379 igitur
1534 326 1742 366 valebunt

139 395 283 422 sacrae
304 383 485 430 litterae,
509 384 544 423 si
564 396 617 422 ne
638 382 749 421 inter
770 381 989 434 theologos
1012 382 1185 432 quidem
1207 381 1368 420 habent
1390 381 1530 421 locum
1551 384 1568 420 ἱ)
1606 380 1739 420 Ν11111·

138 450 234 477 rum
259 437 391 477 ibitur
416 437 471 476 ad
495 437 649 484 fontes,
675 436 756 475 hoc
781 440 847 475 est
872 436 1120 476 Carmelitas
1145 436 1281 482 duos;
1324 449 1376 475 ex
1401 435 1557 487 quibus
1581 434 1742 487 posteri
1763 435 1820 473 Ι65

139 491 305 530 discent
340 504 410 530 605
445 491 654 530 haeretice
689 491 990 542 argumentari,
1028 491 1102 542 qui
1138 494 1489 541 argumententur
1524 502 1577 528 ex
1613 490 1741 528 sacris

139 545 441 585 voluminibus.

194 598 277 639 Sed
298 603 349 640 vt
371 600 535 639 omissis
554 599 657 638 iocis
679 598 735 637 ad
756 611 845 637 rem
867 598 1101 645 redeamus
1126 598 1161 636 si
1182 598 1278 637 ideo
1300 597 1482 649 populus
1504 609 1591 637 non
1613 597 1741 636 debet

138 654 274 706 legere
300 666 439 693 sacras
463 653 621 700 literas,
649 665 755 704 quas
781 652 1012 704 vulgarunt
1038 636 1233 703 Apostoli
1259 656 1309 690 vt
1334 652 1478 703 legant
1504 664 1662 699 omnes,
1690 664 1740 690 eo

138 708 255 760 quod
290 712 391 747 sunt
426 709 500 759 qui
534 707 798 754 abutantur3
850 720 927 746 nec
962 706 1266 745 Ecmondanus
1301 705 1421 745 bibet
1455 706 1617 753 vinum,
1655 719 1740 757 quo
1762 714 1823 746 170

138 765 284 801 tamen
299 762 420 801 vnice
434 761 682 809 delectatur,
699 761 815 813 quod
828 761 999 812 plurimi
1013 761 1099 799 sint
1115 760 1271 812 vbique
1286 760 1359 811 qui
1374 761 1474 799 vino
1489 759 1739 799 abutantur.

137 816 233 855 Imo
255 829 380 855 nemo
403 816 723 855 concionabitur
745 816 790 854 in
809 815 993 866 templis,
1011 815 1127 866 quod
1145 814 1230 853 illic
1250 814 1375 853 multi
1395 814 1578 853 doceant
1597 814 1738 853 haere-

137 871 230 916 sim,
265 870 440 921 quidam
472 870 699 909 seditiones
731 870 932 916 excitent,
967 869 1036 907 alii
1069 868 1297 907 adulentur
1329 868 1603 919 principibus,
1636 881 1739 907 non-

138 925 242 963 nulli
260 924 490 964 mendaciis
506 923 718 963 infament
735 925 990 976 proximum.
1039 923 1091 961 Id
1108 924 1143 962 si
1160 922 1251 970 fiat,
1271 922 1344 962 vbi
1361 935 1538 984 regnum
1557 922 1737 961 Ecmon-

138 978 239 1018 dani
261 981 276 1017 ⁶?
323 978 396 1017 vbi
420 979 628 1029 tyrannis,
660 991 790 1030 quam
814 979 950 1017 iactat
978 978 1110 1016 etiam
1130 981 1145 1017 ἱ)
1194 977 1427 1024 Postremo,
1455 977 1490 1015 si
1515 976 1611 1016 ideo
1635 975 1741 1015 1111111
1763 984 1820 1017 Ῑ75

136 1032 202 1072 fas
231 1033 311 1071 erit
339 1036 504 1085 gestare
532 1032 708 1084 pallium
738 1032 1064 1079 Carmeliticum,
1096 1031 1212 1083 quod
1241 1044 1290 1070 eo
1320 1031 1460 1083 plures
1489 1030 1739 1076 abutantur,

138 1086 395 1126 mutandum
415 1088 495 1126 erit
515 1087 792 1126 Ecmondano
812 1100 938 1126 suum
957 1086 1147 1138 pallium.
1197 1085 1291 1125 Hoc
1311 1089 1376 1125 est
1396 1098 1576 1124 acumen
1595 1098 1741 1124 eorum

137 1141 211 1193 qui
240 1140 394 1180 nolunt
423 1141 628 1193 populum
658 1142 868 1193 attingere
897 1141 1027 1180 libros
1056 1153 1224 1179 sacros:
1272 1152 1379 1192 quos
1408 1141 1444 1179 si
1473 1139 1626 1191 vulgus
1655 1152 1741 1178 non

135 1194 347 1246 intelligit,
370 1195 524 1247 quibus
544 1200 769 1247 acceptum
788 1195 1010 1234 ferendum
1029 1196 1173 1246 potius
1193 1207 1324 1246 quam
1342 1194 1436 1234 istis
1456 1194 1531 1246 qui
1550 1193 1742 1245 quotidie

137 1249 293 1289 docent
326 1249 570 1301 populum?
622 1250 789 1301 Ergone
822 1253 891 1288 tot
924 1250 1046 1288 annis
1081 1249 1319 1287 docuerunt
1351 1247 1457 1287 nihil
1490 1248 1595 1287 scire
1616 1251 1633 1286 ‘2
1684 1247 1743 1286 Et
1764 1248 1824 1280 180

136 1303 204 1343 hic
227 1307 293 1342 est
316 1303 531 1354 profectus
556 1304 851 1355 Euangelious,
875 1317 929 1342 ne
952 1305 1047 1355 quis
1070 1304 1184 1342 norit
1208 1302 1521 1354 Euangelium?

189 1356 382 1397 Tandem
416 1358 461 1396 in
497 1357 661 1409 epilogo
699 1357 914 1397 concludit
950 1357 1169 1409 probabile
1205 1370 1295 1396 esse
1330 1356 1550 1407 theologos
1586 1356 1743 1394 rectius

136 1410 368 1463 intelligere
391 1410 630 1463 Scripturas
654 1424 794 1450 sacras
817 1424 948 1463 quam
970 1411 1098 1450 laicos
1118 1425 1126 1451 :
1167 1412 1290 1462 quasi
1312 1410 1392 1450 hoc
1414 1411 1616 1461 negarim,
1641 1410 1677 1448 si
1698 1410 1743 1448 in

135 1478 285 1518 genere
302 1464 502 1517 loquaris,
524 1470 601 1505 aut
620 1467 742 1518 quasi
762 1466 971 1505 vetuerim
989 1479 1042 1504 ne
1061 1466 1157 1505 laici
1176 1465 1386 1504 discerent
1405 1478 1431 1503 a
1449 1464 1669 1516 theologis.

192 1519 350 1560 Obiicit
392 1519 509 1571 quod
551 1519 707 1559 alicubi
749 1524 905 1560 taxans
947 1523 1223 1582 praepostera
1255 1519 1413 1558 iudicia
1445 1519 1638 1566 dixerim,
1675 1518 1743 1558 Si
1765 1520 1822 1560 185

136 1574 442 1614 Franciscanus
464 1587 542 1626 pro
563 1574 759 1614 cinericia
781 1578 900 1614 veste
923 1578 1109 1614 sumeret
1129 1575 1298 1625 nigrum
1320 1573 1509 1625 pallium,
1535 1577 1744 1612 metueret

135 1642 188 1668 ne
219 1628 402 1668 daemon
431 1629 645 1680 quispiam
675 1629 824 1668 viuum
855 1629 1068 1680 abriperet
1097 1629 1142 1668 in
1171 1628 1364 1667 Tartara.
1424 1627 1484 1667 At
1512 1627 1627 1667 idem
1656 1640 1742 1666 non

137 1683 293 1722 metuit
332 1684 605 1722 committens
646 1683 904 1722 adulterium
944 1687 1021 1722 aut
1060 1684 1271 1722 incestum
1311 1686 1388 1721 aut
1428 1682 1512 1721 alia
1552 1682 1741 1728 crimina,

136 1749 246 1788 quae
276 1740 473 1788 pugnant
502 1741 652 1776 contra
681 1741 910 1788 praecepta
939 1736 1033 1776 Dei.
1092 1736 1191 1776 Non
1219 1736 1349 1775 laudo
1379 1749 1450 1775 605
1480 1737 1554 1787 qui
1585 1740 1743 1774 temere

137 1794 312 1830 mutant
360 1794 538 1838 vestem,
590 1790 665 1830 sed
713 1791 871 1830 damno
921 1795 1247 1842 praeposterum
1297 1803 1345 1829 ac
1396 1790 1742 1841 superstitiosum
1764 1799 1825 1832 190

135 1844 354 1884 iudicium.
407 1844 596 1885 Horrent
619 1845 778 1884 violare
802 1846 1130 1885 constitutiones
1153 1845 1388 1891 hominum,
1414 1848 1459 1883 et
1480 1843 1631 1883 ludum
1655 1857 1745 1883 esse

136 1900 302 1940 ducunt
334 1898 493 1939 violare
525 1904 754 1951 praecepta
786 1899 867 1939 Dei
886 1899 909 1939 ’.
971 1899 1054 1938 Η16
1086 1899 1298 1951 decerpsit
1330 1898 1447 1950 quod
1479 1898 1666 1945 volebat,
1700 1902 1745 1937 et

137 1953 281 1993 omisit
310 1953 427 2005 quod
455 1954 698 2005 explicabat
727 1954 901 1993 nodum.
960 1954 1074 1994 Vicit
1102 1955 1232 2005 igitur
1260 1953 1465 2005 gloriosus
1495 1952 1669 1999 Doctor,
1700 1956 1745 1991 et

136 2020 307 2049 currum
351 2008 654 2060 triumphalem
699 2010 851 2048 merito
898 2008 1093 2055 adornat,
1140 2009 1175 2046 si
1212 2009 1383 2060 grauius
1421 2011 1571 2058 peccat
1610 2007 1742 2045 Bene-

138 2062 337 2109 dictinus‚
374 2075 507 2113 quum
541 2075 615 2114 per
655 2064 919 2102 occasionem
958 2075 1035 2114 pro
1073 2063 1193 2114 nigra
1232 2066 1351 2101 veste
1390 2063 1522 2101 sumit
1561 2061 1739 2107 fuscam,
1764 2070 1822 2102 195

138 2129 269 2167 quam
288 2129 423 2170 quum
444 2116 661 2156 adulterat
682 2130 846 2156 sacram
868 2118 1088 2169 virginem.

191 2170 255 2209 De
285 2170 654 2210 Praedicatoribus
683 2173 757 2222 qui
786 2171 1058 2211 commodum
1088 2175 1301 2210 venantur
1330 2184 1382 2209 ex
1411 2170 1741 2221 praedicatione,

137 2226 304 2264 vtinam
322 2224 478 2264 falsum
496 2230 607 2265 esset
625 2226 741 2277 quod
760 2227 907 2277 scripsi
926 2226 934 2265 1
971 2226 1030 2265 Et
1047 2229 1195 2264 tamen
1213 2224 1330 2276 quod
1347 2225 1392 2263 in
1410 2237 1560 2275 genere
1579 2224 1741 2263 dictum

135 2283 214 2325 est,
234 2278 289 2317 ad
306 2279 462 2318 nullius
480 2280 783 2319 contumeliam
800 2281 1000 2331 pertinet.
1048 2280 1141 2319 Hoc
1159 2280 1194 2318 si
1210 2292 1336 2318 nemo
1354 2280 1522 2329 scripsit
1540 2283 1641 2317 ante
1659 2291 1739 2322 me,

137 2347 213 2385 par
238 2337 303 2372 est
328 2337 377 2372 vt
401 2334 535 2373 feram
560 2333 685 2373 huius
711 2334 1015 2373 admonitionis
1034 2334 1255 2373 inuidiam.
1310 2333 1353 2372 Si
1373 2333 1477 2371 nulli
1498 2332 1606 2371 tales
1627 2335 1739 2378 sunt,
1760 2341 1825 2364 λου

135 2388 288 2440 dignus
312 2401 406 2427 sum
430 2392 480 2427 vt
501 2388 653 2436 ridear,
678 2390 752 2440 qui
776 2402 948 2440 operam
972 2388 1082 2428 hanc
1105 2389 1276 2427 inanem
1300 2387 1564 2438 sumpserim.
1619 2364 1742 2433 Quod

135 2443 170 2481 51
190 2441 395 2493 gloriosus
415 2442 577 2482 Doctor
596 2443 761 2482 nullum
780 2445 904 2482 nouit
923 2443 1068 2490 talem,
1091 2443 1270 2493 aspiciat
1292 2454 1415 2479 suum
1437 2439 1723 2480 Carmelitam.

192 2495 349 2535 Verum
379 2496 540 2536 Doctor
569 2498 655 2536 iam
685 2497 740 2536 ab
771 2498 899 2537 asinis
929 2497 986 2536 ad
1014 2509 1158 2558 equos,
1191 2496 1269 2535 hoc
1300 2500 1365 2534 est
1395 2508 1421 2533 a
1450 2494 1658 2546 theologis
1687 2494 1742 2533 ad

137 2550 347 2602 principes
386 2550 540 2591 desilit.
609 2551 750 2591 Sensit
788 2551 1010 2591 Caesarem
1050 2551 1202 2589 minari
1241 2549 1400 2596 Τ111615,
1442 2553 1486 2587 et
1525 2548 1623 2587 hinc
1661 2549 1742 2588 sibi

136 2605 327 2655 sperauit
356 2617 556 2656 magnam
586 2605 775 2656 gloriam.
836 2605 878 2645 Si
909 2609 1010 2644 sunt
1040 2605 1113 2656 qui
1144 2604 1255 2642 hune
1287 2615 1536 2649 sermonem,
1571 2602 1580 2618 ⁶
1599 2601 1743 2641 Nolite
1759 2612 1821 2643 203

188 2701 259 2732 186.
285 2700 451 2733 cinericea
473 2701 518 2733 H.
744 2702 816 2733 188.
843 2701 1060 2733 committere
1077 2700 1121 2731 H.
1357 2700 1427 2738 189.
1454 2702 1582 2730 temere
1598 2696 1673 2729 add.
1694 2697 1738 2729 H.

144 2752 214 2783 193.
242 2743 335 2776 Vicit
349 2767 357 2775 .
376 2767 384 2775 .
403 2767 410 2774 .
435 2744 505 2782 196.
531 2744 700 2786 virginem
716 2745 791 2776 add.
811 2745 855 2776 H.
1007 2751 1077 2781 199.
1104 2743 1180 2775 Hoc
1197 2743 1225 2774 si
1243 2767 1249 2774 .
1271 2767 1276 2773 .
1298 2767 1303 2773 .
1326 2750 1398 2781 205.
1425 2742 1460 2774 si
1474 2742 1527 2774 H:
1554 2741 1646 2773 Item
1662 2741 1692 2772 si
1709 2753 1739 2772 α.

183 2879 254 2919 165.
276 2877 907 2919 Carmelitasduos]Perhapsanother
1024 2886 1094 2916 197.
1122 2876 1439 2916 Praedicatoribus]
1467 2877 1539 2909 The
1567 2877 1739 2910 reference

140 2931 217 2962 wa)
237 2921 274 2954 of
292 2921 457 2997 referring
477 2925 516 2954 to
536 2921 596 2954 the
617 2925 757 2963 present
777 2922 852 2963 pair
872 2921 907 2953 of
975 2922 1004 2952 is
1020 2922 1169 2963 perhaps
1186 2924 1227 2969 to
1242 2921 1302 2953 tho
1319 2925 1495 2953 comment
1510 2923 1546 2954 in
1563 2922 1622 2954 the
1640 2920 1740 2953 Ratio

138 2968 245 3008 antag
249 2966 360 2997 onists
414 2976 431 2996 6
475 2965 510 2996 ll.
529 2968 626 3005 75—6.
650 2975 722 3004 114,
742 2975 820 2997 202.
979 2975 1069 2997 verae
1089 2964 1267 3004 theoloqme
1293 2964 1377 3002 (LB.
1405 2975 1437 2996 v.
1469 2974 1531 2997 100
1556 2975 1659 2997 ναῖοι
1691 2965 1737 3004 A).

191 3011 262 3049 185.
288 3009 431 3046 alicubi]
446 3009 462 3040 Ι
477 3009 522 3040 do
536 3013 598 3040 not
613 3009 713 3040 know
729 3009 850 3040 where.
1023 3016 1097 3047 203.
1123 3009 1167 3040 ab
1183 3007 1303 3046 asinis]
1320 3008 1368 3039 (ἵὶ.
1389 3009 1495 3048 Adaq.
1513 3012 1589 3047 025),
1606 3012 1680 3047 (13o.
