2012 3370
262 104 337 143 178
730 102 985 142 LETTERS
1018 102 1090 142 01
1120 102 1384 143 ERASMUs
1736 107 1858 155 [1523

257 215 493 254 tentionem
515 219 670 254 vocata
692 219 757 254 cst
777 228 784 254 :
823 228 933 266 quae
954 220 1184 268 postquam
1205 217 1395 264 incaluit,
1419 218 1498 256 1100
1520 217 1672 268 cuique
1693 217 1863 256 videtur

256 270 523 309 verissimum
559 269 675 320 quod
710 273 867 309 temere
902 271 1111 310 tuendum
1147 272 1390 323 susceperit.
1449 272 1591 322 Atque
1626 272 1705 311 hac
1739 272 1784 310 in
1818 284 1863 310 re

257 324 363 363 adeo
385 324 559 363 modum
580 325 762 363 nesciere
782 324 971 375 quidam,
993 330 1043 364 vt
1062 329 1212 377 postea
1231 339 1359 377 quam
1381 326 1485 364 nihil
1506 339 1591 364 non
1611 325 1864 364 definierant

175 378 310 423 225ᾶο
341 379 465 417 rebus
496 378 665 425 diuinis,
697 392 854 417 nouam
885 381 1015 418 ctiam
1047 381 1091 419 in
1121 380 1185 419 his
1216 381 1290 432 qui
1319 381 1423 419 nihil
1455 379 1570 419 aliud
1601 384 1702 419 sunt
1732 393 1862 431 quam

259 434 463 479 homines,
494 434 650 483 θεότητα
691 435 921 472 commenti
947 435 1062 474 sint:
1105 447 1215 485 quae
1241 435 1413 486 quidem
1441 435 1535 486 plus
1563 435 1861 485 quaestionum

257 491 302 526 ct
336 488 562 526 atrociores
592 488 803 526 tumultus
839 489 1047 528 excitauit
1082 489 1173 528 orbi
1210 502 1339 541 quam
1375 490 1474 528 olim
1510 489 1763 528 Arianorum
1800 492 1862 527 te-

259 542 443 580 meritas.
521 541 603 582 Sed
632 542 766 593 pudet
796 542 986 582 Rabinos
1015 543 1223 594 quosdam
1253 544 1407 583 alicubi
1441 557 1526 582 non
1559 543 1715 582 habere
1747 543 1863 594 quod

257 595 556 647 respondeant.
610 596 703 635 Imo
720 597 799 636 hoc
816 597 987 636 demum
1003 602 1068 637 est
1081 598 1330 637 eruditionis
1342 598 1617 649 theologicae,
1632 597 1736 636 nihil
1750 597 1864 636 vltra

174 664 239 696 230
257 663 388 702 quam
407 651 535 689 sacris
554 650 685 689 literis
705 651 923 702 proditum
943 656 1020 699 est,
1042 651 1216 692 definire
1235 666 1244 700 ;
1280 666 1427 692 verum
1447 652 1491 691 id
1511 652 1626 704 quod
1646 651 1863 703 proditum

257 708 337 752 est,
366 705 480 744 bona
506 704 590 744 fide
618 705 873 757 dispensare.
931 707 1070 746 Multa
1097 707 1364 758 problemata
1392 720 1504 747 nunc
1533 707 1780 746 reiiciuntur
1809 706 1863 744 ad

258 758 479 811 Synodum
510 762 787 811 ωῖκουμενικὴνε
831 760 966 800 multo
996 762 1129 813 magis
1159 761 1441 801 conueniebat
1461 762 1730 813 quaestiones
1757 761 1862 800 eius-

259 813 375 853 modi
397 815 440 853 in
460 814 564 853 illud
591 815 760 854 reiicere
785 818 955 867 tempus
978 829 1124 868 quum,
1151 817 1321 855 sublato
1348 816 1517 867 speculo
1545 820 1589 855 et
1609 816 1861 868 aenigmate,

258 868 498 908 videbimus
519 868 659 908 Deum
682 869 734 908 de
756 869 876 909 facie.

175 936 237 969 235
312 922 395 962 Sed
424 923 527 962 haec
558 923 712 963 alicubi
741 923 851 963 forte
880 925 1178 976 tempestiuius
1208 924 1425 971 dicentur3
1457 938 1570 964 nunc
1597 923 1652 963 ad
1677 924 1722 963 id
1748 923 1864 975 quod

258 981 351 1016 erat
376 978 625 1017 institutum
653 982 854 1017 reuertor.
913 979 1020 1018 Erat
1047 979 1219 1030 quidem
1247 979 1326 1018 hoc
1355 982 1653 1030 argumentum
1681 978 1862 1029 splendi-

259 1030 394 1070 dum
384 1045 428 1070 111
451 1033 598 1083 primis
620 1045 669 1071 ac
692 1033 768 1071 tali
791 1033 899 1071 tuba
921 1033 1122 1084 dignum3
1154 1037 1248 1072 erat
1269 1046 1443 1079 nouum,
1468 1033 1596 1084 quod,
1622 1033 1703 1072 nisi
1724 1033 1861 1079 fallor,

258 1084 447 1124 Hilarius
480 1086 731 1125 Latinorum
764 1088 925 1138 primus
958 1088 1226 1139 eloquentiae
1259 1101 1359 1127 suae
1393 1087 1580 1139 gladium
1614 1088 1788 1127 strinxit
1820 1088 1864 1126 in

258 1140 450 1179 Arianos.
509 1141 574 1180 Ea
593 1154 764 1193 quoque
784 1155 849 1181 res
869 1141 929 1180 illi
949 1142 1179 1194 plurimum
1200 1142 1341 1181 famae
1361 1143 1617 1189 conciliauit,
1639 1142 1864 1194 praecipue

175 1209 240 1240 240
258 1194 375 1246 quod
409 1208 475 1234 res
510 1200 621 1234 esset
656 1209 753 1235 cum
789 1196 912 1235 hoste
946 1197 1092 1236 nobili.
1149 1197 1261 1236 Nam
1298 1210 1384 1236 non
1420 1197 1571 1236 dubito
1608 1197 1712 1247 quin
1748 1196 1864 1248 apud

259 1249 455 1297 Graecos,
479 1254 647 1301 praeter
669 1250 967 1299 Athanasium,
988 1251 1129 1303 plures
1158 1251 1271 1291 idem
1301 1251 1491 1291 fecerint.
1550 1251 1632 1291 Sed
1662 1251 1741 1290 hoc
1772 1255 1864 1290 erat

257 1303 368 1343 illius
406 1305 574 1351 aetatis,
613 1309 782 1356 praeter
817 1318 958 1345 sacras
995 1306 1139 1345 literas
1176 1306 1388 1345 neminem
1426 1305 1680 1345 nominatim
1719 1306 1863 1352 citare,

259 1359 507 1410 praesertim
546 1359 581 1397 si
619 1359 723 1410 quid
761 1360 1002 1399 hausissent
1040 1374 1062 1399 e
1102 1360 1358 1400 Graecorum
1396 1360 1601 1399 fontibus.
1659 1359 1713 1399 Id
1751 1360 1863 1399 enim

259 1412 394 1452 veluti
429 1426 505 1452 0110
540 1413 629 1452 11110
665 1414 745 1452 sibi
780 1414 1072 1454 vindicabant.
1130 1414 1301 1465 Alioqui
1336 1415 1440 1454 mihi
1476 1414 1647 1453 candidi
1681 1415 1864 1466 pectoris

176 1481 239 1514 245
259 1467 443 1515 Videtur,
480 1480 567 1507 non
603 1468 866 1508 dissimulare
902 1482 977 1520 per
1012 1482 1120 1520 quos
1155 1469 1392 1521 profeceris.
1451 1469 1518 1509 Sic
1547 1473 1692 1508 autem
1722 1469 1862 1508 mode-

258 1525 379 1561 ratur
405 1523 641 1561 orationem
668 1523 713 1561 in
739 1526 833 1562 toto
861 1523 940 1562 hoc
968 1536 1106 1575 opere,
1135 1524 1257 1575 quasi
1284 1526 1436 1575 suapte
1463 1523 1673 1562 industria
1700 1523 1864 1575 singula

259 1576 416 1615 eruerit
456 1590 478 1615 e
519 1577 646 1616 sacris
687 1577 989 1616 voluminibus.
1048 1577 1303 1629 Quanquam
1345 1582 1490 1617 autem
1531 1581 1746 1629 optassem
1787 1577 1864 1616 tali

258 1631 440 1682 ingenio,
462 1630 540 1669 tali
560 1630 798 1678 facundiae,
821 1631 898 1670 tali
918 1632 1093 1683 pectori,
1115 1632 1343 1672 feliciorem
1372 1633 1590 1683 magisque
1618 1631 1863 1683 frugiferam

260 1685 483 1724 materiam
504 1699 512 1732 ;
555 1689 702 1724 tamen
727 1686 825 1725 hinc
851 1699 1022 1738 quoque
1047 1700 1133 1726 non
1159 1687 1381 1726 mediocris
1407 1687 1487 1726 erit
1511 1686 1677 1726 fructus
1702 1686 1862 1732 lectori,

177 1754 242 1788 250
259 1739 376 1790 quod
413 1739 614 1791 pleraque
650 1740 756 1787 loca,
796 1754 905 1792 quae
943 1741 1128 1781 multum
1166 1741 1386 1781 habebant
1422 1741 1708 1788 obscuritatis,
1749 1741 1864 1792 apud

260 1793 466 1833 Ioannem
496 1798 540 1833 et
566 1794 748 1834 Paulum
778 1795 973 1847 explicet,
1009 1809 1104 1835 mea
1136 1796 1350 1836 sententia
1384 1809 1471 1835 non
1509 1796 1648 1835 minus
1686 1795 1864 1835 feliciter

259 1861 390 1900 quam
413 1853 622 1888 accurate.

314 1902 444 1942 Porro
478 1903 594 1954 quod
628 1903 915 1956 Hieronymus
948 1905 993 1943 in
1026 1905 1206 1956 epistola
1239 1904 1427 1956 quadam
1462 1904 1517 1944 ad
1549 1904 1777 1944 Paulinum
1812 1904 1864 1943 de

260 1957 397 1996 doctis
420 1971 641 1997 censuram
665 1971 805 2010 agens,
830 1959 1042 1998 Hilarium
1066 1960 1214 1999 scribit
1236 1959 1453 1999 Gallicano
1477 1959 1617 1998 attolli
1641 1959 1862 2006 cothurno,

176 2027 239 2061 255
260 2024 393 2063 quum
434 2012 592 2063 alioqui
632 2012 887 2052 Graecorum
928 2013 1110 2053 flosculis
1150 2018 1326 2053 ornatus
1365 2013 1564 2060 incedat3
1620 2012 1864 2064 frustraque

259 2065 340 2117 legi
369 2066 424 2105 ab
451 2067 795 2118 imperitioribus,
827 2068 943 2119 quod
970 2068 1185 2107 interdum
1214 2069 1349 2120 longis
1377 2068 1560 2120 periodis
1587 2067 1863 2107 inuoluatur:

259 2133 507 2171 quanquam
540 2120 698 2172 vbique
730 2134 854 2160 suum
886 2122 1104 2184 quoddam
1137 2122 1304 2163 dicendi
1335 2135 1466 2174 genus
1497 2122 1630 2161 habet
1660 2121 1862 2169 Hilarius,

260 2178 407 2213 tamen
434 2175 479 2213 in
508 2174 588 2215 hoc
617 2188 741 2226 opere
770 2177 996 2227 praecipue
1023 2190 1172 2216 verum
1202 2181 1279 2216 est
1338 2177 1446 2217 Rem
1467 2177 1594 2223 enim,
1615 2180 1666 2215 vt
1685 2180 1750 2216 est
1768 2189 1863 2228 pro·

264 2228 418 2276 babile,
449 2232 673 2269 mutuatus
707 2243 733 2268 a
762 2229 944 2278 Graecis,
977 2230 1146 2270 addidit
1174 2230 1379 2271 Gallicam
1418 2231 1861 2283 grandiloquentiam3

176 2292 245 2324 260
260 2294 393 2333 quum
424 2282 593 2323 Graecis
622 2284 843 2335 peculiaris
872 2285 928 2324 sit
956 2285 1124 2324 erudita
1151 2286 1413 2337 simplicitas,
1444 2289 1488 2324 et
1516 2286 1652 2324 oratio
1681 2289 1864 2324 venusta

259 2337 530 2389 dilucidaque
555 2339 690 2390 magis
715 2339 901 2378 arrideat
925 2352 1056 2391 quam
1082 2339 1253 2391 grandis
1278 2344 1323 2379 et
1347 2352 1537 2391 operosa.
1593 2339 1743 2390 Neque
1768 2353 1863 2378 raro

259 2391 371 2431 ludit
403 2393 448 2431 in
480 2392 581 2432 locis
616 2394 924 2433 communibus.
995 2394 1118 2442 Quod
1151 2407 1283 2446 genus
1315 2397 1429 2441 sunt,
1464 2393 1863 2446 periculosissimum

260 2446 313 2485 de
339 2446 464 2485 rebus
492 2446 647 2486 diuinis
674 2448 806 2487 verba
832 2448 999 2488 facere:
1042 2448 1311 2500 deploratum
1339 2461 1440 2495 esse,
1470 2448 1538 2487 cui
1563 2447 1702 2499 pudor
1728 2452 1794 2487 est
1819 2449 1864 2487 in

261 2500 434 2540 consilio
459 2505 510 2540 vt
533 2501 797 2541 intellectum
838 2503 968 2542 etiam
1007 2516 1189 2543 errorem
1214 2503 1488 2555 pertinaciter
1518 2506 1716 2542 tueatur:
1756 2502 1861 2543 Scri-

178 2568 240 2603 205
259 2558 433 2606 pturam
462 2555 652 2595 diuinam
681 2570 767 2596 non
797 2570 885 2596 esse
914 2557 1252 2609 detorquendam
1282 2557 1337 2596 ad
1365 2560 1532 2596 nostros
1566 2556 1757 2605 affectus,
1789 2557 1862 2596 sed

260 2614 452 2649 nostram
489 2611 746 2650 sententiam
785 2611 840 2650 ad
877 2611 1120 2664 Scripturae
1156 2612 1345 2664 regulam
1383 2611 1707 2651 emendandam.
1765 2611 1861 2650 Fre-

262 2668 442 2714 quenter
486 2669 631 2704 autem
677 2667 864 2717 assurgit
909 2666 966 2705 ad
1010 2666 1204 2706 floridam
1250 2666 1468 2718 quandam
1514 2679 1563 2705 ac
1607 2666 1861 2705 theatricam

262 2718 584 2766 sublimitatem,
620 2721 868 2771 praesertim
903 2734 1036 2772 quum
1070 2721 1267 2761 incidunt
1299 2721 1392 2760 loca
1426 2733 1536 2772 quae
1569 2720 1693 2760 facile
1726 2719 1862 2772 splen-

513 2809 586 2840 228.
613 2808 785 2849 quosdam
805 2809 879 2842 add.
901 2811 934 2843 β.
1119 2813 1192 2843 262.
1219 2809 1312 2842 ludit
1329 2821 1347 2838 α
1365 2821 1372 2841 z
1404 2808 1539 2841 desidet·
1554 2809 1588 2843 β.

307 2917 382 2948 235.
409 2908 551 2947 alicubi]
598 2910 752 2951 Perhaps
796 2911 832 2942 in
880 2910 939 2942 the
978 2910 1029 2942 De
1099 2910 1148 2942 Cf.
1168 2910 1242 2942 also
1259 2910 1280 2942 1.
1300 2913 1374 2943 622.

261 2953 393 2984 ratione
409 2952 642 2990 concionandi,
657 2953 769 2985 which
780 2953 945 2986 Erasmus
960 2953 1029 2985 had
1144 2957 1217 2995 236.
1243 2954 1506 2994 argumentum]
1524 2952 1573 2983 De
1592 2952 1772 2984 Trz'nz'late.

263 3005 340 3031 now
378 2995 561 3034 resumed;
613 3007 668 3028 see
706 2996 770 3039 Ep.
815 3008 907 3039 1332.
952 3000 1027 3039 36n.
1145 3008 1218 3039 253.
1245 2995 1493 3038 Hieronymus]
1510 2996 1575 3036 Ep.
1595 2997 1646 3037 58.
1667 3007 1717 3029 10.
