2012 3370
268 126 347 163 370
742 123 996 163 LETTERS
1027 124 1098 163 OF
1128 124 1392 163 ERASMUS
1741 124 1864 172 [1523

269 233 452 273 Hutteni
477 234 555 272 hoc
581 232 801 282 negocium
826 235 998 269 tantum
1024 232 1125 282 agis,
1152 231 1224 270 scd
1250 232 1369 270 velut
1392 232 1436 269 in
1461 231 1613 269 chaum
1640 232 1862 271 confundis

268 289 349 327 huc
383 287 585 339 quicquid
619 298 799 336 vsquam
833 285 1012 336 potuisti
1045 285 1361 324 mendaciorum
1395 285 1625 332 corradere,
1660 287 1862 338 quicquid

207 359 249 391 30
266 355 446 394 vsquam
467 345 558 380 erat
578 340 634 379 ad
652 339 858 378 inuidiam
879 339 1100 391 Euangelii
1119 344 1163 379 et
1182 341 1343 391 negocii
1363 340 1596 378 Lutherani
1615 353 1623 386 ;
1660 343 1722 386 vt,
1745 341 1862 380 cuius

266 410 351 436 non
389 400 558 447 poteras
597 407 693 434 cum
731 394 914 433 veritate
951 394 1119 434 obiecta
1156 394 1354 441 refellere,
1393 394 1505 433 hunc
1543 394 1629 433 tuis
1666 394 1862 434 obrueres

266 450 483 489 rethoricis
506 449 663 496 ironiis,
688 448 1063 499 assumptionibus,
1087 449 1517 500 praesumptionibus,
1542 448 1860 500 suspitionibus,

264 504 599 543 diuinationibus
619 517 628 550 ;
660 502 814 554 quibus
830 503 1066 554 praestigiis
1081 502 1244 542 nullum
1263 516 1349 542 non
1366 502 1512 542 fucum
1526 502 1631 542 soles
1651 502 1860 554 obtegere,

263 558 424 597 nullam
446 571 532 597 non
555 558 782 597 veritatem
804 557 1041 597 obscurare.

205 630 242 662 35
318 611 495 651 Interim
521 611 705 652 secundo
731 611 871 651 editur
894 624 969 663 per
993 616 1036 651 te
1060 611 1207 650 infelix
1232 615 1277 650 et
1301 612 1453 650 misera
1477 610 1675 662 Spongia,
1702 615 1752 650 vt
1776 624 1861 650 non

263 667 348 705 iam
376 667 614 718 aspergines
642 666 915 717 abstergeret,
943 665 1017 705 sed
1043 665 1312 705 contraheret
1338 670 1382 705 et
1406 665 1632 704 imbiberet
1658 665 1860 716 quicquid

263 720 440 760 vltimae
467 720 569 760 fecis
595 724 640 760 et
665 720 852 759 sordium
881 724 985 767 erat,
1014 733 1120 771 quas
1148 733 1387 771 compressa
1413 719 1620 759 effundat.
1676 719 1862 759 Additur

263 788 372 826 quae
412 775 522 815 hanc
561 788 718 814 venum
759 779 960 826 exponat,
1002 774 1193 821 mordax,
1235 775 1526 825 sicophantica
1565 778 1610 813 ct
1648 774 1860 813 virulenta

262 829 454 881 epistola.
513 829 667 869 Editur
695 833 739 868 et
767 829 894 868 tertio
923 828 1039 880 apud
1067 828 1346 875 Colonienses,
1376 829 1515 868 nescio
1545 841 1599 867 an
1627 832 1705 867 tua
1733 841 1861 879 opera

199 901 246 934 40
262 897 317 923 an
342 884 510 923 illorum
536 883 692 935 quibus
717 883 903 922 iucunda
929 886 1030 921 sunt
1056 882 1298 921 huiusmodi
1325 882 1579 934 spectacula,
1608 886 1658 921 vt
1684 882 1860 922 videant

261 939 418 989 passim
442 942 633 990 prostare
656 937 833 976 infamia
857 937 990 975 bonos
1014 941 1058 976 et
1081 936 1359 988 Euangelicos
1382 937 1508 976 viros.
1562 937 1621 976 Et
1643 950 1696 976 ne
1721 937 1860 976 adhuc

261 992 433 1043 quidem
466 992 780 1043 responsionem
813 991 1008 1030 meditor.
1071 990 1179 1030 Casu
1212 992 1336 1030 venio
1370 991 1425 1029 ad
1458 992 1643 1030 amicos:
1693 996 1859 1043 vrgent,

260 1046 497 1093 obsecrant,
515 1045 812 1092 adhortantur,
830 1045 1062 1096 appellant,
1078 1058 1181 1084 num
1198 1058 1352 1096 queam
1369 1058 1458 1084 esse
1474 1049 1566 1084 tam
1582 1045 1860 1085 adamantino

260 1101 386 1139 corde
411 1105 454 1140 et
479 1100 586 1139 ferre
611 1100 808 1139 iniuriam
835 1100 959 1139 amici
984 1103 1075 1138 tam
1102 1099 1154 1138 de
1180 1112 1247 1138 me
1273 1099 1379 1138 bene
1405 1100 1573 1147 meriti;
1615 1104 1660 1139 et
1685 1100 1791 1139 velle
1817 1113 1860 1139 se

198 1172 239 1205 45
260 1155 432 1206 quidem
466 1154 616 1201 multa,
651 1154 724 1193 sed
756 1154 915 1193 nemini
948 1154 1081 1205 magis
1115 1158 1367 1205 competere,
1401 1155 1486 1193 imo
1519 1158 1564 1193 et
1595 1154 1731 1202 licere,
1765 1167 1858 1194 eam

259 1209 521 1260 prouinciam
549 1221 679 1260 quam
707 1208 823 1255 mihi,
852 1221 937 1259 quo
964 1208 1089 1247 hodie
1115 1208 1273 1247 nemini
1300 1208 1449 1247 melius
1475 1212 1721 1260 perspectae
1747 1208 1858 1248 Hut-

258 1264 422 1302 tenicae
440 1276 505 1302 res
524 1266 639 1310 sunt,
659 1267 703 1302 et
721 1263 801 1302 hae
820 1275 917 1302 cum
936 1262 1081 1314 primis
1101 1275 1210 1314 quae
1229 1263 1340 1302 inter
1357 1267 1401 1302 te
1421 1267 1465 1302 et
1482 1264 1622 1314 ipsum
1642 1268 1858 1314 geruntur.

259 1317 425 1357 Reeuso
454 1317 639 1356 officium
668 1330 721 1356 ex
750 1316 898 1356 eadem
929 1329 1090 1364 caussa,
1121 1321 1172 1356 vt
1200 1316 1301 1356 dixi.
1360 1317 1531 1356 Interea
1559 1317 1788 1356 nunciatur
1816 1323 1859 1357 et

258 1371 504 1418 Buschium,
531 1372 671 1410 virum
697 1385 749 1410 ex
775 1384 911 1422 aequo
937 1371 1112 1410 doctum
1139 1375 1183 1410 ct
1207 1371 1433 1422 integrum,
1460 1375 1511 1410 vt
1535 1375 1601 1410 est
1625 1372 1859 1422 impietatis

201 1445 242 1477 50
258 1430 302 1464 et
318 1426 556 1465 iniusticiae
572 1426 983 1477 impatientissimus,
1002 1426 1316 1476 responsionem
1334 1425 1507 1476 quidem
1525 1425 1722 1464 meditari
1742 1439 1750 1472 ;
1785 1426 1857 1465 sed

257 1480 414 1531 partim
441 1480 615 1531 negocia
640 1480 853 1526 remorari,
882 1480 1039 1530 partim
1066 1484 1290 1530 expectare
1317 1479 1432 1531 quod
1459 1493 1535 1531 ego
1561 1480 1856 1531 expectabam,

256 1533 302 1573 id
341 1538 406 1573 est
446 1538 497 1573 vt
536 1534 688 1585 aliquis
728 1534 917 1585 prodiret
957 1534 1031 1585 qui
1071 1533 1316 1573 Huttenum
1357 1534 1600 1585 eloquentia
1640 1539 1856 1586 aequaret.

258 1587 482 1639 Vtrimque
509 1589 649 1639 agitur
676 1588 877 1638 epistolis,
905 1592 950 1627 et
977 1601 1051 1639 per
1077 1592 1244 1627 nostros
1271 1588 1457 1639 quidem,
1486 1601 1539 1627 ne
1565 1589 1660 1639 quis
1687 1601 1858 1640 prorsus

256 1642 511 1693 respondeat
531 1656 538 1681 :
576 1655 676 1681 nam
696 1642 917 1693 indignum
938 1655 1027 1681 esse
1047 1642 1298 1693 respondere
1319 1642 1375 1680 ad
1394 1655 1444 1681 ea
1464 1655 1574 1694 quae
1594 1643 1752 1682 nemini
1772 1656 1857 1682 non

198 1717 235 1749 55
257 1701 522 1747 compertum
558 1700 624 1735 est
659 1700 827 1747 praeter
862 1709 1025 1735 merum
1062 1696 1234 1747 quidem
1271 1701 1561 1736 commentum
1603 1697 1708 1735 nihil
1744 1710 1856 1744 esse;

255 1750 414 1802 alioqui
435 1750 669 1789 Lutherum
691 1751 831 1801 ipsum
853 1750 921 1789 vel
941 1750 1313 1789 Melanchthonem
1334 1751 1598 1802 respondisse
1620 1751 1720 1790 olim
1741 1752 1827 1790 iam
1847 1765 1856 1799 ;

255 1804 415 1844 nullam
445 1818 533 1844 esse
561 1804 776 1844 meliorem
805 1804 1094 1844 confusionem
1124 1818 1253 1856 quam
1283 1806 1317 1844 si
1345 1818 1432 1844 non
1458 1806 1650 1844 irritatus
1678 1806 1859 1856 ipsemet

255 1859 452 1910 proderes
477 1860 571 1911 quis
595 1872 718 1905 esses,
742 1859 788 1898 id
811 1859 927 1911 quod
951 1863 995 1898 et
1018 1872 1094 1910 pro
1120 1859 1301 1898 candore
1325 1863 1401 1898 tuo
1425 1859 1611 1899 faciebas
1635 1859 1858 1912 diligenter

253 1918 303 1952 tu
324 1926 507 1965 quoque.
557 1913 778 1953 Scribebas
799 1918 843 1953 et
862 1917 911 1952 tu
933 1914 1078 1953 amicis
1099 1913 1372 1965 Argentorati
1393 1918 1437 1953 et
1457 1914 1570 1961 alibi,
1592 1915 1732 1953 nescio
1753 1915 1857 1966 quid

193 1982 239 2013 60
255 1968 458 2019 anonymi
483 1967 612 2006 libelli
637 1968 778 2018 parari
802 1968 885 2007 illic
910 1968 955 2006 in
980 1972 1037 2015 te,
1064 1972 1109 2007 et
1134 1968 1190 2007 ali
1214 1968 1339 2007 isthic
1365 1972 1603 2007 monstrum
1629 1968 1746 2020 quod
1771 1982 1856 2008 non

255 2021 432 2061 auderet
463 2023 507 2060 in
539 2022 757 2072 publicum
790 2022 1043 2073 procedere:
1093 2035 1341 2074 quanquam
1374 2023 1453 2062 hoc
1487 2027 1600 2062 certe
1630 2036 1717 2062 non
1749 2028 1854 2070 erat,

253 2076 334 2114 nisi
350 2075 460 2114 forte
478 2076 720 2115 somniabas
736 2075 930 2115 futurum
948 2076 1108 2115 malum
1129 2090 1137 2123 ;
1171 2090 1271 2115 nam
1289 2077 1363 2128 qui
1379 2077 1505 2116 isthic
1523 2080 1635 2124 sunt,
1656 2081 1733 2116 aut
1750 2077 1856 2116 tales

254 2133 356 2168 sunt
381 2130 454 2180 qui
481 2129 642 2168 audent
666 2130 710 2168 in
735 2129 887 2169 faciem
913 2130 1039 2169 fateri
1065 2130 1181 2182 quod
1207 2135 1353 2182 agunt,
1382 2135 1458 2170 aut
1483 2131 1588 2170 nihil
1614 2135 1788 2171 struunt
1811 2132 1856 2171 in

254 2196 499 2235 quenquam
522 2183 871 2223 clanculariarum
894 2184 1156 2225 insidiarum.

193 2253 233 2292 65
308 2237 396 2277 Sub
422 2238 499 2277 hec
524 2251 691 2276 rursum
718 2239 842 2277 venio
869 2238 1094 2277 Basileam.
1150 2239 1241 2278 Illic
1269 2239 1395 2278 audio
1423 2239 1477 2278 ab
1505 2240 1640 2279 amico
1667 2239 1854 2291 quodam

253 2291 408 2331 dixisse
426 2296 470 2331 te
488 2292 532 2330 in
551 2292 654 2331 haec
673 2292 805 2331 verba
826 2294 886 2342 (et
903 2292 1083 2332 libenter
1102 2293 1240 2340 credo,
1260 2306 1360 2332 nam
1379 2298 1648 2344 perspectum
1668 2298 1733 2333 est
1751 2294 1855 2333 mihi

251 2345 467 2397 ingenium
489 2346 707 2398 versipelle
729 2346 826 2396 1106)
847 2360 856 2385 :
897 2346 906 2362 ‘
925 2346 968 2386 Si
989 2347 1084 2398 quis
1104 2346 1112 2362 ’
1135 2347 1276 2398 inquis
1301 2347 1310 2362 ‘
1327 2347 1613 2399 respondebit,
1639 2347 1752 2387 Otho
1774 2348 1854 2387 hoc

252 2400 382 2440 faciet
400 2400 409 2416 '
431 2413 439 2447 ;
483 2404 528 2439 et
553 2401 693 2440 nescio
720 2400 837 2452 quod
863 2401 993 2440 etiam
1020 2414 1210 2440 scomma
1234 2401 1390 2440 iaciens
1416 2402 1461 2440 in
1487 2415 1558 2441 eos
1585 2401 1740 2452 quibus
1767 2415 1853 2441 non

252 2458 378 2493 tanta
396 2455 527 2493 animi
544 2454 697 2494 leuitas
715 2458 780 2494 est
798 2468 928 2506 quam
946 2455 1039 2494 tibi.
1089 2455 1212 2503 Quod
1230 2459 1377 2494 tamen
1394 2455 1483 2495 siue
1501 2459 1567 2495 est
1584 2455 1653 2495 vel
1669 2469 1756 2494 non
1775 2460 1853 2504 est,

193 2530 236 2564 70
252 2508 356 2547 nihil
374 2521 628 2560 magnopere
645 2509 804 2548 laboro.
853 2509 911 2548 Et
928 2513 1074 2548 tamen
1092 2523 1189 2548 cum
1207 2510 1337 2549 tacite
1355 2513 1450 2548 tum
1467 2510 1757 2561 prophetares,
1776 2523 1853 2562 ego

252 2576 305 2602 ne
338 2563 477 2602 adhuc
510 2563 683 2614 quidem
717 2563 921 2602 monebar
953 2563 1009 2602 ad
1041 2563 1395 2615 respondendum.
1457 2563 1648 2603 Tandem
1681 2565 1852 2616 proprio

252 2617 440 2668 quodam
468 2618 689 2665 instinctu,
720 2618 823 2657 dum
852 2617 1179 2672 tantamssaudio
1209 2618 1264 2657 ab
1294 2619 1438 2657 amicis
1467 2618 1682 2670 querelam
1712 2618 1765 2658 de
1792 2622 1850 2667 te,

296 2710 348 2742 47.
373 2698 440 2730 hae
460 2701 528 2733 aB:
561 2702 598 2731 et
617 2699 702 2731 heae
723 2712 742 2729 a
764 2699 891 2740 Corriq.
1021 2710 1111 2742 quae
1131 2703 1176 2735 B:
1210 2699 1306 2742 quod
1326 2711 1357 2739 α,
1380 2712 1398 2729 (ι
1420 2699 1549 2742 Cori-iq.
1681 2704 1850 2742 geruntur

253 2754 270 2770 a
288 2742 429 2783 Corriq„
448 2744 470 2776 Β
486 2755 493 2775 :
524 2742 658 2784 geritur
674 2755 705 2775 α.

298 2822 349 2853 39.
373 2813 538 2854 epistola]
553 2813 618 2854 Ep.
638 2814 732 2854 1389.
1131 2826 1184 2856 49.
1210 2814 1416 2854 Buschium]
1431 2813 1484 2846 Cf.
1501 2814 1567 2856 Ep.
1590 2815 1682 2855 1383.
1705 2823 1780 2854 31n.

339 2856 434 2896 apud
457 2856 692 2896 Colonienses]
715 2857 817 2888 BEr1.
842 2858 1018 2888 mentions
1135 2866 1186 2897 59.
1213 2857 1409 2896 Scribebas]
1431 2858 1479 2890 As
1501 2859 1538 2889 in
1561 2857 1626 2898 Ep.
1653 2866 1745 2898 1397.
1770 2858 1846 2896 6-7,

250 2899 383 2930 several
401 2899 553 2931 editions
571 2900 723 2932 without
740 2900 839 2941 place
858 2910 897 2932 or
914 2911 1016 2932 name
1086 2900 1210 2939 which,
1228 2901 1318 2933 from
1335 2901 1383 2933 its
1400 2900 1617 2943 publication
1633 2901 1670 2932 in
1688 2900 1846 2933 Alberus’

251 2941 287 2973 of
312 2942 469 2982 printer3
510 2943 575 2975 but
601 2943 619 2975 I
645 2943 692 2976 do
717 2947 782 2975 not
806 2943 910 2976 know
936 2944 1018 2976 that
1085 2944 1270 2983 Iudicium,
1287 2954 1434 2986 appears
1449 2948 1488 2976 to
1501 2944 1590 2976 have
1605 2953 1690 2975 soon
1705 2943 1848 2976 become

250 2995 320 3026 any
349 2995 413 3016 one
441 2985 476 3016 of
504 2986 601 3017 them
628 2986 691 3018 has
720 2987 807 3019 been
832 2987 1015 3020 identified
1082 2997 1245 3020 common
1266 2991 1443 3030 property.
1489 2987 1539 3020 Cf.
1563 2985 1636 3020 also
1657 2987 1722 3029 Ep.
1750 2989 1843 3028 1386.

250 3039 289 3061 as
305 3028 443 3070 printed
459 3032 497 3060 at
513 3029 671 3071 Cologne.
1081 3039 1122 3061 2-
1127 3039 1160 3071 3.
