2012 3370
193 343 234 366 20

193 886 234 917 30

189 1430 233 1460 40

190 1701 230 1733 45

192 1973 232 2005 50

256 104 333 140 452
728 99 982 139 LETTERS
1014 100 1085 139 OF
1115 100 1378 140 ERAsiics
1725 104 1848 153 [1524

254 226 323 250 eos
360 211 489 262 repuli
528 212 600 260 qui
637 209 901 248 conabantur
937 208 1131 247 omnibus
1167 209 1427 261 principibus
1463 210 1710 260 persuadere
1746 213 1847 252 mihi

256 273 395 305 tos-um
421 265 567 303 foedus
592 276 693 310 esse,
718 267 762 302 et
786 263 889 302 mihi
914 267 1054 302 tecum
1078 276 1152 314 per
1175 265 1318 303 omnia
1340 264 1576 311 conuenire,
1601 268 1644 303 et
1666 265 1710 304 in
1733 266 1848 305 libris

256 322 360 360 meis
385 333 475 359 esse
500 318 702 369 quicquid
726 322 775 356 tu
799 317 982 357 doceres.
1035 317 1126 357 Hec
1150 319 1292 369 opinio
1317 319 1390 358 vix
1414 319 1548 357 eciam
1570 331 1683 358 nunc
1706 321 1849 361 reuelli

255 378 398 426 potest
430 386 482 412 ex
518 372 685 412 illorum
723 372 887 411 animis.
951 371 1074 420 Quod
1111 372 1257 412 scribis
1288 374 1332 412 in
1365 386 1444 420 mc,
1479 386 1564 412 non
1597 386 1848 426 magnopere

254 429 411 468 laboro.
472 427 515 466 Si
547 426 754 465 mundum
787 430 987 478 spectem,
1020 426 1124 465 nihil
1156 427 1258 465 mihi
1289 428 1424 478 possit
1455 426 1641 466 accidere
1672 428 1846 468 felicius.

254 483 386 534 Cupio
407 482 515 520 hanc
537 482 724 520 animam
745 493 896 532 puram
917 481 1090 520 reddere
1111 481 1290 528 Christo,
1314 486 1357 520 et
1378 483 1421 520 in
1443 481 1522 520 hoc
1543 481 1700 520 affectu
1721 482 1847 522 velim

252 549 398 577 omnes
424 549 526 575 esse.
582 535 625 575 Si
652 540 828 587 paratus
855 549 898 574 es
926 535 1122 575 omnibus
1148 535 1320 574 reddere
1347 537 1556 574 rationem
1584 535 1636 574 de
1663 549 1714 575 ea
1739 550 1847 588 quae

193 614 208 626 ο
251 593 295 631 in
314 596 357 631 te
376 595 441 630 est
459 589 555 637 fide,
577 603 686 641 quur
704 589 910 641 egreferas
929 591 964 629 si
983 591 1077 641 quis
1096 590 1284 629 discendi
1303 591 1439 640 gratia
1458 595 1600 629 tecum
1619 590 1810 642 disputet
1831 596 1846 631 ‘3

252 646 448 686 Fortasse
477 645 679 683 Erasmus
707 644 891 684 scribens
918 646 962 684 in
990 649 1034 684 te
1062 645 1196 696 magis
1224 644 1430 696 profuerit
1459 644 1690 695 Euangelio
1719 659 1848 697 quam

252 700 427 752 quidam
454 699 598 738 stolidi
625 699 856 738 scribentes
883 712 959 750 pro
986 703 1028 738 te
1050 712 1057 737 :
1101 712 1174 750 per
1201 712 1307 750 quos
1333 712 1419 738 non
1445 698 1544 738 licet
1570 712 1659 738 esse
1686 704 1846 751 specta-

252 760 387 794 torem
413 755 536 794 istius
563 753 791 805 tragoedie,
821 767 902 805 que
930 755 1095 792 vtinam
1122 766 1208 792 non
1235 753 1392 792 habeat
1419 754 1628 804 tragicum
1655 755 1845 793 exitum!

252 809 334 849 Sed
368 822 435 848 me
468 809 512 848 in
545 808 757 847 diuersam
792 812 958 859 partem
992 808 1247 859 propellunt,
1284 809 1417 846 eciam
1451 809 1487 846 si
1520 808 1730 859 principes
1762 822 1847 848 non

251 877 300 903 eo
331 863 643 915 compellerent.
704 863 869 901 Horum
899 862 1151 913 improbitas
1181 862 1322 901 reddit
1353 862 1633 913 Euangelium
1663 863 1847 902 inuisum

252 918 367 971 apud
396 917 605 964 cordatos,
635 921 679 956 et
709 921 911 969 cogentur
939 917 1148 968 principes
1176 917 1355 955 istorum
1385 916 1608 956 sediciosos
1636 917 1848 957 tumultus

253 985 528 1024 compescere.
604 971 761 1010 Verum
806 971 851 1010 id
896 984 983 1010 non
1029 969 1103 1009 fiet
1149 970 1309 1022 absque
1361 970 1517 1010 lesione
1563 972 1845 1011 innoxiorum.

251 1027 421 1067 Nemini
457 1026 716 1073 auscultant,
754 1038 807 1064 ne
843 1025 923 1064 tibi
961 1024 1146 1076 quidem.
1213 1024 1400 1076 Implent
1437 1025 1644 1064 mundum
1680 1025 1849 1066 furiosis

249 1081 414 1128 libellis,
438 1081 493 1121 ob
517 1093 623 1131 quos
647 1081 987 1131 operaeprecium
1011 1080 1260 1119 existimant
1285 1084 1448 1119 veteres
1472 1080 1566 1119 illos
1589 1080 1848 1120 orthodoxos

218 1158 229 1182 ς
251 1140 532 1175 contemnere.

305 1189 387 1230 Sed
405 1190 470 1228 his
487 1189 539 1228 de
556 1189 681 1228 rebus
699 1189 911 1240 prolixum
930 1190 987 1228 sit
1004 1188 1195 1228 scribere.
1244 1188 1395 1228 Precor
1414 1193 1462 1227 vt
1480 1189 1688 1228 Dominus
1705 1191 1848 1229 omnia

251 1248 395 1284 vertat
420 1245 464 1283 in
492 1256 613 1283 suam
641 1243 829 1295 gloriam.
887 1243 939 1282 In
967 1242 1152 1295 Spongia
1180 1243 1433 1282 modestiam
1461 1243 1685 1291 desideras,
1715 1257 1848 1295 quum

250 1299 309 1338 ibi
334 1299 386 1338 de
407 1300 499 1338 vita
524 1298 708 1337 Hutteni
733 1298 850 1345 luxu,
878 1299 1040 1344 scortis,
1068 1297 1159 1336 alea
1184 1297 1482 1348 perditissima,
1510 1297 1562 1337 de
1588 1298 1849 1338 stultissimis

250 1353 360 1392 illius
389 1353 530 1405 gloriis
558 1352 663 1391 nulli
691 1353 888 1403 quamuis
917 1353 1053 1391 amico
1082 1365 1132 1391 ac
1156 1353 1340 1403 pacienti
1364 1352 1623 1400 tollerandis,
1649 1353 1702 1391 de
1726 1353 1845 1392 deco-

251 1407 475 1454 ctionibus,
497 1407 549 1445 de
568 1411 738 1446 extorta
757 1420 781 1445 a
803 1406 1170 1446 Carthusiensibus
1192 1407 1383 1458 pecunia,
1405 1406 1457 1445 de
1483 1408 1718 1458 amputatis
1738 1408 1845 1446 auri-

252 1462 355 1501 culis
376 1461 542 1501 duobus
564 1461 944 1507 Praedicatoribus,
968 1461 1020 1499 de
1039 1461 1260 1500 latrocinio
1281 1462 1440 1499 inuasis
1460 1461 1596 1500 tribus
1617 1461 1847 1501 abbatibus

251 1518 296 1555 in
312 1518 384 1555 via
399 1516 582 1567 publica,
602 1515 656 1555 ob
674 1515 789 1566 quod
805 1515 969 1554 facinus
987 1528 1096 1554 vnus
1113 1529 1134 1554 e
1151 1515 1322 1554 famulis
1338 1515 1449 1554 illius
1467 1517 1606 1566 capite
1623 1520 1846 1555 truncatus

251 1575 330 1618 est,
369 1570 504 1622 deque
543 1570 635 1608 aliis
673 1570 785 1608 illius
822 1569 1080 1608 facinoribus
1118 1569 1244 1621 vulgo
1282 1570 1415 1608 eciam
1452 1571 1565 1608 notis
1602 1570 1765 1609 nullum
1802 1572 1846 1609 in

252 1624 436 1676 Spongia
467 1624 646 1663 verbum
676 1623 874 1663 fecerim:
923 1636 1020 1662 cum
1050 1623 1118 1662 ille
1149 1637 1226 1662 nec
1258 1623 1388 1662 verbo
1419 1628 1676 1674 prouocatus
1707 1638 1733 1663 a
1764 1637 1844 1671 me,

251 1679 421 1731 prodita
453 1679 643 1717 amicicia
673 1679 718 1717 in
749 1679 932 1729 gratiam
964 1679 1088 1716 vnius
1119 1677 1342 1717 nebulonis
1373 1691 1458 1729 quo
1489 1678 1595 1717 nihil
1625 1678 1844 1729 perditius,

251 1737 422 1772 tantum
468 1732 671 1771 falsorum
717 1733 939 1770 criminum
976 1732 1021 1771 in
1057 1745 1126 1771 me
1165 1733 1418 1784 congesserit
1455 1737 1666 1783 quantum
1704 1745 1847 1772 scurra

251 1788 390 1839 quiuis
414 1791 558 1838 posset
580 1787 624 1826 in
649 1786 829 1826 alterum
854 1787 1128 1826 comminisci.
1181 1786 1245 1825 De
1269 1785 1544 1838 perfidissime
1567 1787 1768 1840 euulgata
1791 1788 1845 1826 ad

251 1841 549 1893 Moguntinum
565 1841 762 1892 -epistola
794 1854 1017 1892 suppresso
1049 1842 1181 1892 ipsius
1213 1842 1383 1880 nomine
1415 1840 1578 1888 refer03
1627 1841 1679 1880 de
1713 1841 1846 1881 altera

250 1895 427 1948 perfidia
445 1908 530 1947 qua
548 1895 688 1934 fuerat
707 1908 807 1934 Vsus
826 1897 870 1934 in
889 1908 956 1934 me
974 1899 1109 1934 taceo.
1158 1895 1407 1934 Extorserat
1426 1899 1476 1934 vt
1494 1896 1640 1935 multis
1658 1896 1846 1947 epistolis

252 1951 356 1989 meis
397 1950 764 1989 commendaretur
804 1950 849 1988 in
891 1949 1033 1988 aulam
1075 1949 1276 1997 Caesaris,
1320 1963 1417 1989 cum
1457 1951 1543 1989 iam
1586 1951 1846 1990 coniurasset

251 2005 453 2043 aduersus
472 2005 704 2051 Caesarem,
724 2008 898 2043 tantum
917 2004 1062 2043 volens
1081 2004 1202 2043 abuti
1222 2004 1408 2044 Caesaris
1425 2005 1595 2043 nomine
1614 2005 1670 2043 ad
1687 2017 1842 2044 venan-

251 2059 350 2098 dam
381 2071 568 2097 vxorem.
629 2058 694 2098 Sic
724 2063 981 2110 prouocatus
1011 2058 1066 2097 ab
1096 2071 1145 2097 eo
1175 2059 1227 2097 de
1257 2071 1342 2109 quo
1372 2060 1430 2097 sic
1461 2060 1636 2097 meritus
1665 2059 1841 2100 fueram.

300 2136 350 2166 18.
376 2135 590 2176 principibus
618 2134 701 2174 αγεζ
714 2146 722 2166 :
749 2134 861 2166 modis
877 2135 1092 2177 principibus
1108 2136 1238 2177 passim
1254 2138 1306 2170 βδ.
1525 2144 1578 2168 20.
1604 2136 1797 2168 etiamnum
1817 2136 1842 2175 ζ.

252 2178 353 2219 αγδεζ
365 2178 482 2218 (euelli
498 2179 546 2217 O:
572 2182 691 2220 potest
707 2188 749 2210 ex
765 2178 904 2210 illorum
921 2179 1046 2210 animis
1061 2179 1180 2210 reuelli
1196 2184 1229 2213 β.
1359 2187 1410 2210 21.
1439 2178 1540 2217 Quod
1555 2179 1675 2212 scribis
1692 2179 1708 2219 ς
1719 2190 1726 2209 :
1753 2179 1843 2218 Quid

250 2221 380 2254 scribas
399 2225 514 2263 αβγδε.
617 2230 668 2253 22.
697 2222 712 2260 ζ
727 2234 734 2254 :
764 2226 885 2263 posset
899 2222 1054 2254 accidere
1072 2234 1135 2261 αγε
1166 2222 1321 2255 accidere
1337 2226 1457 2264 posset
1474 2225 1543 2257 Βδε.
1645 2231 1695 2263 23.
1725 2234 1843 2254 omnes

251 2266 354 2298 velim
372 2268 404 2299 Β.
530 2273 581 2305 23.
608 2275 699 2307 quur
717 2277 736 2295 α
752 2277 760 2297 :
786 2275 847 2297 cur
859 2277 896 2306 γε
915 2277 923 2297 :
946 2274 1054 2306 quare
1066 2265 1135 2304 βδζ.
1264 2276 1314 2307 27.
1343 2265 1485 2308 quidem
1502 2268 1534 2300 Β.
1664 2267 1716 2298 28.
1741 2267 1843 2299 istius

251 2310 334 2349 αγδζ
347 2322 355 2341 :
380 2309 484 2342 huius
496 2312 548 2345 βδ.
631 2309 778 2342 haberet
789 2311 843 2344 Βδ.
951 2317 1002 2348 29.
1028 2319 1069 2341 eo
1082 2319 1153 2341 non
1169 2311 1202 2343 Β.
1297 2317 1347 2348 30.
1374 2309 1621 2351 compellerent
1637 2313 1715 2345 αβδε
1733 2322 1740 2342 :
1765 2321 1842 2352 pro-

250 2352 419 2395 pellerent
436 2352 461 2392 ζ.
563 2361 611 2392 31.
639 2352 769 2385 Verum
783 2352 820 2384 id
836 2351 894 2391 αεζ
907 2364 915 2385 :
959 2352 1087 2385 Vereor
1102 2363 1147 2385 ne
1162 2355 1212 2387 βό.
1308 2353 1372 2385 fiat
1387 2355 1438 2387 ΒΞ.
1544 2361 1595 2393 32.
1620 2353 1841 2386 innoxiorum

251 2400 340 2432 αβεε
366 2397 508 2429 innoxia
534 2395 666 2438 republ.
695 2399 734 2429 δε
773 2396 1006 2429 maximorum
1033 2396 1058 2436 ζ.
1266 2404 1315 2435 33.
1342 2395 1497 2438 Implent
1510 2396 1587 2436 αεζε
1611 2397 1778 2438 supplent
1791 2400 1840 2429 εδ.

254 2442 304 2480 36.
331 2440 553 2473 Dominusa:
590 2440 685 2472 Deus
698 2439 785 2479 βδεζ.
943 2440 993 2478 38.
1019 2439 1118 2472 luxui
1130 2452 1160 2472 a.
1308 2439 1375 2471 alia
1392 2443 1424 2474 β.
1562 2440 1787 2481 perditissimi
1815 2441 1839 2479 ζ.

251 2492 303 2524 39.
330 2494 370 2516 ac
384 2484 539 2526 pacienti
553 2494 615 2515 om.
637 2483 662 2523 ζ.
753 2492 807 2523 40.
833 2482 1112 2516 Cartusiensibus
1130 2496 1142 2513 ε
1159 2495 1167 2515 :
1194 2482 1433 2515 Carthusianis
1451 2482 1475 2521 ζ.
1557 2492 1610 2522 43.
1636 2484 1673 2516 in
1688 2484 1841 2526 Spongia

250 2537 312 2560 om.
333 2527 357 2567 ζ.
457 2528 512 2566 46.
538 2528 574 2559 in
591 2537 646 2558 me
663 2528 848 2559 criminum
864 2530 897 2562 β.
1011 2528 1222 2569 congesserit
1235 2527 1280 2567 Βζ
1292 2539 1299 2559 :
1326 2527 1472 2569 gesserit
1486 2539 1532 2559 αε.
1646 2535 1701 2567 47.
1726 2529 1842 2569 quiuis

249 2580 311 2603 om.
333 2571 358 2609 ζ.
481 2571 517 2603 in
532 2570 682 2603 alterum
698 2571 811 2612 possit
827 2583 851 2602 ε.
969 2570 1013 2611 βξ
1025 2582 1033 2603 :
1060 2571 1289 2612 perfidissima
1314 2582 1361 2602 αε.
1486 2569 1632 2613 vulgata
1648 2571 1674 2610 ζ.
1785 2572 1839 2610 48.

250 2613 445 2656 praesulem
461 2619 535 2655 post
551 2614 801 2656 Moguntinum
818 2613 895 2646 add.
914 2616 947 2649 β.
1053 2624 1237 2657 suppressa
1253 2613 1278 2654 ζ.
1388 2613 1476 2645 nihil
1492 2618 1567 2646 ante
1583 2613 1695 2646 refero
1711 2613 1786 2647 add.
1805 2618 1838 2648 β.

249 2657 359 2690 altera
383 2661 443 2691 αΒε
458 2670 466 2690 2
490 2658 637 2690 aliorum
663 2658 687 2697 ζ.
779 2666 833 2698 49.
859 2668 943 2690 vsus
955 2658 991 2690 in
1004 2668 1059 2690 me
1075 2658 1191 2690 fuerat
1208 2662 1240 2692 β.
1337 2665 1388 2698 50.
1414 2657 1499 2690 meis
1515 2667 1578 2690 om.
1599 2657 1624 2697 ζ.
1716 2657 1797 2690 aula
1814 2670 1838 2692 ε.

250 2710 347 2742 51-2.
374 2702 572 2734 vexandam
595 2714 620 2734 ε.

294 2787 345 2810 20.
371 2778 505 2818 reuelli]
520 2777 570 2810 Gf.
588 2777 652 2820 Ep.
670 2779 747 2817 980.
762 2788 839 2820 4—5‚
855 2788 908 2820 45.
1164 2779 1393 2819 coniurasset]
1438 2779 1604 2810 Erasmus
1645 2782 1840 2819 represents

293 2831 345 2860 41.
372 2821 577 2862 abbatibus]
591 2822 654 2855 See
668 2821 732 2864 Ep.
754 2824 846 2863 1356.
867 2832 881 2863 5
889 2831 942 2862 311.
1075 2822 1244 2854 Hutten’s
1305 2822 1520 2863 subsequent
1580 2821 1741 2863 hostility
1802 2826 1840 2854 to

293 2872 345 2904 45.
371 2864 570 2906 nebulonis]
596 2864 813 2908 Eppendorff
839 2875 949 2898 seems
977 2870 1015 2898 to
1075 2865 1225 2904 Charles‚
1246 2865 1338 2899 after
1356 2865 1417 2898 the
1437 2865 1635 2907 Emperor's
1654 2865 1782 2897 refusal
1802 2869 1840 2897 to

252 2906 293 2939 be
307 2908 485 2941 intended.
1075 2913 1226 2951 support
1241 2908 1386 2948 Luther,
1406 2919 1445 2942 as
1462 2919 1484 2941 a
1501 2908 1749 2950 pre-arranged
1767 2909 1836 2941 and

293 2951 348 2990 48.
373 2951 536 2993 epistola]
548 2952 611 2985 See
624 2952 688 2995 Ep.
708 2961 791 2993 1033
804 2953 933 2986 introd.
1075 2952 1269 2985 calculated
1301 2952 1548 2994 development
1579 2951 1616 2984 of
1647 2951 1708 2984 the
1739 2957 1840 2994 great

298 3002 348 3034 50.
374 2995 691 3036 commendaretur]
713 2996 776 3029 See
799 2996 888 3038 Epp.
918 3006 1013 3037 1114,
1073 2996 1228 3029 schemes
1259 2996 1302 3029 he
1333 3006 1403 3028 was
1435 2995 1627 3038 cherishing
1658 2996 1694 3028 in
1729 3004 1836 3037 1520:

254 3047 335 3079 1115
354 3050 362 3076 ;
390 3038 459 3070 and
475 3038 516 3070 cf.
534 3038 598 3080 Ep.
619 3048 711 3079 1113.
731 3041 806 3080 36n.
1074 3040 1128 3072 for
1138 3039 1250 3072 which
1261 3050 1317 3072 see
1327 3039 1391 3081 Ep.
1409 3047 1502 3079 1113.
1518 3040 1594 3079 36n.
