2012 3370
130 139 253 189 1313]
466 138 539 177 TO
572 136 738 177 DUKE
767 134 1003 176 GEORGE
1033 134 1105 175 OF
1134 132 1369 173 SAXONY
1648 130 1720 169 127

125 248 561 299 indulgentiariorum.
609 247 667 285 Et
685 245 1045 297 quemadmodum
1065 245 1276 284 Lutherus
1295 244 1432 283 multa
1448 243 1596 282 scribit
1615 255 1724 293 quae

127 302 404 352 plurimorum
423 314 544 340 aures
562 300 668 339 ferre
687 314 773 338 non
791 304 983 351 possunt,
1000 300 1063 337 ita
1080 299 1140 337 illi
1158 299 1371 350 permulta
1388 298 1599 336 inuehunt
1615 309 1723 347 quae
1741 309 1785 339 40

128 357 227 394 boni
247 357 446 407 doctique
465 355 614 394 vident
632 354 839 393 offectura
857 354 1010 405 pietati
1030 367 1127 392 vere
1148 353 1441 405 Euangelicae.
1496 351 1554 389 Et
1579 355 1725 389 tamen

126 411 200 461 qui
230 411 332 449 11300
363 410 566 455 scribunt,
597 421 683 447 non
714 412 847 459 agunt
877 408 1032 447 Christi
1061 408 1292 458 negotium,
1324 419 1460 457 neque
1491 404 1724 450 Pontificis,

126 465 199 503 sed
235 478 372 503 suum.
437 464 530 502 Imo
566 462 708 502 studio
744 463 903 513 priuati
939 462 1164 509 commodi,
1202 466 1245 500 et
1280 460 1498 500 Pontificis
1535 459 1726 498 officiunt

126 531 277 557 causae
301 523 345 557 et
368 518 522 557 Christi
550 517 725 568 gloriam
755 517 999 555 obscurant.
1064 516 1123 554 Hi
1146 529 1222 555 nec
1247 528 1296 554 ea
1319 516 1465 553 sinunt
1488 513 1659 565 probari
1682 513 1727 551 in

125 572 311 611 Luthero
332 585 440 623 quae
461 575 561 610 sunt
575 571 944 616 christianissima,
965 583 1041 609 nec
1057 569 1110 609 de
1128 570 1214 609 suis
1235 570 1463 620 quicquam
1483 568 1726 613 remittunt,
1743 579 1783 610 43

125 627 199 665 sed
221 627 429 677 prioribus
451 626 580 664 etiam
603 625 770 664 addunt
791 624 974 663 duriora.

181 680 390 728 Quoniam
407 681 537 731 igitur
554 679 859 735 perspiciebam
877 682 1090 729 vtranque
1107 682 1273 728 partem
1291 677 1520 728 impotenti
1538 675 1725 727 quodam

124 735 288 785 impetu
307 735 399 785 rapi
417 738 717 780 transuersam,
734 746 820 772 non
836 732 1068 772 admodum
1087 745 1153 770 me
1170 732 1375 770 admiscui
1391 731 1488 769 huic
1504 730 1724 775 tumultui,

126 790 205 827 nisi
225 789 341 840 quod
359 789 462 827 satis
481 788 694 827 declaraui
713 787 817 826 mihi
835 787 941 825 nihil
955 799 1043 826 esse
1058 786 1238 825 foederis
1254 799 1350 824 cum
1371 785 1638 829 Lutheranis,
1656 797 1725 821 ne-

124 855 207 893 que
222 843 451 894 quicquam
467 843 599 894 magis
615 842 833 893 displicere
848 854 978 892 quam
994 840 1258 880 seditionem.
1294 840 1547 890 Quanquam
1564 843 1607 877 et
1623 838 1726 876 alias
1748 852 1786 884 50

124 897 324 936 videbam
342 910 409 936 me
426 898 632 948 imparem
649 900 741 936 tam
759 895 992 948 periculoso
1010 895 1197 946 negocio,
1217 895 1347 934 etiam
1366 894 1400 932 si
1417 893 1568 932 fuisset
1586 893 1725 930 ocium

123 951 289 1002 legendi
310 964 419 1002 quae
441 951 633 990 scribunt
654 951 752 990 hinc
774 954 905 1002 atque
926 950 1024 989 hinc
1045 962 1053 988 ε
1092 953 1215 988 erant
1236 950 1348 988 enim
1370 947 1548 999 legenda
1569 946 1726 985 omnia.

124 1005 192 1044 Ad
210 1006 313 1044 haec
332 1007 419 1044 iam
439 1010 556 1044 aetas
576 1006 679 1044 haec
699 1008 743 1044 et
762 1004 965 1044 valetudo
986 1017 1011 1043 a
1030 1003 1293 1055 grauioribus
1313 1002 1466 1042 studiis
1486 1002 1727 1040 missionem

125 1059 304 1111 flagitat.
349 1060 581 1111 Nunquam
596 1063 688 1098 tam
704 1059 852 1099 acerbe
868 1058 1093 1097 scriberem
1107 1058 1152 1096 in
1164 1057 1400 1096 Lutherum
1416 1057 1520 1107 quin
1536 1056 1728 1094 diuersae

125 1114 238 1164 parti
261 1114 426 1153 viderer
449 1114 623 1153 dilutus.
676 1114 806 1152 Porro
830 1126 962 1165 quum
986 1113 1072 1151 iam
1095 1125 1208 1151 nunc
1233 1112 1336 1150 mihi
1360 1111 1452 1149 dira
1476 1111 1728 1149 minitentur
1748 1123 1785 1156 55

126 1167 371 1215 Lutherani,
394 1169 605 1207 neminem
626 1168 742 1219 prius
763 1167 1048 1218 discerperent
1068 1179 1198 1218 quam
1220 1166 1459 1211 Erasmum,
1483 1165 1518 1203 si
1538 1163 1727 1215 prodiret

123 1223 168 1260 in
187 1222 333 1261 aciem.
382 1222 496 1262 Satis
513 1222 749 1261 libellorum
769 1226 834 1261 est
852 1223 896 1260 in
916 1222 1164 1267 Lutherum,
1185 1221 1220 1259 si
1240 1221 1318 1259 1130
1338 1221 1410 1258 via
1427 1223 1572 1270 posset
1591 1218 1726 1257 obrui.

125 1276 183 1315 Et
200 1280 302 1315 sunt
320 1277 393 1327 qui
411 1277 456 1315 in
474 1277 553 1315 1130
572 1277 730 1315 harena
749 1289 816 1315 me
833 1276 956 1327 longe
975 1275 1070 1326 plus
1088 1275 1275 1314 valeant.
1323 1274 1544 1312 Postremo
1563 1284 1730 1323 semper

124 1331 168 1369 in
188 1330 266 1369 1130
286 1330 349 1369 fui
368 1331 594 1377 sententia,
615 1331 879 1381 tragoediam
899 1331 1008 1368 hanc
1028 1329 1146 1368 nulla
1164 1329 1329 1367 ratione
1349 1328 1498 1366 melius
1518 1326 1728 1376 consopiri

125 1397 247 1435 posse
286 1397 415 1436 quam
453 1385 633 1423 silentio.
690 1384 810 1423 Idem
836 1385 1028 1423 sentiunt
1054 1384 1128 1434 qui
1154 1387 1256 1421 sunt
1280 1383 1391 1420 inter
1418 1381 1651 1420 cardinales
1678 1393 1727 1418 ac
1745 1388 1788 1419 60

125 1443 345 1490 magnates
388 1439 683 1478 cordatissimi.
773 1438 938 1477 Prodiit
980 1437 1227 1476 saeuissima
1269 1436 1395 1475 Bulla
1438 1449 1463 1474 a
1507 1434 1726 1473 Pontifice.

125 1493 241 1532 Nihil
272 1493 387 1532 aliud
417 1506 547 1545 quam
577 1493 850 1532 exacerbauit
879 1491 1135 1532 incendium.
1194 1491 1433 1542 Sequutum
1464 1494 1529 1528 est
1559 1488 1728 1528 saeuius

124 1547 255 1587 etiam
277 1547 465 1587 Caesaris
486 1547 714 1594 aedictum,
738 1548 811 1599 qui
832 1550 952 1586 totus
972 1547 1017 1585 in
1037 1545 1148 1585 hanc
1168 1559 1257 1585 rem
1278 1557 1512 1596 propensus
1534 1546 1612 1582 est.
1663 1542 1727 1581 Ea

125 1614 190 1641 res
212 1601 378 1653 linguas
400 1602 669 1653 quorundam
693 1605 737 1641 et
760 1601 945 1641 calamos
968 1601 1175 1647 cohercet,
1201 1603 1248 1639 at
1270 1612 1357 1638 non
1380 1602 1524 1637 mutat
1547 1597 1725 1639 animos.

127 1655 347 1695 Laudatur
382 1656 555 1707 quidem
590 1657 685 1707 pius
721 1656 909 1696 Caesaris
945 1656 1113 1694 animus
1132 1668 1141 1701 ;
1193 1654 1268 1693 sed
1302 1653 1506 1692 iudicium
1542 1653 1632 1691 eius
1667 1654 1728 1691 rei
1744 1659 1784 1699 65

125 1711 365 1750 asscribunt
382 1711 433 1750 iis
451 1711 606 1762 quibus
624 1710 779 1750 eruditi
797 1723 883 1749 non
903 1710 1086 1748 multum
1105 1709 1315 1748 tribuunt.

180 1764 403 1804 Caeterum
437 1777 513 1817 ego
548 1778 768 1816 nunquam
804 1765 1001 1803 dubitaui
1035 1764 1139 1814 quin
1172 1763 1242 1801 ille
1274 1761 1441 1801 libellus
1473 1761 1727 1799 serenissimi

127 1819 253 1871 Regis
280 1819 457 1871 Angliae
484 1832 571 1858 non
598 1820 687 1858 sine
715 1832 843 1858 causa
871 1819 947 1857 abs
974 1822 1018 1857 te
1046 1817 1260 1863 laudatus,
1289 1817 1421 1867 ipsius
1449 1815 1568 1854 cuius
1596 1815 1728 1853 habet

125 1873 314 1921 titulum,
332 1874 499 1925 ingenio
519 1878 753 1924 marteque,
775 1873 891 1924 quod
911 1873 1045 1918 aiunt,
1067 1873 1123 1910 sit
1141 1871 1396 1910 elaboratus,
1451 1869 1598 1908 Habet
1615 1869 1727 1907 enim

125 1927 325 1979 Princeps
343 1928 411 1967 ille
430 1929 646 1979 ingenium
666 1928 769 1966 mire
788 1927 890 1966 felix
910 1940 958 1965 ac
978 1926 1188 1971 versatile,
1210 1925 1326 1976 quod
1345 1923 1580 1963 incredibili
1600 1923 1727 1962 modo
1744 1940 1787 1972 70

126 1982 254 2028 valet,
272 1995 526 2033 quocunque
541 1996 584 2021 se
598 1982 843 2021 intenderit.
889 1981 946 2020 Et
961 1981 1107 2019 stilum
1123 1980 1223 2018 olim
1238 1992 1343 2030 puer
1357 1991 1444 2017 non
1457 1977 1727 2029 indiligenter

125 2037 351 2083 excercuit,
380 2037 511 2075 etiam
539 2036 594 2075 ad
622 2049 689 2075 me
717 2036 883 2087 scriptis
916 2035 1118 2086 epistolis.
1192 2034 1251 2073 Et
1279 2037 1379 2072 ante
1406 2045 1565 2084 paucos
1593 2045 1726 2071 annos

172 2123 224 2154 39.
250 2115 547 2157 indulgentiarum
565 2115 610 2146 H.
721 2122 772 2154 52.
798 2114 891 2146 enim
913 2114 987 2146 add.
1012 2116 1045 2147 Β.
1154 2120 1204 2153 55.
1231 2123 1323 2144 1111110
1346 2112 1420 2144 add.
1446 2114 1479 2146 β.
1581 2111 1657 2143 dira
1679 2112 1724 2145 fl:

125 2157 213 2189 dura
234 2171 264 2190 α.
433 2159 484 2198 56.
511 2158 685 2200 prodirem
703 2161 737 2193 β.
914 2158 964 2198 58.
992 2157 1112 2189 valent
1131 2159 1163 2191 B.
1327 2164 1379 2196 59.
1405 2158 1427 2189 Β
1444 2167 1451 2187 :
1484 2155 1536 2187 fui
1554 2155 1590 2186 in
1610 2154 1674 2187 hac
1693 2167 1723 2186 α.

125 2201 180 2242 65.
206 2202 279 2234 eius
295 2214 338 2234 a:
370 2203 472 2234 huius
489 2204 522 2236 β.
649 2210 702 2244 71.
728 2212 801 2234 sese
818 2204 851 2236 β.
946 2209 999 2242 72.
1026 2201 1074 2233 Et
1091 2214 1110 2231 cz
1126 2213 1134 2233 ε
1166 2200 1311 2242 aliquot.
1352 2200 1442 2231 Tum
1461 2200 1505 2231 H.

172 2284 224 2324 56.
250 2284 456 2323 Lutherani]
470 2285 633 2316 Erasmus
647 2294 716 2315 was
729 2283 892 2325 thinking
960 2283 1125 2314 Erasmus
1152 2281 1223 2313 had
1249 2279 1418 2322 expected
1445 2279 1525 2311 that
1551 2278 1725 2311 Melanch-

125 2327 161 2359 of
178 2327 437 2366 Melanchthon,
455 2328 569 2359 whom
588 2328 630 2359 he
648 2327 718 2359 had
736 2327 890 2368 recently
958 2326 1045 2358 thon
1060 2325 1175 2357 would
1191 2324 1367 2366 challengc
1382 2323 1455 2355 him
1471 2323 1519 2364 by
1534 2322 1727 2364 producing

125 2371 281 2403 believed
312 2375 349 2403 to
378 2371 421 2403 be
452 2371 662 2413 meditating
692 2381 736 2402 an
768 2371 890 2402 attack
959 2369 1192 2411 Paraphrases
1219 2368 1253 2400 of
1279 2368 1332 2399 his
1359 2377 1436 2399 own
1462 2377 1506 2398 on
1532 2366 1584 2398 St.
1612 2365 1722 2398 Paul:

124 2415 348 2500 ᾓὲἶῖαῗὲἳὲ
368 2414 678 2500 ffieffagssffi‘5308f
696 2414 890 2490 flsssslfgfffifi
954 2413 1293 2498 seesswiiffinssffiin]
1305 2410 1721 2495 cg-fmgopEngffss-ffnd·

124 2511 143 2541 3
162 2502 257 2543 Sept.
278 2502 419 2543 <1522>,
438 2501 577 2543 printed
596 2501 643 2542 by
661 2501 693 2533 J.
715 2501 754 2533 G.
776 2500 889 2533 Schel-
957 2500 1027 2531 and
1051 2510 1106 2531 see
1130 2499 1189 2531 the
1212 2499 1293 2539 long
1315 2497 1375 2529 list
1396 2498 1433 2528 in
1456 2497 1494 2528 F.
1521 2496 1614 2527 Lauc
1641 2496 1724 2527 ert’s

124 2545 223 2583 hom,
247 2546 385 2577 Amoen.
416 2544 464 2577 lit.
491 2546 501 2576 i
533 2546 661 2586 (1725),
683 2555 741 2586 pp.
766 2546 889 2585 306,7;
958 2544 1035 2575 Ital.
1066 2543 1189 2583 Geqner
1216 2541 1367 2578 Luflzers,
1399 2550 1491 2579 1912.
1544 2539 1722 2570 Latomus’

125 2586 134 2601 ‘
150 2588 314 2620 Ostendit
330 2588 415 2620 mihi
431 2588 534 2620 hodie
551 2588 734 2630 epistolam
753 2588 891 2619 Erasmi
959 2586 1188 2618 Articulorum
1229 2586 1466 2618 dmmzatorum
1510 2582 1609 2614 Ratio
1654 2582 1723 2614 had

125 2632 404 2671 <Brassicanus>,
432 2632 469 2663 in
497 2642 567 2673 qua
595 2632 819 2673 conqueritur
846 2631 888 2661 de
957 2630 1132 2672 appeared
1183 2631 1202 2661 8
1257 2628 1340 2668 May
1396 2635 1490 2667 1521,
1544 2626 1723 2667 Antwerp‚

123 2675 219 2707 fama
241 2685 345 2716 super
367 2675 540 2716 Philippo,
563 2675 659 2716 quod
688 2674 744 2705 illc
775 2675 890 2705 nescio
957 2673 1002 2705 M.
1032 2672 1172 2709 Hillen;
1213 2671 1283 2702 and
1309 2672 1364 2703 Jo,
1394 2669 1535 2701 Fabcr's
1563 2669 1724 2707 Mallem,

123 2718 209 2760 quid
222 2718 376 2750 dentatis
387 2718 510 2750 libellis
524 2719 710 2749 moliatur:
739 2717 888 2748 multum
956 2717 1078 2753 Rome,
1100 2716 1145 2747 M.
1166 2715 1288 2752 Silber,
1310 2724 1348 2754 14
1367 2713 1454 2755 Aug.
1478 2722 1570 2753 1522.

123 2762 330 2804 deprecatur
360 2761 511 2802 Philippi
543 2761 632 2792 odia.
688 2761 810 2797 Velim,
842 2761 889 2791 mi
999 2760 1054 2790 61.
1083 2757 1198 2796 Bulla]
1213 2758 1274 2790 Sec
1290 2758 1354 2799 Ep.
1374 2766 1467 2797 1141.
1485 2766 1562 2788 2011.

124 2805 284 2843 Ioannes,
300 2806 327 2836 si
343 2804 531 2846 aliquando
548 2804 747 2845 Philippum
764 2814 784 2834 3
800 2803 891 2834 110110
999 2802 1054 2843 63.
1081 2800 1272 2839 aedictum]
1293 2801 1355 2833 800
1375 2801 1439 2842 Ep.
1466 2809 1558 2841 1217.
1586 2808 1682 2838 14411.

125 2849 304 2880 Erasmico
323 2848 499 2880 dehortari
520 2848 640 2889 possis,
662 2858 704 2878 nc
725 2847 887 2878 differas:
1001 2855 1053 2886 70.
1078 2843 1270 2887 ingenium]
1288 2844 1336 2875 Cf.
1358 2844 1421 2885 Ep.
1444 2853 1536 2884 1227.
1557 2843 1630 2882 7-8.

124 2891 252 2923 redibit
273 2891 355 2923 olim
377 2902 457 2923 cum
480 2891 618 2922 foenore
642 2891 818 2927 Erasmus,
841 2893 890 2927 et,
1000 2898 1054 2930 72.
1080 2887 1249 2930 epistolis]
1275 2887 1337 2919 See
1363 2888 1427 2929 Ep.
1455 2889 1543 2924 2063
1582 2887 1651 2918 and
1678 2887 1721 2918 ef.

124 2935 262 2976 pristini
275 2936 402 2967 amoris
416 2945 558 2972 memor,
574 2937 670 2966 totus
684 2935 718 2965 in
734 2933 891 2971 Lutheri‚
955 2932 1063 2964 Lond.
1089 2933 1184 2964 xxiii.
1212 2940 1261 2972 15,
1286 2931 1355 2962 LB.
1382 2933 1477 2971 1038,
1500 2930 1612 2962 which
1634 2930 1662 2960 is
1686 2934 1723 2961 to

124 2979 195 3009 imo
229 2978 369 3016 Christi,
404 2982 539 3020 partem
575 2977 692 3020 palam
729 2976 889 3008 manibus
956 2976 998 3008 be
1015 2976 1121 3007 dated
1142 2984 1238 3016 1529,
1254 2978 1330 3012 not,
1346 2984 1384 3006 as
1401 2974 1418 3006 I
1435 2974 1588 3016 wrongly
1605 2974 1720 3004 stated

126 3021 343 3064 pedibusque
363 3021 429 3054 ibit
443 3022 465 3054 '.
512 3021 646 3055 Earlier
669 3022 704 3053 in
725 3020 786 3052 the
807 3029 890 3063 year
954 3020 991 3051 in
1008 3019 1072 3062 Ep.
1090 3020 1155 3051 206
1170 3017 1311 3056 introd„
1332 3026 1425 3060 1522.
