2012 3370
226 124 276 161 72
698 116 952 157 LETTERS
984 117 1056 157 OF
1086 116 1350 157 ERAsMUs
1701 118 1825 167 [1522

222 231 448 271 ediderunt
486 241 680 281 quaeque
719 227 798 265 hoc
835 226 1007 265 nominc
1044 226 1178 265 indies
1218 226 1463 273 moliuntur,
1504 230 1626 265 stant
1663 231 1825 266 contra.

223 286 379 337 Accepi
400 285 514 324 enim
537 282 731 322 reseratis
761 280 935 332 pudoris
964 281 1311 333 Christianacquc
1342 281 1693 333 aequanimitatis
1716 281 1828 321 clau-

223 342 336 389 stris,
357 341 402 378 in
430 338 566 390 iurgia
586 341 630 376 et
651 335 930 375 contumelias
949 335 1250 387 exitiabileque
1277 335 1422 375 odium
1448 348 1520 375 eos
1538 348 1828 387 prorumpere,

163 412 201 443 25
224 396 293 447 agi
329 398 374 433 et
403 392 662 445 quandoque
698 389 908 436 manibus,
945 394 989 429 et
1024 389 1228 429 aduersus
1262 390 1541 442 Euangelicas
1576 389 1829 429 traditiones

225 450 370 489 omnia
389 446 590 487 scandalo
612 457 709 485 cum
729 444 916 483 maximo
937 443 1038 483 fieri.
1099 444 1193 492 Qua
1212 445 1376 483 ratione
1396 445 1499 484 etin
1513 458 1585 483 eos
1600 444 1770 483 firmum
1788 449 1831 483 te

224 517 313 543 esse
334 502 549 547 conuenit,
570 500 644 551 qui
663 500 834 546 maiore,
855 502 905 537 vt
931 511 1007 550 ego
1026 498 1222 546 arbitror,
1242 499 1339 538 dolo
1359 498 1614 538 Luterianae
1632 498 1832 538 factionis

224 564 267 597 tc
287 556 552 601 insimulant,
575 559 626 593 vt
648 554 754 593 velis
784 553 892 592 nolis
912 553 956 591 in
977 565 1124 592 eorum
1147 557 1287 592 castra
1309 553 1479 593 secedas
1500 567 1508 600 ;
1547 566 1632 604 quo
1656 553 1829 592 consilio

224 612 366 651 nescio
388 609 595 662 quidnam
618 609 752 659 magis
774 608 953 659 impium
978 608 1154 659 cogitari
1177 608 1324 659 possit.
1377 608 1459 648 Sed
1482 612 1531 646 tu
1555 612 1598 647 te
1622 608 1831 658 Hierony-

166 684 207 715 30
225 667 369 705 miano
394 665 542 717 clypeo
566 663 753 710 tuebere,
779 675 854 701 nec
880 662 931 701 de
955 666 999 701 te
1023 662 1106 701 dici
1129 662 1238 701 sines
1263 662 1379 713 quod
1403 662 1455 701 de
1478 662 1740 701 Tertulliano
1764 661 1833 700 ille

226 719 428 773 prodidit,
460 723 511 758 vt
541 718 779 769 aliquorum
809 716 973 755 inuidia
1002 716 1070 756 vel
1107 717 1375 756 contumeliis
1408 729 1609 756 accensus
1638 717 1683 755 in
1716 715 1832 755 aliud

226 776 382 827 dogma
409 773 615 813 desciscas
642 785 772 823 quam
805 772 850 810 in
886 784 973 822 qua
1010 771 1216 810 hactenus
1254 774 1549 823 ὀρθοδοξοτατῶς
1583 774 1628 811 et
1665 784 1832 810 summa

228 843 324 869 cum
345 828 470 868 laude
491 827 650 866 vixisti.

283 883 396 922 Illud
429 895 583 934 magno
617 881 698 920 tibi
731 879 883 919 solat-io
917 893 1005 919 esse
1039 879 1181 927 debet,
1216 880 1333 932 quod
1365 893 1418 920 ex
1452 880 1668 919 veteribus
1701 880 1831 919 etiam

169 956 207 988 35
229 937 505 978 sanctissimis
530 935 725 988 patribus
750 935 962 974 neminem
987 939 1079 973 tam
1103 934 1235 973 felicis
1260 935 1494 974 industriae
1519 934 1648 974 fuisse
1674 934 1836 985 optimc

229 993 355 1040 nosti,
385 992 459 1043 qui
487 989 731 1030 huiusmodi
759 989 1076 1040 vitilitigatorcs
1108 1001 1195 1027 non
1231 988 1362 1028 fuerit
1398 993 1612 1040 expertus.
1670 989 1834 1039 Estque

230 1048 450 1098 aliquanto
474 1045 620 1084 melior
641 1056 771 1094 quam
794 1047 988 1082 veterum
1010 1042 1177 1081 illorum
1200 1047 1277 1082 tua
1299 1043 1501 1090 conditio,
1525 1042 1641 1094 quod
1662 1047 1837 1094 propter

229 1101 583 1152 peritissimorum
622 1098 807 1149 plurium
846 1110 1071 1136 numerum
1109 1097 1184 1148 qui
1222 1110 1272 1136 ea
1310 1101 1569 1149 tempestate
1607 1096 1834 1148 degebant,

230 1160 379 1194 tantae
411 1152 739 1193 existimationis
769 1151 830 1190 illi
866 1164 954 1190 non
990 1155 1126 1198 erant,
1164 1151 1400 1203 iccircoque
1436 1152 1617 1191 inimicis
1655 1156 1700 1190 et
1735 1151 1833 1189 insi-

169 1227 213 1255 40
232 1209 449 1248 diantibus
479 1207 774 1259 oportuniores
803 1206 1087 1244 habebantur.
1155 1205 1216 1245 At
1243 1210 1293 1245 tu
1323 1206 1479 1246 saeculi
1507 1206 1642 1245 nostri
1661 1206 1834 1245 vnicum

231 1267 531 1303 ornamentum
554 1274 683 1313 supra
705 1273 875 1300 omnem
896 1260 1083 1299 inuidiae
1106 1260 1243 1299 aleam
1266 1261 1526 1300 constitutus
1548 1274 1605 1307 es,
1630 1264 1680 1299 vt
1702 1273 1834 1311 quan-

232 1331 362 1370 quam
391 1317 451 1357 illi
479 1316 711 1368 plurimum
740 1314 969 1361 oblatrent,
1000 1314 1106 1353 nihil
1130 1319 1278 1354 tamen
1307 1315 1555 1354 auctoritati
1584 1318 1685 1354 tuae
1715 1314 1836 1353 dimi·

232 1376 382 1419 nuant,
411 1384 509 1411 cum
536 1369 780 1410 huiusmodi
806 1369 1148 1408 accusationibus
1175 1369 1322 1409 credat
1348 1383 1485 1409 nemo.
1541 1369 1682 1409 Macte
1708 1369 1838 1420 igitur

235 1432 312 1468 tua
330 1427 409 1466 hac
427 1426 589 1465 virtute
607 1429 698 1464 esto
717 1428 772 1471 et,
793 1423 909 1474 quod
926 1423 1044 1471 facis,
1063 1436 1151 1462 rem
1170 1423 1458 1464 studiosorum
1477 1423 1681 1463 adiuuare
1698 1436 1839 1476 perge.

597 1549 721 1588 1289.
784 1545 925 1587 FROM
956 1545 1227 1588 MATERNUS
1260 1546 1479 1589 HATTEN.

283 1623 435 1668 Leipzig
451 1621 528 1658 MS.
1587 1619 1719 1665 spires.

284 1681 365 1716 EE.
384 1682 418 1716 8.
1535 1690 1557 1722 4
1575 1677 1674 1713 June
1695 1686 1796 1722 1522.

283 1744 353 1784 [An
374 1742 517 1785 original
539 1742 653 1779 letter,
675 1741 872 1784 autograph
894 1740 1119 1784 throughout.
1165 1742 1237 1774 The
1258 1741 1440 1784 year-date
1456 1742 1485 1774 is
1506 1741 1696 1773 confirmed
1717 1741 1763 1783 by
1782 1741 1842 1774 the

237 1790 375 1822 various
393 1787 502 1820 books
518 1784 748 1824 mentioned]

291 1856 331 1896 S.
351 1856 404 1894 D.
452 1853 845 1893 Reuerendissimus
861 1853 1058 1892 dominus
1073 1853 1309 1905 Episcopus
1325 1853 1580 1900 Basiliensis,
1598 1852 1841 1892 doctissime

237 1911 426 1955 Erasme,
453 1909 673 1960 proprium
698 1909 901 1947 nuncium
926 1908 1013 1947 iam
1039 1907 1094 1947 ad
1119 1921 1197 1947 nos
1222 1908 1351 1955 misit,
1379 1908 1582 1959 cupitque
1607 1921 1634 1946 a
1659 1907 1842 1946 dominis

238 1965 341 2005 meis
379 1964 459 2003 sibi
497 1963 801 2002 communicari
839 1963 1005 2014 copiam
1044 1962 1203 2002 decreti
1239 1975 1374 2013 nuper
1410 1963 1455 2001 in
1492 1962 1656 2013 synodo
1693 1966 1842 2001 nostra

238 2019 423 2071 Spirensi
443 2031 469 2057 a
487 2017 836 2057 reuerendissimo
856 2017 1029 2056 domino
1049 2021 1195 2056 nostro
1216 2017 1427 2068 Episcopo
1448 2016 1634 2068 Spirensi
1653 2016 1840 2055 dissemi-

204 2094 217 2126 5
238 2074 343 2113 nati.
390 2073 518 2112 Cuius
535 2072 679 2110 nuncii
696 2072 954 2122 presentiam
973 2084 1064 2110 sero
1081 2071 1207 2110 nimis
1224 2072 1393 2122 percepi
1413 2084 1421 2118 ;
1456 2084 1600 2122 quare,
1619 2083 1702 2122 que
1720 2075 1841 2110 tuam

239 2127 554 2168 humanitatem
578 2126 710 2165 latere
734 2126 864 2172 nolui,
891 2126 1038 2177 paucis
1063 2126 1219 2177 accipe.

291 2182 459 2221 Allatus
473 2184 538 2219 est
550 2193 572 2219 e
584 2180 724 2219 Roma
734 2180 870 2218 vniex
881 2180 1038 2219 nostris
1047 2179 1311 2219 Romanistis
1321 2180 1366 2219 in
1375 2179 1564 2231 profesto
1573 2179 1842 2219 Ascensionis

239 2236 413 2276 Domini
424 2234 590 2274 libellus
603 2234 750 2274 Iacobi
764 2233 937 2285 Lopidis
952 2234 1126 2274 Stunice
1139 2238 1288 2273 contra
1301 2238 1345 2273 te
1356 2234 1510 2281 editus,
1525 2234 1687 2273 habens
1699 2233 1840 2272 duter-

238 2304 328 2338 nos,
350 2294 401 2329 vt
414 2292 587 2336 vocant,
604 2292 768 2340 septem
788 2302 796 2335 ;
828 2301 956 2340 quem
975 2288 1156 2328 exscribi
1172 2301 1384 2328 curassem
1400 2301 1449 2327 ac
1468 2288 1549 2327 tibi
1565 2288 1784 2333 misissem,
1807 2288 1842 2326 si

185 2365 223 2388 10
240 2359 325 2385 non
335 2345 424 2384 eius
433 2343 556 2395 copia
566 2343 681 2389 mihi,
695 2343 831 2382 amico
842 2348 932 2389 tuo,
944 2342 1155 2394 denegata
1164 2343 1371 2382 hactenus
1381 2342 1545 2382 fuisset.
1571 2342 1631 2381 At
1641 2341 1840 2381 dominus

240 2401 449 2445 Decanus,
476 2402 578 2436 tuus
605 2397 778 2444 amicus,
807 2397 1003 2436 hesterno
1030 2398 1195 2448 vesperi
1220 2397 1324 2435 mihi
1348 2396 1538 2436 libellum
1564 2397 1812 2447 procurauit
1832 2409 1841 2442 3

239 2455 358 2493 cuius
390 2452 566 2492 titulum
599 2465 647 2491 ac
680 2451 905 2503 epistolam
936 2451 1173 2491 liminarem
1205 2451 1415 2502 simulque
1447 2451 1591 2490 omnia
1622 2451 1766 2503 capit-a
1799 2454 1844 2489 et

239 2521 385 2548 eorum
411 2507 535 2546 initia
562 2519 610 2545 ac
637 2505 765 2545 finem
792 2519 866 2557 per
893 2506 1052 2545 amicos
1076 2506 1157 2545 tibi
1183 2505 1377 2545 fauentes
1404 2506 1484 2545 hac
1510 2509 1636 2545 nocte
1663 2505 1845 2545 exscribi

241 2563 388 2603 curaui
408 2575 415 2602 z
456 2574 541 2612 quo
564 2561 772 2612 impostor
794 2561 862 2600 ille
886 2560 1107 2600 ostendere
1131 2564 1310 2600 conatur
1332 2564 1376 2600 te
1398 2573 1485 2599 non
1507 2559 1658 2607 solum,
1683 2563 1733 2599 vt
1755 2560 1846 2610 ipse

798 2643 893 2674 1289.
918 2650 950 2680 4.
977 2642 1203 2675 desseminati
1221 2643 1298 2675 MS.

290 2750 385 2781 1288.
413 2757 465 2787 30.
491 2748 534 2780 de
560 2745 790 2786 Tertulliano]
818 2747 912 2779 Hier.
937 2746 1011 2779 Cat.
1125 2747 1155 2777 S.
1178 2745 1329 2785 libellus]
1353 2746 1490 2778 Erasmi
1511 2744 1723 2778 Roterodami
1746 2745 1843 2777 Blas-

244 2791 357 2832 script.
380 2793 488 2824 eccles.
507 2792 562 2831 63.
1078 2789 1230 2830 phemiae
1245 2794 1273 2822 et
1286 2789 1631 2830 [mpietates‚Rome,
1644 2789 1684 2820 A.
1702 2788 1846 2827 Bladus,

292 2836 387 2867 1289.
415 2844 441 2866 1.
476 2833 690 2874 Basiliensis]
721 2833 946 2876 Christopher
978 2833 1012 2866 of
1083 2842 1190 2874 1522:
1223 2833 1267 2865 cf.
1288 2834 1378 2875 Epp.
1403 2843 1500 2872 1290,
1519 2842 1612 2870 1291,
1634 2841 1728 2872 1302.

245 2878 458 2911 Utenheim:
489 2888 544 2909 see
562 2878 626 2919 Ep.
649 2880 721 2918 598.
1128 2888 1176 2910 11.
1203 2876 1379 2916 Decanus]
1406 2877 1508 2908 Thos.
1545 2875 1732 2908 Truchses:
1790 2885 1845 2907 see

289 2930 321 2960 4.
355 2921 522 2962 Spirensi]
538 2921 620 2953 Geo.
640 2921 845 2953 Palatinus:
870 2931 925 2953 see
943 2921 1008 2963 Ep.
1081 2921 1171 2962 Epp.
1189 2929 1263 2961 355.
1280 2930 1363 2961 49n,
1377 2921 1453 2961 867.
1471 2928 1570 2960 31-2,
1590 2928 1682 2959 1302.
1701 2929 1755 2960 31.

248 2974 321 3004 290.
344 2974 418 3005 1311.
1129 2975 1178 3005 13.
1203 2962 1365 3002 exscribi]
1386 2963 1454 2994 For
1468 2973 1489 2994 a
1513 2961 1657 2994 method
1682 2962 1716 2994 of
1739 2960 1844 3003 doing

297 3018 328 3050 7.
353 3006 523 3050 profesto]
542 3009 580 3038 28
602 3007 693 3048 May.
1082 3006 1151 3038 this
1168 3006 1212 3038 cf.
1230 3007 1295 3048 Ep.
1316 3015 1410 3048 1174.
1431 3016 1505 3048 17n.

2010 808 2012 815 1
2010 768 2012 780 -
2010 728 2012 745 Α.
1999 237 2012 711 ῌ-ῄ-η--ῇ-*ο--ᾕο
