2012 3370
255 134 334 173 408
728 134 982 175 LETTERS
1013 134 1085 175 OF
1114 135 1376 176 ERASMUS

1728 138 1851 188 [1524

312 245 573 284 Reminiscor
605 258 716 283 nunc
750 258 822 295 per
855 258 981 295 quem
1014 245 1248 296 scripserim
1281 246 1409 297 priuS,
1444 249 1536 284 crat
1568 245 1851 299 Lothoringus

256 299 430 350 quidam
460 300 638 338 nuncius
667 298 937 338 balbutiens:
983 312 1057 350 per
1085 312 1212 350 quem
1239 300 1441 352 rogabam
1471 300 1514 338 in
1542 299 1696 339 litteris
1724 301 1779 339 ad
1807 306 1850 340 te

201 367 239 398 50
257 354 359 392 mcis
387 358 447 399 vt,
477 354 511 391 si
538 353 617 392 tibi
644 352 754 392 forte
782 357 957 404 paratus
983 357 1095 392 esset
1121 367 1275 401 cursor,
1304 355 1513 405 acciperes
1540 367 1565 392 a
1593 353 1852 407 Lothoringo

255 421 365 459 quae
388 407 449 446 illi
474 408 766 446 commiseram
791 412 836 446 et
861 407 1049 446 traderes
1074 409 1244 448 cursori.
1299 408 1508 448 Fortassis
1531 407 1601 447 ille
1625 409 1760 448 sciens
1785 422 1852 449 me

255 462 334 501 hoc
367 462 592 511 scripsisse,
627 461 766 501 noluit
798 462 878 501 tibi
910 462 1084 501 reddere
1115 462 1308 510 litteras3
1358 467 1403 502 et
1435 467 1581 502 tamen
1615 463 1700 502 scio
1732 463 1851 503 illum

254 515 382 554 fuisse
423 515 711 563 constantiae,
754 520 799 556 et
840 516 1009 556 cuidam
1050 529 1165 556 meas
1204 517 1370 556 litteras
1410 516 1654 556 reddidisse.
1724 516 1852 557 Potes

254 570 415 621 aperire
444 570 698 610 sarcinulam
726 574 771 610 et
802 571 1007 622 inspicere
1038 571 1206 611 librum.
1277 571 1434 610 Excusi
1467 575 1568 610 sunt
1600 584 1653 610 ex
1686 572 1745 611 eis
1778 585 1851 611 sex

196 638 232 670 55
254 624 382 670 milia,
406 624 490 663 tria
512 625 556 664 in
579 625 822 665 maiusculis
844 625 1009 672 litteris,
1034 627 1117 664 tria
1138 627 1184 665 in
1206 625 1463 665 minusculis.
1516 625 1559 665 Si
1581 638 1749 666 sensero
1772 626 1851 666 hoc

253 678 444 718 studium
475 692 617 718 meum
647 684 817 732 gratum
847 693 936 720 esse
967 680 1009 720 S.
1041 679 1094 719 D.
1126 680 1168 719 N
1172 712 1195 727 .,
1229 680 1458 719 maioribus
1490 681 1750 732 argumentis
1780 681 1849 720 de-

253 733 422 772 clarabo
449 746 591 773 meum
617 734 661 774 in
686 734 806 774 illum
833 735 1036 781 animum,
1064 738 1110 774 et
1135 735 1261 774 officii
1287 735 1370 773 mei
1396 735 1640 774 meminero.
1695 734 1850 787 Scripsi

253 787 465 838 quaedam
486 788 835 828 reuerendissimo
860 789 912 828 D.
939 789 1152 828 Cardinali
1175 789 1402 841 Campegio
1422 802 1430 836 3
1471 789 1705 840 scripturus
1728 789 1851 841 plura

252 846 532 893 posteaquam
561 843 807 883 intellexero
837 843 910 882 vbi
940 844 1009 890 sit,
1041 847 1086 882 et
1114 843 1242 882 datus
1271 844 1352 883 erit
1381 847 1520 883 certus
1549 844 1741 891 nuncius,
1773 848 1851 883 aut

191 903 234 933 60
251 897 340 947 ipse
369 897 542 936 mittam
569 897 778 936 famulum
808 898 1038 949 proprium.
1097 897 1212 937 Bene
1241 897 1385 937 valeat
1412 898 1459 936 T.
1492 897 1545 936 R.
1577 897 1644 945 D.‚
1676 897 1849 938 Praesul

251 950 610 1003 humaniss<ime>.
661 951 755 991 Hoc
777 952 910 991 adieci
933 964 1026 990 mea
1048 964 1178 991 manu
1198 952 1493 991 tumultuaria.

305 1005 496 1045 Basileae
518 1005 655 1046 Nono.
681 1006 752 1045 Kl.
777 1007 965 1053 martias
990 1006 1115 1046 Anno
1137 1019 1164 1045 a
1186 1006 1353 1046 Christo
1374 1010 1479 1046 nato
1501 1006 1780 1100 M.D.}}{xnn.

1388 1060 1591 1100 Erasmus
1662 1065 1794 1102 otero.

303 1143 671 1184 Reuerendissimo
701 1145 746 1184 in
777 1144 943 1184 Christo
975 1144 1021 1184 P.
1054 1157 1104 1185 ac
1135 1145 1203 1193 D.‚
1237 1144 1290 1184 D.
1324 1144 1388 1192 E„
1421 1145 1619 1198 episcopo
1650 1145 1848 1195 Verulafi,

189 1201 228 1239 05
248 1197 387 1249 legato
409 1197 668 1250 Apostolico.
728 1199 1017 1240 Constantiae.

665 1335 786 1375 1424.
850 1332 919 1374 To
950 1331 1113 1374 ENNro
1145 1331 1432 1374 FILONARDI.

1548 1423 1667 1458 Basle.

1424 1493 1464 1517 21
1487 1481 1679 1529 February
1699 1491 1799 1527 1524.

294 1421 367 1457 San
386 1422 538 1457 Daniele
556 1423 631 1458 MS.
651 1433 730 1470 219,
752 1435 787 1468 p.
807 1426 887 1468 845.

645 1503 669 1529 A
688 1500 696 1529 1
711 1496 743 1522 7-

291 1561 375 1602 [For
387 1561 447 1594 the
460 1572 580 1595 source
593 1573 648 1594 see
662 1562 726 1604 Ep.
746 1564 830 1603 1416
843 1563 971 1596 introd.
1009 1564 1082 1596 The
1095 1563 1199 1596 letter
1212 1575 1281 1597 was
1296 1564 1428 1597 carried
1443 1563 1489 1606 by
1503 1575 1523 1597 a
1537 1575 1732 1608 messenger
1742 1566 1847 1608 going

247 1608 285 1637 to
304 1605 531 1648 Nuremberg,
552 1606 701 1648 charged
721 1606 807 1639 with
827 1606 891 1648 Ep.
918 1608 1030 1648 1422]

808 1709 1010 1738 ERASMVS
1039 1710 1277 1739 VERVLANO
1285 1732 1291 1738 .

305 1767 345 1807 S.
376 1767 438 1815 P„
467 1769 812 1808 reuerendissime
840 1769 1022 1808 domine.
1080 1769 1160 1809 Per
1187 1770 1300 1809 hunc
1328 1771 1402 1821 qui
1430 1770 1506 1810 has
1533 1771 1675 1811 reddit
1702 1773 1847 1823 scripsi

251 1822 319 1861 Vel
341 1822 538 1873 respondi
562 1824 705 1873 potius
728 1824 1076 1864 reuerendissimo
1100 1824 1313 1864 Cardinali
1336 1824 1563 1877 Campegio
1583 1839 1591 1873 ;
1632 1830 1677 1866 et
1699 1827 1848 1866 eodem

251 1876 318 1915 die
345 1878 517 1916 oneraui
544 1878 759 1928 quendam
785 1878 967 1917 alterum
993 1879 1196 1918 nuncium
1223 1879 1306 1917 huc
1332 1879 1596 1919 rediturum:
1641 1882 1708 1920 cui
1735 1894 1846 1920 com-

252 1931 346 1970 misi
367 1931 524 1970 multas
544 1932 757 1982 epist-olas,
781 1933 836 1971 ad
858 1932 898 1972 S.
923 1932 974 1972 D.
999 1933 1066 1980 N.,
1090 1933 1144 1972 ad
1167 1933 1219 1972 R.
1243 1933 1509 1973 Cardinalem
1530 1934 1845 1983 Vulterranum‚

210 2001 223 2032 5
251 1985 306 2023 ad
348 1985 399 2024 R.
444 1985 709 2025 Cardinalem
752 1987 1072 2039 Lothofingum,
1117 1988 1224 2027 duas
1266 1988 1322 2026 ad
1363 1987 1538 2028 Petrum
1581 1988 1845 2037 Barberium,

249 2038 291 2079 S.
314 2038 366 2078 D.
390 2039 442 2078 N.
465 2040 560 2090 piae
581 2042 807 2080 memoriae
828 2041 1005 2081 Adriani
1026 2055 1051 2080 a
1071 2043 1212 2089 sacris,
1235 2042 1290 2081 ad
1311 2042 1559 2082 Michaelem
1581 2043 1844 2091 Samiarium,

250 2093 305 2132 ad
329 2092 510 2132 Paulum
534 2094 823 2143 Bombasium,
850 2096 905 2134 ad
929 2096 1143 2136 Houicum
1166 2096 1376 2136 famulum
1400 2110 1543 2137 meum
1566 2110 1694 2149 quem
1717 2100 1845 2146 nosti,

811 2191 904 2223 1423.
931 2197 981 2230 54.
1007 2190 1142 2222 excussi
1159 2190 1238 2223 MS.

296 2288 389 2320 1423.
413 2288 468 2326 48.
493 2288 686 2329 scripserim
698 2288 808 2329 prius]
820 2288 873 2320 On
884 2288 1011 2327 195an.

337 2330 586 2372 Lothoringus]
602 2330 652 2364 Cf.
672 2331 736 2373 Ep.
759 2333 852 2372 1416.
874 2335 946 2373 5-8.

295 2382 344 2414 57.
371 2374 514 2416 Scripsi]
528 2374 583 2416 Ep
597 2384 705 2415 .1422.

295 2419 389 2450 1424.
417 2427 446 2450 2.
473 2417 676 2460 Campegio]
692 2418 757 2460 Ep.
781 2428 874 2460 1422.

1079 2289 1248 2330 intrigues
1266 2289 1351 2321 with
1369 2290 1500 2322 France
1517 2290 1617 2323 twice
1634 2289 1756 2333 nearly
1773 2294 1850 2325 eost

1083 2332 1154 2364 him
1168 2332 1219 2364 his
1231 2333 1309 2365 life:
1332 2333 1423 2365 after
1437 2333 1625 2367 Petrucci’s
1639 2335 1846 2376 conspiracy

1081 2376 1118 2407 in
1145 2384 1227 2416 1517
1250 2377 1319 2415 (see
1343 2376 1407 2418 Ep.
1429 2378 1506 2417 607.
1534 2379 1624 2416 16n)‚
1648 2378 1719 2410 and
1742 2379 1845 2420 again

1081 2419 1192 2451 under
1204 2419 1335 2452 Adrian
1352 2428 1390 2451 VI
1405 2421 1442 2452 in
1461 2429 1553 2461 1523.
1588 2421 1651 2454 See
1664 2420 1845 2454 ciaconius

291 2471 323 2500 4.
349 2462 394 2494 ad
419 2462 450 2494 S.
470 2462 511 2493 D.
528 2462 589 2502 N.]
614 2462 677 2503 Ep.
710 2463 802 2502 1418.
852 2463 952 2495 None
978 2463 1015 2494 of

249 2505 309 2536 the
323 2505 424 2537 other
435 2504 559 2538 letters
572 2517 630 2538 are
643 2509 782 2538 extant.

336 2548 600 2589 Vulterranum]
666 2550 787 2582 Franc.
855 2550 1013 2583 Soderini

248 2592 305 2630 (10
340 2592 434 2624 June
474 2601 644 2634 1453—17
681 2593 765 2634 May
804 2596 914 2634 1524),
951 2594 1013 2626 the

248 2635 414 2676 powerful
431 2635 518 2668 rival
536 2636 572 2668 of
588 2636 647 2669 the
664 2637 789 2669 Medici
806 2648 913 2678 popes
929 2650 936 2669 :
967 2649 1012 2670 an

247 2680 468 2720 antagonism
517 2680 623 2712 based
671 2691 716 2712 on
764 2681 929 2713 relations
977 2683 1012 2713 in

248 2721 422 2761 Florence,
446 2723 558 2755 where
581 2723 634 2755 his
656 2723 797 2756 brother
821 2724 920 2756 Piero
943 2724 1013 2756 had

247 2765 333 2797 been
360 2766 415 2798 till
444 2775 524 2808 1512
552 2767 735 2808 perpetual
757 2767 1011 2801 Gonfaloniere.

248 2808 438 2841 Francesco
461 2821 531 2842 was
554 2811 736 2843 advanced
759 2814 797 2843 to
821 2811 863 2843 be
886 2812 950 2853 Bp.
977 2812 1013 2843 of

246 2851 406 2884 Volterra
443 2855 524 2893 1478
542 2865 549 2890 ;
596 2853 758 2886 Cardinal
793 2863 893 2896 1503,
921 2855 1013 2887 after

247 2895 486 2936 employment
511 2907 556 2929 on
581 2897 767 2930 embassies
792 2902 830 2930 to
856 2898 1012 2936 France3

247 2937 377 2979 Legate
390 2940 425 2970 in
439 2939 549 2972 Rome
566 2950 646 2981 1515
666 2953 674 2978 ;
700 2941 764 2983 Bp.
781 2941 817 2973 of
831 2941 930 2974 Ostia
942 2942 1013 2974 and

249 2981 348 3013 Dean
369 2981 405 3013 of
424 2982 484 3014 the
505 2984 631 3016 Sacred
652 2984 787 3026 College
808 2985 890 3017 Dec.
916 2994 1009 3026 1523.

248 3024 322 3056 But
352 3024 405 3056 his
436 3025 596 3067 hostility
627 3030 664 3056 to
695 3027 755 3058 the
786 3028 910 3060 Medici
942 3028 1012 3060 and

1079 2471 1291 2538 Ἥίἒέἶέυέ
1306 2463 1650 2540 Ξὲἑῖῗῑὲθῖῗῑῗῖὲἓ
1662 2489 1683 2540 2.
1698 2465 1846 2541 353⁰&

1079 2549 1235 2592 learning
1261 2550 1352 2582 from
1379 2551 1494 2583 whom
1521 2551 1563 2583 he
1591 2551 1661 2583 had
1687 2552 1845 2585 received

1079 2594 1602 2671 {ffffugigssffifftffitss'ffiofflss‘
1621 2595 1845 2672 &1013ssae

1080 2681 1247 2713 survives.

1127 2732 1154 2764 5.
1181 2724 1451 2767 Lothor'mgum]
1467 2726 1530 2758 See
1548 2725 1612 2767 Ep.
1632 2735 1696 2766 997
1713 2726 1841 2758 introd.

1080 2767 1135 2800 He
1166 2768 1235 2800 had
1267 2768 1352 2800 been
1381 2769 1418 2801 in
1448 2769 1560 2801 Rome
1589 2770 1682 2802 since
1711 2771 1733 2801 6
1765 2769 1842 2802 Oct.

1081 2811 1232 2849 (Brewer
1256 2812 1304 2844 iii.
1335 2821 1430 2853 3513,
1458 2812 1674 2855 Bergenroth
1699 2813 1734 2844 ii.
1761 2813 1842 2854 606)

1077 2854 1132 2886 for
1148 2855 1208 2887 the
1225 2854 1389 2887 conclave
1406 2855 1442 2887 of
1458 2855 1615 2888 Clement
1629 2864 1691 2888 vn.

1122 2899 1153 2930 6.
1179 2898 1398 2940 Sanderium]
1422 2899 1483 2932 See
1502 2900 1567 2940 Ep.
1589 2908 1686 2937 1242.
1705 2902 1783 2931 zon.

1123 2951 1152 2981 7.
1180 2941 1372 2983 Houicum]
1406 2942 1470 2975 See
1505 2942 1594 2983 Epp.
1629 2943 1705 2982 867.
1743 2950 1840 2982 177n,

1079 2985 1173 3059 3387.
1197 2995 1255 3026 4n,
1280 2995 1374 3027 1437.
1402 2994 1518 3026 192-5,
1545 2993 1638 3026 1509.
1661 2995 1717 3025 41,
1743 2994 1837 3026 1519.

1100 3038 1177 3068 -13.
