2012 3370
115 130 237 179 1342]
582 126 654 166 TO
684 124 913 165 MARCUS
944 125 1239 165 LAURINUS
1628 126 1706 165 205

111 249 241 287 quam
275 236 432 287 alioqui
465 235 716 285 neutiquam
751 234 1002 272 ambitiosus
1030 234 1073 272 in
1109 233 1267 272 talibus
1303 233 1462 272 officiis.
1524 233 1707 273 Prande—

112 291 211 330 bam
240 303 337 330 cum
363 289 597 336 Oardinale,
627 287 934 328 confabulabar
962 300 1059 326 cum
1087 291 1270 339 vtroque
1298 288 1482 334 nuncio;
1518 287 1708 327 visebam

109 349 310 392 oratores,
342 349 387 384 et
414 344 474 383 1111
504 357 571 382 1110
601 343 785 381 vicissim
815 342 1053 381 Anderlaci.
1111 342 1345 393 Nunquam
1374 342 1419 381 in
1448 342 1541 381 vita
1570 343 1710 381 minus

107 399 229 446 latui,
248 413 324 438 nec
343 411 531 449 vnquam
550 397 683 449 magis
702 401 895 435 versatus
913 410 1007 435 sum
1024 396 1069 435 in
1084 396 1215 435 oculis
1232 397 1466 436 hominum.
1514 396 1572 436 Et
1588 401 1712 435 erant

108 454 279 493 interim
305 467 357 493 ex
381 453 474 492 istis
499 451 802 498 blaterom'bus,
830 451 904 502 qui
929 451 1238 501 descripserant
1263 451 1307 489 in
1333 450 1560 490 Germania
1586 451 1709 490 Eras-
1728 464 1774 496 70

110 521 227 547 mum
253 507 449 547 abditum
474 506 629 545 alicubi
653 505 837 544 latitare.
891 505 980 544 Nec
1005 505 1050 543 id
1074 504 1238 544 factum
1263 505 1379 556 prius
1404 506 1555 544 resciui
1579 518 1710 557 quam

109 562 192 601 huc
213 575 280 601 me
301 561 562 612 recepissem.

163 616 326 655 Rursus
349 628 482 667 quum
506 614 658 654 Caesar
681 617 826 665 ageret
847 613 1012 664 Brugis,
1037 625 1124 651 vna
1148 625 1244 651 cum
1268 613 1384 664 Rege
1407 613 1641 661 Danorum,
1667 617 1712 653 et

109 670 276 710 adesset
294 669 339 709 id
358 669 560 720 temporis
580 668 817 707 Britannici
836 667 965 718 Regis
987 667 1158 706 nomine
1182 666 1347 718 legatus
1372 668 1424 706 R.
1446 667 1500 707 D.
1525 668 1712 707 Thomas

108 724 230 764 Card.
253 724 543 770 Eboracensis,
565 723 600 762 si
620 736 686 762 me
716 722 831 761 domi
851 726 952 761 tuae
971 725 1145 760 tantum
1174 721 1489 769 continuissem‚
1514 723 1594 761 scis
1621 723 1712 773 ipse
1729 736 1769 769 75

108 792 239 830 quam
255 778 504 824 latitassem,
525 790 657 828 quum
674 776 918 828 frequenter
935 788 1081 814 omnes
1099 779 1175 814 aut
1193 780 1305 814 certe
1322 777 1571 827 praecipuos
1590 777 1711 816 aulae

108 846 298 884 proceres
314 832 490 871 haberes
507 832 710 870 conuiuas
730 844 738 870 ε
771 831 882 870 inter
897 843 1004 882 quos
1021 829 1234 877 sedebam,
1252 830 1462 877 omnibus,
1481 835 1531 869 vt
1548 832 1710 882 opinor,

107 888 383 938 gratissimus.
443 886 568 926 Nunc
599 885 766 937 quoties
796 884 898 924 foris
928 884 1192 936 prandebam
1224 888 1301 923 aut
1331 884 1564 923 coenabam
1596 885 1713 936 apud

107 942 350 992 optimates,
379 945 509 992 atque
535 941 666 979 etiam
693 939 809 991 apud
834 939 1055 978 Danorum
1081 938 1255 990 Regem,
1284 939 1358 989 qui
1384 952 1451 978 me
1477 939 1545 978 vel
1571 940 1711 990 quoti-

109 996 284 1034 dianum
313 996 601 1035 conuictorem
631 993 842 1046 optabat!
893 993 985 1041 Quo
1014 1005 1102 1032 non
1130 993 1437 1044 obequitabam
1465 993 1712 1044 frequenter
1730 998 1772 1029 80

108 1054 152 1089 et
176 1054 219 1089 te
244 1050 398 1089 comite
419 1053 434 1089 ⁶?
489 1049 541 1088 In
565 1062 652 1100 qua
675 1052 926 1100 magnatum
951 1047 1197 1087 celebritate
1220 1061 1308 1086 non
1332 1047 1452 1086 adfui
1472 1051 1488 1086 ἶ)
1530 1061 1643 1086 1111110
1667 1049 1711 1086 111

109 1104 207 1143 aula
229 1104 430 1151 Caesaris,
460 1116 573 1142 nunc
601 1103 646 1142 111
672 1102 836 1142 familia
858 1101 981 1142 Card.
1004 1102 1295 1148 Eboracensis,
1325 1115 1438 1141 nunc
1468 1102 1584 1153 apud
1607 1102 1711 1141 alios

109 1163 240 1210 atque
268 1158 396 1197 alios:
434 1158 565 1197 etiam
593 1158 628 1196 si
654 1157 899 1208 frequenter
925 1157 1136 1195 inuitatus
1165 1169 1252 1194 non
1279 1156 1409 1195 ibam.
1466 1156 1569 1196 Sum
1598 1157 1711 1195 enim

108 1217 263 1252 natura
287 1212 402 1251 domi
426 1212 638 1251 amantior
658 1225 666 1258 ;
706 1215 750 1250 et
773 1211 852 1250 hoc
876 1211 992 1249 vitae
1015 1223 1146 1262 genus
1170 1210 1391 1261 postulant
1414 1211 1545 1249 etiam
1568 1211 1713 1250 studia

107 1271 267 1306 nostra.
316 1266 460 1318 Atque
478 1267 544 1305 vti
563 1270 657 1305 tum
677 1265 918 1311 latitabam,
940 1265 1002 1303 ita
1022 1269 1172 1315 postea
1191 1264 1293 1315 fugi.
1730 1270 1770 1310 85

162 1321 245 1361 Sex
291 1325 407 1360 totos
454 1333 617 1359 menses
664 1319 972 1358 adornaueram
1019 1320 1100 1357 iter
1137 1319 1362 1365 Basileam,
1402 1318 1531 1369 idque
1568 1319 1711 1370 palam

108 1375 333 1414 omnibus:
380 1373 727 1425 quandoquidem
758 1373 837 1411 hoc
867 1373 1038 1411 nomine
1068 1373 1277 1411 maturius
1308 1373 1438 1411 etiam
1469 1374 1713 1412 numerauit

108 1429 355 1469 Caesaream
387 1429 632 1479 pensionem
664 1427 982 1474 Thesaurarius,
1015 1426 1131 1477 quod
1163 1427 1344 1466 dicerem
1377 1427 1481 1465 mihi
1512 1428 1593 1466 iter
1624 1440 1713 1466 esse

108 1483 332 1522 Basileam.
382 1483 531 1534 Neque
552 1495 680 1521 causa
700 1481 878 1528 latebat,
901 1481 1101 1520 nimirum
1122 1481 1269 1520 eadem
1292 1481 1347 1519 ob
1368 1494 1499 1532 quam
1520 1481 1649 1520 toties
1669 1485 1714 1521 et

108 1542 208 1577 ante
233 1537 445 1577 Basileam
469 1537 608 1584 inuisi,
635 1537 751 1588 prius
776 1549 906 1587 quam
931 1536 1036 1574 istos
1061 1535 1207 1574 heroes
1232 1536 1440 1574 timerem.
1495 1535 1712 1575 Excusum
1729 1548 1776 1581 90

107 1592 248 1632 fuerat
277 1593 393 1643 prius
422 1591 624 1630 volumen
653 1591 767 1630 Noui
796 1590 1074 1636 Testamenti,
1106 1594 1356 1641 supererant
1385 1590 1711 1629 Annotationes.

107 1646 186 1686 His
210 1646 356 1686 adesse
385 1646 623 1697 cupiebam,
653 1658 740 1684 non
769 1645 906 1683 solum
936 1648 986 1683 vt
1014 1645 1180 1683 exirent
1209 1644 1532 1691 emendatiores,
1563 1657 1711 1684 verum

107 1701 238 1741 etiam
258 1705 309 1740 vt
328 1700 537 1752 paulatim
558 1713 634 1751 pro
655 1713 699 1738 re
719 1703 824 1738 nata
845 1699 912 1738 vel
932 1699 1205 1737 immutarem
1227 1698 1388 1749 aliquid
1409 1699 1477 1737 vel
1497 1698 1712 1738 adderem.

106 1755 220 1795 Nam
247 1756 292 1794 in
319 1755 399 1794 hoc
427 1755 574 1805 scripti
601 1766 751 1805 genere
779 1753 890 1793 redit
918 1753 1058 1792 autori
1085 1752 1206 1791 labor
1234 1757 1356 1792 actus
1383 1753 1428 1791 in
1456 1753 1616 1800 orbem,
1646 1754 1714 1792 cui

106 1822 328 1862 nunquam
350 1809 548 1849 exhausti
570 1809 674 1847 satis
696 1812 774 1847 est.
825 1807 1058 1858 Cupiebam
1082 1811 1227 1846 autem
1250 1807 1329 1846 hac
1353 1806 1578 1854 aeditione,
1603 1820 1714 1858 quae
1730 1820 1771 1853 95

105 1865 236 1904 tertia
263 1868 368 1912 erat,
397 1867 614 1915 postrema
642 1862 828 1913 defungi.
877 1862 945 1900 An
973 1861 1076 1900 haec
1101 1861 1206 1900 leuis
1230 1874 1358 1900 causa
1386 1861 1593 1901 videtur?
1643 1861 1713 1901 Vi·

108 1918 261 1958 deatur
279 1931 394 1964 sane,
415 1917 489 1956 sed
508 1918 601 1956 istis
621 1916 855 1962 ventribus,
878 1916 953 1967 qui
972 1919 1119 1954 tamen
1138 1915 1193 1954 ob
1214 1916 1459 1954 conuiuium
1487 1916 1712 1967 opiparum

106 1985 193 2012 non
212 1972 460 2012 dubitarent
479 1971 547 2010 vel
566 1971 777 2010 Basileam
797 1983 930 2021 Vsque
949 1970 1129 2021 pedibus
1147 1969 1360 2009 aduolare.
1408 1970 1513 2009 Mihi
1532 1975 1644 2009 certe
1663 1983 1714 2009 ea

108 2040 236 2066 causa
249 2039 336 2065 non
350 2027 489 2065 minus
505 2025 621 2065 cordi
635 2029 728 2064 erat
742 2037 872 2076 quam
887 2024 994 2075 Regi
1014 2023 1231 2063 Gallorum
1251 2024 1358 2063 ditio
1372 2024 1711 2063 Mediolanensis.

162 2081 256 2120 Iam
281 2080 337 2119 ad
359 2081 440 2120 iter
464 2093 579 2119 eram
604 2080 832 2125 accinctus,
857 2092 934 2118 nec
957 2079 1188 2130 quicquam
1213 2078 1417 2118 obstabat
1440 2079 1521 2117 nisi
1544 2079 1712 2118 viarum
1734 2089 1797 2114 100

108 2135 363 2175 discrimina.
416 2134 739 2186 Expectabatur
761 2134 891 2184 igitur
913 2137 1035 2172 tutus
1059 2137 1290 2173 comeatus.
1342 2133 1513 2173 Interea
1536 2133 1713 2172 diuersis

107 2190 209 2229 locis
231 2188 506 2241 colligebatur
528 2189 720 2240 pecunia,
743 2201 830 2239 qua
850 2188 989 2239 gratia
1009 2190 1054 2227 et
1075 2187 1255 2226 Louanii
1276 2200 1350 2227 sex
1372 2187 1461 2226 dies
1483 2200 1577 2226 sum
1600 2201 1711 2226 com-

108 2248 299 2284 moratus
319 2257 327 2290 ;
365 2244 566 2282 nimirum
588 2247 632 2282 et
653 2242 736 2282 illic
758 2242 948 2289 latitans,
973 2242 1335 2293 quemadmodum
1358 2242 1484 2288 Soleo,
1508 2243 1552 2280 in
1575 2242 1711 2281 diuer-

107 2299 217 2337 sorio
233 2311 318 2349 quo
334 2311 458 2337 nemo
474 2311 517 2336 se
533 2297 698 2336 confert
712 2296 944 2348 hospitum,
962 2296 1068 2336 adeo
1084 2300 1134 2335 vt
1149 2296 1392 2348 frequenter
1407 2309 1493 2335 non
1509 2297 1565 2335 sit
1580 2296 1710 2336 locus.

108 2352 361 2392 Pandocheo
381 2352 623 2403 symbolum
643 2355 708 2390 est
726 2352 866 2402 imago
887 2351 975 2390 Viri
994 2350 1236 2402 Syluestris.
1276 2350 1403 2389 Forte
1423 2350 1597 2389 fortuna
1616 2354 1710 2389 tum
1733 2361 1792 2395 105

109 2407 258 2446 aderat
284 2406 570 2458 Hieronymus
596 2405 834 2445 Aleander:
877 2406 1049 2456 quicum
1076 2406 1265 2444 suauiter
1290 2405 1488 2450 viximus,
1517 2417 1710 2443 nonnun-

108 2474 239 2513 quam
269 2465 313 2500 et
341 2461 386 2500 in
416 2460 599 2500 mediam
629 2473 764 2511 Vsque
794 2464 964 2499 noctem
994 2459 1276 2511 producentes
1305 2459 1498 2498 literatas
1528 2458 1710 2498 fabulas.

108 2516 375 2555 Conuenerat
388 2515 500 2554 inter
514 2528 591 2554 nos
607 2519 669 2561 vt,
687 2514 721 2553 si
737 2514 1001 2565 contingeret
1015 2518 1160 2553 tutum
1176 2515 1269 2560 iter,
1287 2527 1371 2552 vna
1388 2512 1710 2553 discederemus.

154 2624 208 2666 67.
235 2620 434 2660 Cardinale]
452 2620 629 2653 Schinner.
945 2620 1008 2661 Ep.
1031 2621 1123 2660 1287.
1142 2627 1220 2659 2911.

200 2668 350 2706 vtroque
396 2664 538 2704 nuncio]
584 2663 756 2696 Aleander
806 2663 876 2694 and
986 2674 1039 2702 91.
1066 2663 1159 2694 Νο111
1178 2660 1412 2699 Testamenti]
1436 2661 1498 2693 Sec
1522 2661 1586 2702 Ep.
1613 2670 1706 2702 1174.

114 2707 321 2742 Caracciolo.
948 2715 1021 2746 1511.
1066 2706 1138 2737 The
1160 2708 1238 2736 text.
1259 2705 1320 2735 has
1342 2705 1424 2745 only
1446 2704 1505 2736 the
1525 2704 1709 2746 year-date

157 2763 211 2796 73.
237 2752 379 2793 Brugis]
407 2751 449 2783 In
475 2751 563 2793 Aug.
596 2760 673 2791 1521
694 2763 702 2789 ;
727 2760 782 2782 see
807 2750 871 2791 Ep.
948 2758 1028 2789 1522
1046 2761 1054 2786 ;
1086 2749 1151 2780 but
1167 2749 1226 2779 the
1244 2749 1367 2779 Anuot.
1387 2747 1476 2779 have
1493 2747 1553 2780 the
1570 2748 1707 2779 month-

116 2805 198 2836 1223
215 2796 344 2828 introd.
944 2792 1026 2824 date
1044 2792 1125 2823 Feb.
1145 2791 1271 2823 added.

203 2839 297 2881 Rege
335 2836 531 2877 Danorum]
571 2836 633 2870 See
669 2836 734 2878 Ep.
778 2838 871 2869 1228.
986 2847 1039 2877 94.
1067 2834 1172 2873 redit]
1188 2834 1237 2866 Cf.
1255 2835 1352 2875 Verg.
1372 2834 1408 2865 G.
1426 2844 1456 2866 2.
1472 2844 1547 2874 401.

115 2892 191 2923 30n.
986 2890 1039 2922 97.
1067 2877 1263 2916 ventribus]
1280 2878 1329 2909 Cf.
1351 2879 1414 2919 Ep.
1438 2880 1530 2910 1166.
1553 2880 1601 2910 16.

157 2928 209 2959 88.
236 2924 451 2967 pensionem]
465 2924 514 2957 Cf.
531 2924 620 2966 Epp.
639 2932 718 2964 1242
733 2922 875 2960 inti-od..
990 2933 1061 2964 103.
1088 2920 1293 2960 diuersorio]
1311 2921 1372 2953 See
1390 2922 1454 2962 Ep.
1477 2931 1571 2962 ¹244·
1591 2931 1646 2962 3n.

118 2978 211 3009 1434.
228 2978 280 3000 21.
989 2969 1060 2998 106.
1088 2965 1272 3005 Aleander]
1297 2964 1365 2996 For
1389 2965 1576 2999 Erasmus&⁴
1587 2969 1704 2997 recent

202 3010 466 3051 'rhesum-arius]
488 3011 581 3044 John
615 3010 762 3043 Rsiffault
779 3023 785 3042 :
818 3020 874 3042 sce.
944 3009 1107 3041 relations
1125 3009 1209 3041 with
1225 3008 1297 3040 him
1313 3018 1367 3040 see
1384 3009 1449 3051 Ep.
1471 3003 1660 3052 1195.f¹47n.
