2012 3370
217 155 296 192 524
702 156 955 196 LETTERS
986 156 1058 196 OF
1087 156 1352 198 ERASMUS
1698 159 1821 208 [1524

273 261 403 310 Haec,
440 264 495 301 mi
531 263 717 310 Erasme,
754 276 873 302 amor
905 265 948 303 in
981 268 1025 304 te
1059 277 1177 304 meus
1209 266 1390 306 scribere
1423 279 1490 306 me
1523 267 1649 319 cogit.
1713 267 1821 306 Boni

215 317 345 368 igitur
370 317 577 364 consulas,
605 318 640 356 si
665 330 736 356 sus
761 318 998 357 Mineruam
1018 332 1027 366 3
1069 321 1267 371 quamuis
1291 321 1336 360 in
1361 320 1569 360 similibus
1593 333 1681 361 non
1705 322 1820 361 ‘mex-

220 375 389 421 pertum
431 371 715 410 consultorem
749 385 816 411 me
849 385 1056 420 censeam,
1090 378 1243 426 vtpote
1273 375 1566 426 improborum
1599 375 1822 415 calumniis

218 425 361 463 inultis
387 426 599 476 agitatum
620 427 754 465 annis.
812 426 895 466 Sed
920 427 1036 466 Deus
1063 428 1165 468 mihi
1191 429 1276 468 fuit
1295 433 1535 480 protector;
1567 430 1642 481 qui
1668 443 1745 469 nos
1766 429 1820 468 ab

136 497 195 518 100
216 479 412 517 omnibus
452 479 665 518 custodire
703 485 856 532 potens
890 486 955 520 est
989 481 1336 531 aduersitatibus,
1372 484 1607 523 dummodo
1641 485 1819 524 certissi-

217 545 329 571 mam
357 545 476 584 spem
501 534 543 573 in
573 533 768 573 bonitate
794 535 904 574 illius
931 549 1154 588 ponamus,
1184 539 1422 589 cogitantes
1448 539 1661 577 neminem
1679 539 1724 578 in
1741 538 1821 578 hoc

216 586 374 626 mundo
397 587 694 627 calamitatum
717 602 806 628 esse
829 595 1060 641 expertem,
1085 595 1130 630 et
1152 591 1311 631 bonum
1334 592 1456 631 nobis
1479 605 1568 631 esse
1590 593 1625 631 si
1647 593 1821 644 quando

216 642 504 693 corripiamur.

270 694 395 735 Vides
421 697 516 748 quis
543 698 683 736 exitus
709 697 839 738 fuerit
866 698 1046 739 Carmeli
1070 700 1182 739 illius
1209 713 1257 739 ac
1285 701 1496 752 collegae;
1540 705 1585 740 et
1611 700 1751 741 adhuc
1778 705 1820 740 te

133 767 190 799 105
214 749 414 790 Stunicae
449 751 629 791 offendit
659 753 926 804 improbitaS,
960 767 1046 805 quo
1077 768 1202 794 nemo
1234 760 1299 794 est
1330 757 1518 795 insanior
1549 768 1598 795 ac
1634 755 1818 804 stultior,

214 803 353 844 Roma
380 806 510 845 etiam
537 807 630 857 ipsa
657 811 908 855 attestante,
938 810 1140 860 cuiusque
1168 810 1327 861 scripta
1354 810 1470 861 apud
1498 822 1643 850 omnes
1671 810 1821 850 doctos

213 859 307 909 plus
338 859 418 899 tibi
448 860 587 900 laudis
617 874 748 913 quam
780 863 981 914 vituperii
1013 864 1207 904 attulere.
1270 864 1452 904 Valeant
1481 865 1611 916 igitur
1642 877 1691 904 ac
1723 877 1819 904 con·

213 915 369 953 temtui
402 914 644 956 habeantur
677 917 948 967 importunae
982 917 1078 956 illae
1113 931 1162 957 ac
1196 919 1416 970 improbae
1446 932 1646 966 muscae;
1697 918 1820 958 nobis

214 980 313 1007 vero
342 968 546 1009 Erasmus
575 970 648 1009 diu
677 970 779 1010 felix
807 971 1060 1023 faustusque
1093 973 1228 1019 viuat,
1259 986 1308 1011 ac
1340 974 1384 1012 in
1411 973 1689 1025 opprobrium
1719 986 1818 1012 cun·

133 1039 192 1062 110
212 1026 378 1062 ctorum
402 1024 611 1063 malorum
634 1026 678 1063 in
702 1025 865 1064 coelum
888 1025 1087 1065 laudibus
1110 1026 1284 1066 feratur.

267 1077 349 1117 Sed
371 1090 437 1116 me
461 1080 671 1125 contineo,
695 1093 747 1118 ne
769 1080 849 1118 tibi
872 1080 1036 1119 adulari
1059 1080 1217 1119 videar.
1271 1081 1395 1128 Quod
1416 1094 1517 1120 vero
1539 1086 1583 1121 te
1605 1095 1630 1120 a
1652 1081 1819 1121 Basilea

212 1130 547 1183 demigraturum
577 1133 736 1180 scribis,
768 1135 893 1185 cupio
922 1134 1003 1173 tibi
1032 1134 1138 1174 bene
1168 1135 1342 1182 cedere;
1388 1149 1475 1175 non
1503 1140 1650 1176 tamen
1678 1136 1820 1188 placet

212 1186 328 1236 quod
358 1185 438 1225 hoc
468 1191 596 1238 pacto
626 1188 994 1239 typographorum
1023 1189 1231 1228 inuidiam
1261 1189 1472 1229 declinare
1500 1190 1701 1230 intendis.
1761 1190 1819 1229 Et

212 1240 379 1279 vtinam
409 1241 513 1280 mihi
545 1242 728 1281 annulus
761 1242 915 1294 aliquis
946 1247 1058 1282 esset
1088 1243 1470 1295 Aristophanicus!
1523 1245 1636 1285 Eum
1668 1244 1818 1284 lubens

132 1311 188 1343 115
212 1299 362 1333 contra
385 1296 749 1347 sycophantarum
772 1297 853 1336 tibi
876 1298 1090 1337 traderem
1114 1311 1292 1338 morsus.
1344 1299 1409 1338 Ne
1431 1303 1579 1338 tamen
1602 1300 1819 1350 promissis

212 1348 348 1388 solum
377 1350 457 1388 sim
487 1350 724 1398 munificus,
755 1351 848 1391 loco
875 1351 987 1391 illius
1019 1352 1150 1391 alium
1178 1352 1259 1392 tibi
1288 1354 1429 1400 mitto,
1461 1354 1580 1392 cuius
1611 1366 1815 1406 gemmae,

212 1404 436 1454 praecipue
469 1404 668 1452 donatae,
704 1418 799 1444 eam
833 1407 922 1445 vim
954 1407 1089 1446 inesse
1123 1407 1285 1454 dicunt,
1321 1411 1372 1446 vt
1403 1409 1448 1447 in
1482 1408 1616 1459 digito
1649 1412 1818 1459 gestata

212 1470 237 1495 a
266 1470 365 1497 casu
395 1458 586 1498 homines
616 1465 838 1500 conseruet
865 1460 1059 1500 illaesos:
1105 1461 1203 1501 nolo
1232 1465 1379 1501 tamen
1407 1462 1641 1513 perieulum
1669 1462 1814 1509 facias,

211 1524 260 1550 ac
283 1513 456 1552 minime
478 1514 514 1553 si
535 1515 637 1553 naui
659 1515 872 1554 discedere
895 1515 1012 1555 velis.
1064 1514 1147 1555 Sed
1169 1517 1298 1555 iocari
1319 1516 1453 1555 lubet.
1504 1516 1693 1556 Tantum
1715 1529 1816 1556 vero

131 1583 191 1605 120
211 1565 346 1614 abest,
384 1567 559 1607 Erasme
594 1569 858 1617 amicissime,
896 1573 945 1609 vt
979 1570 1083 1609 mihi
1118 1570 1173 1610 ob
1209 1570 1508 1610 munusculum
1542 1571 1623 1610 hoc
1657 1572 1816 1623 gratias

211 1620 429 1660 habendas
457 1635 663 1670 censeam,
692 1628 742 1662 vt
768 1623 961 1663 beneficii
986 1625 1118 1663 etiam
1144 1624 1236 1664 loco
1263 1637 1434 1676 ponam,
1462 1626 1498 1664 si
1523 1629 1573 1664 tu
1598 1625 1705 1665 illud
1729 1638 1815 1665 non

211 1677 457 1727 asperneris,
484 1678 682 1728 sinasque
706 1679 841 1717 nostri
866 1679 1021 1718 amoris
1045 1679 1340 1719 testimonium
1364 1679 1481 1730 apud
1503 1684 1547 1718 te
1565 1692 1666 1719 esse.
1721 1679 1816 1720 Scio

211 1729 327 1781 quod
348 1730 619 1770 fortunarum
642 1744 833 1771 mearum
854 1745 941 1772 non
962 1733 1125 1784 indiges
1145 1746 1155 1780 ;
1192 1734 1351 1772 1101111111
1373 1738 1520 1773 tamen
1543 1747 1595 1773 ex
1618 1734 1816 1773 omnibus

210 1785 356 1824 amicis
376 1786 475 1832 tuis,
498 1786 533 1824 si
551 1799 617 1824 res
637 1787 836 1838 exigeret,
858 1788 1017 1838 priores
1038 1791 1181 1839 partes
1202 1787 1488 1835 concederem,
1509 1789 1573 1828 ita
1592 1792 1643 1828 vt
1662 1788 1815 1828 intelli·

130 1854 166 1878 12
172 1853 187 1887 5
209 1851 305 1889 gere
336 1851 480 1891 posses
511 1853 578 1879 me
608 1853 695 1880 non
726 1841 863 1881 solum
894 1841 1034 1881 verbis
1065 1841 1139 1880 sed
1170 1846 1215 1881 et
1244 1842 1371 1882 factis
1402 1843 1490 1882 veri
1521 1843 1647 1882 amici
1678 1842 1815 1883 officio

207 1893 328 1944 fungi
348 1894 465 1933 scire.

262 1947 495 1999 Sperabam
520 1953 565 1988 te
589 1949 820 2001 aliquando
846 1950 929 1990 huc
955 1955 1198 1998 venturum,
1226 1964 1311 2003 quo
1336 1951 1417 1990 tibi
1441 1964 1585 1991 coram
1611 1951 1814 1991 affectum

206 2002 250 2040 in
272 2006 315 2041 te
338 2016 480 2042 meum
502 2004 769 2044 ostenderem
790 2018 798 2051 ;
837 2005 911 2044 sed
933 2006 1035 2057 quia
1056 2018 1105 2044 ea
1127 2005 1179 2044 de
1201 2019 1276 2057 spe
1297 2005 1448 2053 decidi,
1472 2006 1624 2045 absens
1646 2005 1812 2053 saltem,

207 2056 324 2107 quod
356 2070 554 2108 praesens
586 2071 764 2110 nequeo,
800 2059 868 2098 vel
899 2060 1087 2099 tenuiter
1118 2059 1305 2099 indicare
1338 2060 1467 2107 volui,
1502 2062 1677 2100 tametsi
1710 2061 1814 2100 mihi

130 2125 190 2156 130
207 2123 480 2162 nequaquam
501 2112 652 2151 absens
673 2114 766 2160 eris,
789 2115 920 2153 etiam
940 2114 1182 2165 longissime
1202 2118 1403 2154 semotus.
1455 2115 1615 2166 Regem
1636 2114 1814 2167 Angliae

206 2177 293 2203 non
320 2166 599 2205 traiecturum
627 2171 762 2217 puto;
808 2180 834 2206 a
862 2167 989 2208 Scoto
1018 2169 1130 2207 enim
1159 2168 1387 2215 detinetur,
1418 2170 1493 2220 qui
1520 2174 1563 2208 et
1590 2169 1651 2209 illi
1678 2182 1814 2221 nuper

207 2218 371 2258 cladem
401 2220 549 2259 intulit
579 2233 666 2260 non
697 2233 888 2272 paruam.
950 2222 1017 2262 Sic
1048 2227 1265 2274 pugnatur
1294 2224 1339 2262 in
1370 2223 1541 2263 Turcas.
1603 2223 1812 2263 Libellum

206 2277 332 2312 tuum
355 2273 407 2312 de
430 2274 562 2314 libero
586 2275 762 2315 arbitrio
786 2280 1074 2328 expectamus.
1127 2277 1283 2316 Mirum
1306 2278 1341 2316 si
1364 2290 1451 2317 non
1473 2277 1624 2317 turbas
1647 2278 1812 2329 aliquas

207 2327 432 2367 suscitabit
452 2342 460 2375 ;
496 2342 593 2368 vere
611 2330 724 2368 enim
741 2330 849 2382 lapis
867 2335 932 2369 est
949 2331 1017 2370 hic
1035 2330 1278 2370 offensionis
1295 2344 1426 2384 quam
1444 2332 1649 2383 plurimis.

130 2396 185 2427 135
263 2382 376 2421 Bene
396 2383 503 2429 vale,
526 2384 583 2422 mi
604 2383 791 2431 Erasme,
813 2388 858 2423 et
876 2385 1083 2436 longiores
1103 2384 1270 2424 fabulas
1291 2399 1406 2425 meas
1426 2386 1602 2425 moleste
1617 2399 1670 2425 ne
1684 2386 1809 2425 feras.

263 2436 562 2489 Nurenbergae
585 2438 683 2477 Kal.
708 2438 982 2489 Septembris,
1006 2439 1131 2478 Anno
1153 2439 1303 2479 salutis
1324 2450 1520 2479 MDXXIV.

753 2509 882 2556 Tuus,
905 2510 940 2548 si
961 2523 1061 2549 suus
1082 2515 1160 2558 est,
1184 2509 1420 2549 Bilibaldus
1442 2510 1806 2562 Pirckheymerus.

257 2638 327 2667 104.
353 2628 514 2669 Carmeli]
536 2630 801 2672 Egmondanus,
817 2631 971 2674 working
1087 2641 1159 2671 127.
1182 2630 1809 2674 hucventurum]Ahoperepeatedly

208 2672 293 2703 with
310 2672 430 2705 Hulst.
1038 2675 1223 2717 expressed
1239 2687 1246 2706 :
1274 2685 1330 2707 see
1346 2675 1436 2717 Epp.
1452 2677 1529 2715 318,
1545 2685 1619 2716 375,
1639 2685 1712 2717 527,
1731 2684 1805 2717 555,

257 2725 328 2754 114.
353 2716 656 2758 Aristophanicus]
671 2716 726 2749 Pl.
740 2719 817 2758 883,
832 2728 864 2759 4.
1039 2728 1114 2760 747.
1131 2718 1202 2751 and
1216 2718 1260 2750 of.
1277 2718 1343 2760 Ep.
1359 2720 1434 2760 856.
1452 2727 1531 2758 70n.

257 2761 329 2790 116.
354 2759 477 2799 alium]
495 2761 567 2792 Not
587 2771 632 2792 on
652 2761 712 2793 the
733 2762 794 2794 list
818 2762 855 2794 of
871 2762 971 2794 Eras-
1087 2771 1158 2803 132.
1186 2762 1335 2802 cladem]
1359 2762 1432 2794 The
1447 2762 1596 2794 allusion
1611 2763 1640 2794 is
1656 2762 1807 2804 perhaps

210 2801 297 2833 mus'
310 2803 403 2845 rings
419 2803 532 2835 which
549 2803 591 2836 he
607 2804 699 2837 drew
716 2815 764 2846 up
780 2815 825 2837 on
841 2815 862 2844 9
875 2805 975 2847 April
1038 2809 1076 2838 to
1098 2806 1159 2838 the
1180 2805 1282 2838 affair
1301 2806 1338 2838 of
1361 2814 1377 2847 5
1399 2805 1488 2847 July
1508 2808 1578 2846 (see
1600 2806 1737 2838 Brewer
1757 2806 1803 2838 iv.

213 2853 319 2893 15341
362 2857 418 2878 see
449 2847 613 2879 Bodleian
644 2848 820 2890 Quarterly
849 2849 974 2881 Record
1037 2851 1138 2889 482);
1186 2848 1299 2882 which
1328 2849 1441 2882 either
1468 2849 1542 2881 side
1573 2849 1687 2892 might
1715 2849 1806 2882 have

205 2888 241 2918 ii.
258 2896 328 2928 143.
1039 2892 1187 2924 claimed
1203 2903 1242 2925 as
1259 2904 1280 2925 a
1297 2893 1446 2935 victory.

310 2932 483 2974 gemmae]
538 2933 692 2976 Perhaps
742 2935 802 2968 the
855 2935 971 2968 blood·
1087 2946 1158 2977 133.
1185 2936 1346 2969 delibero
1357 2935 1517 2976 arbitrio]
1527 2936 1590 2970 See
1602 2936 1691 2979 Epp.
1708 2945 1803 2976 1419,

207 2976 308 3006 stone
324 2989 330 3007 ε
363 2976 475 3009 which
492 2977 521 3009 is
540 2978 725 3020 popularly
742 2979 918 3021 supposed
936 2983 974 3011 to
1044 2981 1136 3020 1481.

208 3017 297 3049 have
322 3017 392 3050 this
418 3022 611 3061 protective
638 3032 762 3062 power,
788 3022 974 3063 especially
1088 3033 1159 3063 134.
1185 3022 1288 3065 lapis]
1305 3023 1356 3056 Of.
1370 3023 1471 3055 Rom.
1485 3034 1505 3061 9
1530 3033 1582 3063 32,
1596 3033 1637 3062 33
1654 3034 1662 3059 ;
1697 3031 1708 3053 1
1725 3022 1803 3054 Pet.

208 3061 297 3092 from
314 3061 502 3104 drowning.
1040 3076 1071 3098 2.
1090 3069 1121 3098 S.
