2012 3370
171 148 293 199 1381]
741 145 814 186 'ro
846 146 1051 185 HENRY
1082 146 1189 184 vm
1686 147 1764 184 315

169 259 281 297 enim
297 259 305 274 ³
328 260 469 310 inquit
492 258 498 272 ·’
515 270 582 296 me
602 256 785 306 reliquit,
808 255 984 306 diligens
1004 255 1085 293 hoc
1100 254 1301 301 seculum,
1319 258 1364 293 et
1378 254 1485 292 abiit
1501 253 1762 292 Thessaloni-

169 325 276 359 cam,
298 312 496 352 Crescens
512 312 557 350 in
577 310 804 356 Galatiam,
825 309 947 348 Titus
970 309 1015 347 in
1033 308 1319 347 Dalmatiam:
1355 308 1492 347 Lucas
1514 311 1580 347 est
1598 320 1765 346 mecum
1783 318 1827 348 80

168 366 281 406 solus
301 366 325 406 '.
371 366 482 414 Quin
498 369 542 404 et
556 364 661 404 illud
676 363 895 415 proditum
911 366 977 402 est
992 375 1018 401 a
1034 363 1262 409 veteribus,
1280 363 1448 414 quoties
1463 361 1622 401 Paulus
1638 365 1767 400 vocat

168 420 449 472 Euangelium
475 418 775 459 suum—velut
800 417 856 456 ad
881 417 1168 463 Timotheum,
1199 417 1207 432 ‘
1226 417 1388 456 Memor
1414 421 1506 456 esto
1532 416 1765 455 Dominum

169 474 311 514 Iesum
333 475 605 514 resurrexisse
628 486 653 511 a
676 472 868 518 mortuis,
893 485 945 510 ex
968 472 1126 510 semine
1148 471 1292 510 Dauid
1314 471 1548 511 secundum
1570 470 1763 522 Euange-

167 529 271 568 lium
301 542 442 569 meum
458 529 534 575 '——‚
560 540 657 567 eum
687 527 842 566 sentire
870 526 923 565 de
952 525 1186 577 Euangelio
1215 525 1379 572 Lucae3
1416 525 1533 577 quod
1561 524 1762 576 quemad-

168 583 343 623 modum
367 584 535 622 Marcus
560 595 613 622 ex
638 582 872 620 autoritate
897 580 1026 626 Petri,
1053 581 1116 619 ita
1142 579 1279 618 Lucas
1305 593 1357 618 ex
1383 581 1617 619 autoritate
1643 578 1765 618 Pauli
1784 589 1822 629 85

169 639 463 689 conscripserit
481 637 702 676 historiam
723 634 1039 686 Euangelicam.

220 692 506 744 Hieronymus
537 691 771 730 arbitratur
807 702 904 728 eum
937 688 1122 728 Graecae
1151 687 1399 727 literaturae
1431 689 1607 727 caeteris
1637 688 1767 727 fuisse

166 747 408 796 peritiorem
428 760 437 793 ;
473 750 516 785 et
536 746 590 785 ob
608 745 653 784 id
672 745 863 784 exactius
883 743 1105 782 contexuit
1122 744 1411 781 narrationem
1430 743 1690 790 historicam,
1711 742 1766 780 ab

165 801 258 851 ipsa
286 801 459 840 Ioannis
487 801 711 851 Baptistae
740 799 1015 850 conceptione
1043 810 1230 844 exorsus,
1261 796 1474 848 permulta
1502 797 1686 836 reserens
1714 796 1767 834 de

165 856 397 894 natiuitate
419 855 556 906 deque
578 854 774 900 infantia,
799 852 1012 904 quaedam
1035 853 1166 891 etiam
1189 851 1242 891 de
1264 852 1449 902 pueritia
1472 851 1583 897 Iesu,
1608 850 1767 889 multas
1784 869 1830 901 90

165 910 296 948 etiam
325 910 549 961 parabolas
577 922 626 948 ac
653 908 870 954 miracula,
900 920 1011 958 quae
1038 907 1194 946 caeteri
1222 906 1448 945 breuitatis
1475 905 1620 944 studio
1648 918 1765 956 prae-

165 965 448 1003 termiserant.
519 963 745 1014 Quumque
785 966 1049 1002 caeterorum
1088 961 1230 1000 nullus
1270 973 1460 1012 egressus
1500 961 1557 999 sit
1596 963 1768 1010 tempus

166 1017 339 1057 Domini
361 1019 571 1069 assumpti
592 1019 637 1057 in
660 1017 837 1064 coelum,
862 1017 930 1056 hic
953 1016 1067 1056 solus
1089 1015 1225 1055 altero
1247 1015 1465 1055 volumine
1486 1015 1702 1054 nascentis
1724 1016 1769 1053 et

165 1073 379 1122 gliscentis
408 1072 619 1112 Ecclesiae
652 1075 938 1123 prosequutus
970 1074 1036 1110 est
1063 1070 1299 1109 historiam.
1361 1069 1543 1108 Addunt
1570 1073 1615 1108 et
1646 1067 1765 1114 illud,

166 1127 528 1176 quemadmodum
562 1127 808 1166 Matthaeus
847 1125 1142 1176 Euangelium‚
1183 1124 1336 1164 Petrus
1370 1123 1586 1175 Epistolas
1620 1123 1767 1162 scribit
1785 1142 1824 1173 95

165 1180 335 1219 Iudaeis
361 1183 643 1232 potissimum,
671 1182 734 1220 ita
760 1180 921 1219 Lucam
948 1179 1229 1231 Euangelium
1256 1179 1526 1230 potissimum
1553 1178 1767 1229 scripsisse

165 1234 374 1274 Gentibus
394 1249 402 1282 3
432 1237 632 1274 nimirum
660 1235 914 1286 discipulum
938 1234 1073 1281 Pauli,
1099 1235 1173 1285 qui
1196 1238 1246 1272 vt
1266 1233 1416 1272 doctor
1435 1236 1528 1272 erat
1548 1232 1764 1278 Gentium,

163 1291 226 1328 ita
248 1290 303 1328 ad
325 1290 483 1329 Gentes
504 1291 672 1341 scripsit
694 1302 839 1328 omnes
861 1289 1090 1340 Epistolas,
1113 1292 1282 1340 praeter
1302 1301 1434 1326 vnam
1455 1287 1512 1326 ad
1534 1287 1765 1332 Hebraeos,

164 1343 217 1382 de
241 1345 359 1382 cuius
382 1348 531 1383 autore
553 1357 718 1394 semper
741 1347 806 1382 est
828 1343 1090 1382 dubitatum.
1143 1342 1321 1393 Scripsit
1342 1346 1442 1393 post
1463 1342 1669 1388 Marcum,
1693 1340 1767 1380 sed

164 1401 265 1436 ante
290 1398 494 1437 Ioannem
515 1411 523 1445 ;
565 1398 678 1437 vnde
702 1401 746 1437 et
765 1397 1008 1448 Discipulus
1026 1396 1266 1448 praefertur
1283 1396 1504 1447 Apostolo.
1557 1395 1767 1446 Denique,
1790 1414 1852 1436 160

165 1452 281 1502 quod
310 1453 473 1492 medico
503 1453 710 1504 congruit,
741 1452 929 1491 traditur
956 1452 1086 1491 fuisse
1113 1451 1359 1502 longaeuus.
1417 1451 1530 1489 Nam
1559 1454 1768 1501 sequutus

165 1506 386 1545 consilium
413 1506 548 1554 Pauli,
578 1508 651 1558 qui
679 1507 847 1558 scripsit
877 1506 1075 1545 ‘Bonum
1101 1510 1168 1545 est
1194 1518 1370 1545 vxorem
1398 1518 1485 1544 non
1511 1506 1723 1556 attingere
1743 1504 1767 1551 ',

166 1562 275 1600 vixit
303 1561 467 1600 coelebs
497 1563 716 1613 octoginta
744 1565 931 1612 quatuor
959 1574 1106 1600 annos.
1166 1560 1273 1600 Ossa
1302 1559 1495 1600 defuncti
1523 1573 1576 1599 ex
1605 1559 1768 1598 Achaia

167 1615 374 1655 translata
389 1620 490 1655 sunt
504 1616 919 1667 Constantinopolim
934 1629 1020 1654 vna
1035 1628 1132 1654 cum
1146 1615 1334 1666 reliquiis
1348 1614 1543 1653 Andreae
1557 1613 1767 1666 Apostoli,

166 1682 278 1709 anno
300 1670 540 1710 Constantii
561 1672 775 1710 vicesimo.
1791 1686 1846 1718 105

220 1724 365 1764 Habes
406 1725 618 1764 medicum
659 1739 711 1764 ex
752 1725 929 1771 medico,
973 1724 1276 1776 Apostolorum
1317 1723 1610 1762 familiaritate
1652 1736 1762 1762 com-

166 1779 429 1826 mendatum,
454 1779 576 1818 Pauli
598 1779 794 1831 Apostoli
815 1792 902 1819 non
931 1792 1017 1818 vno
1038 1779 1286 1818 testimonio
1313 1778 1552 1825 laudatum,
1583 1778 1766 1828 denique

165 1833 435 1872 ecclesiarum
469 1835 659 1873 omnium
693 1847 898 1873 consensu
932 1833 1272 1885 comprobatum.
1337 1832 1478 1879 Quum
1511 1833 1624 1871 enini
1658 1831 1762 1870 mul-

165 1891 307 1926 torum
345 1888 579 1940 Euangelia
613 1889 770 1927 reiecta
805 1889 905 1935 sint,
944 1888 1012 1927 hic
1049 1887 1414 1927 consentientibus
1451 1887 1641 1925 omnium
1678 1885 1762 1924 suf-

166 1942 311 1993 fragiis
335 1947 531 1994 receptus
555 1947 632 1990 est,
659 1947 709 1982 vt
733 1943 922 1994 expleret
942 1955 1106 1981 sacram
1129 1942 1246 1981 illam
1272 1954 1320 1980 ac
1341 1942 1568 1992 mysticam
1593 1940 1764 1980 tetrada
1790 1959 1850 1981 110

165 2009 295 2046 quam
315 1997 415 2036 olim
433 1997 674 2049 designauit
690 1997 841 2044 Moses,
861 2010 1077 2048 exponens
1093 1996 1216 2035 nobis
1235 2000 1421 2047 quatuor
1438 1995 1591 2035 fluuios
1609 2008 1662 2034 ex
1680 2008 1766 2034 vno

166 2050 357 2090 Paradisi
375 2051 496 2091 fonte
515 2056 741 2099 scatentes,
762 2053 836 2102 qui
854 2053 1033 2103 irrigant
1051 2052 1295 2090 vniuersain
1314 2054 1472 2089 terram
1493 2064 1501 2097 ;
1538 2053 1638 2101 post
1656 2050 1768 2088 vidit

166 2105 372 2152 Ezechiel,
393 2119 526 2157 quum
544 2107 667 2145 nobis
685 2107 878 2158 depingit
895 2105 1096 2145 animalia
1113 2107 1296 2157 mystica
1314 2109 1501 2156 quatuor
1519 2109 1563 2143 et
1581 2108 1768 2156 quatuor

165 2163 282 2198 rotas
301 2161 345 2198 in
365 2174 463 2199 vna.

219 2214 260 2253 N
262 2227 344 2253 unc
364 2214 417 2253 de
436 2215 666 2266 pharmaco
686 2216 801 2266 quod
821 2215 943 2254 nobis
963 2215 1095 2262 dedit,
1117 2215 1277 2266 paucis,
1299 2215 1333 2253 si
1353 2214 1537 2260 videtur,
1559 2213 1764 2252 dicamus.
1788 2231 1845 2264 115

167 2267 233 2306 Ex
276 2268 540 2320 Hippocrate
582 2283 746 2309 sumere
790 2274 1070 2309 consueuerat
1110 2269 1299 2308 remedia
1341 2269 1496 2319 quibus
1540 2281 1764 2319 corporum

166 2322 335 2362 morbos
359 2323 522 2363 leuaret
541 2338 549 2371 ;
593 2329 807 2364 caeterum
833 2338 885 2364 ex
910 2323 1127 2376 Apostolis
1152 2325 1225 2375 qui
1251 2323 1466 2363 Christum
1492 2322 1691 2362 viderant
1715 2335 1764 2360 ac

165 2377 403 2425 audierant,
428 2379 514 2418 imo
538 2392 591 2418 ex
614 2380 707 2431 ipso
731 2379 892 2431 Spiritu
916 2383 1079 2426 sancto,
1104 2379 1250 2417 hausit
1272 2378 1353 2417 hoc
1376 2378 1655 2429 pharmacum
1680 2389 1765 2427 quo

165 2433 321 2471 nostris
353 2433 505 2472 animis
537 2434 790 2473 mederetur.
851 2434 980 2486 Apud
1011 2435 1171 2485 priscos
1203 2432 1389 2471 medicos
1421 2436 1514 2470 erat
1546 2430 1763 2482 quoddam

166 2486 398 2526 medicinae
425 2500 556 2539 genus
584 2488 933 2535 efficacissimum,
963 2502 1016 2528 ex
1043 2489 1172 2527 variis
1199 2491 1243 2526 et
1270 2487 1492 2537 exquisitis
1518 2486 1645 2525 rebus
1673 2489 1764 2523 arte
1788 2503 1848 2526 120

166 2542 459 2589 commixtum,
481 2542 597 2593 quod
616 2543 676 2582 illi
695 2543 912 2582 vocabant
933 2546 1022 2582 θεῶν
1040 2547 1178 2595 χεῖρας,
1200 2542 1279 2580 1106
1305 2545 1371 2580 est
1394 2541 1569 2579 deorum
1596 2552 1761 2578 manus.

169 2594 323 2633 Verum
355 2596 519 2635 nullum
553 2597 692 2636 adhuc
725 2598 1004 2649 pharmacum
1036 2600 1252 2648 repertum
1286 2600 1352 2634 est
1384 2608 1409 2633 a
1442 2594 1615 2633 medicis
1647 2592 1763 2645 quod

436 2701 506 2731 113.
533 2690 737 2732 depingeret
759 2694 793 2726 β.
1024 2702 1095 2724 Iro.
1122 2694 1197 2721 arte
1219 2690 1278 2728 αζε
1316 2693 1399 2720 aute
1424 2702 1448 2720 ε.

212 2825 264 2855 82..
290 2822 530 2862 Timotheum]
550 2832 579 2854 2.
600 2832 630 2854 2.
652 2824 682 2854 8.
998 2821 1063 2862 Ep.
1085 2830 1178 2862 1171.
1198 2830 1272 2862 7-9.

212 2868 265 2899 88.
291 2866 488 2906 contexuit]
505 2876 548 2898 sc.
569 2866 691 2898 Lucas.
1043 2875 1113 2896 102.
1142 2863 1258 2903 Pauli]
1279 2873 1289 2895 1
1312 2863 1386 2896 Cor.
1407 2874 1434 2905 7.
1459 2874 1485 2896 1.

210 2920 263 2950 99.
290 2909 508 2949 dubitatum]
528 2910 570 2941 Iu
590 2910 648 2941 the
668 2907 804 2951 preface.
825 2910 862 2939 to
880 2907 933 2939 his
1045 2910 1114 2939 106.
1143 2907 1332 2947 medicum]
1351 2917 1394 2938 sc.
1414 2907 1679 2948 Euangelicum.

169 2953 382 2995 Paraphrase
396 2964 440 2985 on
453 2954 541 2985 Heb.
558 2954 636 2995 (Ep.
656 2953 753 2993 1181)
768 2952 933 2983 Erasmus
1044 2962 1114 2983 111.
1141 2950 1268 2989 Moses]
1285 2951 1370 2982 Gen.
1388 2961 1418 2982 2.
1442 2961 1557 2993 10—14.

169 2996 250 3029 does
276 3000 339 3028 not
364 2997 452 3028 raiae
478 2997 547 3028 this
574 2996 759 3038 question;
800 2995 865 3026 but
890 2995 933 3026 he
1044 3005 1114 3036 113.
1142 2993 1316 3033 Ezechiel]
1335 3004 1361 3026 1.
1382 3003 1397 3036 5
1415 3005 1486 3037 seq.

169 3039 239 3072 had
266 3040 407 3082 already
435 3039 618 3082 cxprosscd
648 3039 699 3071 his
729 3038 871 3080 opinion
897 3038 933 3069 111
1044 3048 1100 3071 121
1141 3038 1218 3067 θεῶν
1236 3038 1359 3078 χεῖρας]
1375 3037 1425 3071 Of.
1447 3037 1554 3079 Δάας.
1581 3042 1654 3072 206.
