2012 3370
110 157 233 207 1333]
677 153 751 195 To
780 152 1126 193 FERDmAND
1622 149 1698 189 169

108 276 218 314 quae
246 267 466 303 execratur
496 263 789 315 Euangelium,
824 264 958 304 oblita
990 264 1082 303 sit?
1133 263 1169 302 si
1202 262 1368 302 animus
1401 264 1544 300 noster
1577 259 1702 298 nullis

109 317 374 369 Euangelicis
429 317 659 357 virtutibus
714 319 888 358 niteat?
948 318 1059 366 Quid
1115 317 1288 369 prodest
1342 315 1446 354 liber
1502 314 1702 353 admotus

108 373 281 423 pectori,
311 373 346 411 si
372 371 487 423 quod
514 371 651 418 docet,
681 373 827 423 procul
854 372 976 412 abest
1003 385 1028 411 a
1055 375 1260 423 pectore?
1306 371 1341 409 si
1368 368 1484 421 quod
1511 368 1705 413 damnat,

107 431 257 477 regnat
275 427 320 465 in
338 430 506 477 pectore
527 429 543 464 ⁶?
603 425 713 473 Quid
733 427 812 465 sibi
831 427 926 466 vult
944 427 1111 466 suffitus
1131 426 1346 472 odoratus,
1367 425 1402 463 si
1420 423 1543 463 nobis
1561 421 1706 461 sordet

107 479 219 519 illius
258 480 463 527 doctrina,
505 480 540 518 si
580 484 726 519 nostra
766 481 858 520 vita
898 481 1002 520 odor
1041 485 1107 519 est
1145 480 1319 519 letalis?
1379 477 1491 525 Quid
1530 476 1704 528 prodest
1723 487 1785 521 235

108 534 317 573 submissa
335 534 390 573 ad
408 533 594 573 codicem
613 534 768 582 ceruix,
789 535 824 573 si
841 539 1011 574 nostrae
1029 534 1286 586 cupiditates
1304 533 1453 572 erectis
1472 530 1705 571 ceruicibus

108 592 302 639 pugnant
346 588 547 627 aduersus
592 589 680 627 eius
725 592 988 640 praecepta?
1049 588 1161 636 Quid
1205 587 1369 627 confert
1414 585 1702 631 assurrexisse,

107 642 222 681 nudo
242 642 399 681 vertice
419 643 616 689 astitisse,
637 643 672 681 si
690 646 786 682 tota
804 644 897 682 vita
915 647 1061 682 nostra
1080 643 1178 681 talis
1197 646 1262 681 est
1281 646 1331 681 vt
1350 641 1491 692 palam
1512 640 1705 690 Euange-

107 695 212 735 licae
241 696 458 736 doctrinae
489 701 783 748 contemptum
813 710 915 748 prae
944 710 986 736 se
1018 697 1164 736 ferat?
1225 696 1318 743 Qua
1347 696 1487 733 fronte
1518 693 1705 733 codicem

107 750 377 789 exosculatur
398 751 714 802 Euangelicum,
737 752 811 803 qui
831 751 1009 798 libidini,
1032 751 1106 802 qui
1127 751 1349 796 auariciae,
1371 749 1446 800 qui
1467 747 1704 794 ambitioni,
1724 759 1790 791 240

108 804 182 855 qui
216 804 351 856 gulae,
388 805 462 856 qui
489 805 733 845 iracundiae
760 806 958 852 seruiens,
990 806 1188 856 conspuit
1217 804 1474 855 Euangelica
1502 802 1702 841 monita?

110 858 203 905 Qua
236 858 375 898 fronte
410 859 487 898 dat
520 860 710 899 osculum
744 859 850 899 libro
885 859 990 899 nihil
1023 859 1139 898 aliud
1173 859 1343 898 docenti
1376 870 1507 909 quam
1542 868 1704 908 pacem,

108 925 238 963 quam
268 913 651 961 mansuetudinem,
682 927 812 965 quam
842 915 1124 961 charitatem;
1170 913 1245 965 qui
1274 916 1523 963 contempta
1551 909 1707 950 Christi

108 966 315 1014 doctrina,
348 972 467 1007 totus
495 968 627 1007 liuore
658 969 853 1016 tabescit,
885 969 983 1008 odio
1014 968 1172 1015 madet,
1204 969 1267 1006 ira
1297 967 1448 1013 feruet,
1480 963 1708 1004 vlciscendi

108 1020 281 1060 libidine
313 1021 459 1069 fertur,
493 1023 669 1074 rapitur,
703 1023 808 1062 furit
838 1024 883 1062 in
914 1023 1155 1074 proximum
1188 1035 1340 1068 suum;
1389 1020 1464 1072 qui
1495 1019 1598 1058 dum
1630 1031 1706 1057 suo
1725 1030 1788 1063 245

109 1088 269 1114 morem
309 1076 416 1127 gerit
456 1077 611 1124 animo,
652 1077 874 1116 furialibus
914 1077 1032 1117 bellis
1072 1078 1222 1116 miscet
1261 1075 1443 1115 orbem?
1503 1073 1596 1122 Quo
1636 1086 1708 1111 ore

109 1129 406 1181 complectitur
424 1134 469 1170 et
488 1131 640 1170 adorat
659 1132 962 1183 Euangelicum
982 1131 1183 1178 codicem,
1204 1131 1279 1182 qui
1296 1130 1401 1169 totis
1420 1129 1536 1168 vitae
1555 1127 1708 1167 studiis

110 1183 207 1223 huic
232 1184 391 1223 mundo
415 1184 657 1225 foederat-us
681 1190 759 1234 est,
784 1199 912 1238 quem
936 1186 1055 1226 velut
1078 1186 1244 1225 hostem
1269 1188 1490 1224 execratur
1514 1183 1706 1234 Euange-

109 1237 190 1277 lica
213 1238 479 1290 philosophia
495 1243 510 1278 ἱ)

164 1292 285 1331 Puris
313 1293 510 1332 manibus
537 1307 586 1333 ac
614 1294 803 1346 religiose
831 1298 1145 1334 contrectamus
1173 1292 1476 1344 Euangelicum
1505 1290 1706 1337 codicem,
1727 1302 1792 1335 250

109 1349 154 1385 et
182 1346 359 1398 impuris
389 1348 540 1386 animis
571 1347 825 1400 despicimus
855 1349 1113 1400 Euangelica
1142 1350 1401 1399 praecepta?
1462 1346 1574 1393 Quin
1603 1345 1707 1384 haec

110 1401 243 1452 magis
269 1400 547 1441 admonemus
573 1403 747 1454 pectori,
775 1403 878 1442 haec
904 1403 1198 1442 exosculamur
1224 1402 1380 1447 animo,
1408 1401 1475 1439 hic
1502 1399 1707 1439 ceruicem

108 1454 363 1494 inflectimus
384 1459 399 1495 ἰ)
459 1456 642 1504 Quidam
664 1458 794 1496 etiam
816 1457 1038 1508 Euangelii
1059 1456 1291 1496 secundum
1314 1455 1519 1494 Ioannem
1541 1457 1708 1505 partem

110 1508 379 1561 descriptam,
408 1510 460 1550 de
486 1511 592 1550 collo
619 1524 866 1563 suspensam
885 1511 1185 1558 circunferunt,
1207 1511 1410 1550 aduersus
1436 1508 1606 1548 morbos
1633 1511 1710 1546 aut

110 1563 253 1603 tristes
281 1564 438 1616 alioqui
466 1578 587 1604 casus
615 1566 860 1605 remedium.
920 1566 1032 1614 Quin
1059 1566 1193 1617 magis
1221 1564 1442 1616 Euangelii
1470 1563 1709 1602 doctrinam
1728 1573 1791 1607 255

110 1618 252 1657 animo
289 1619 619 1668 circunferimus,
656 1620 859 1660 aduersus
894 1634 1040 1660 omnes
1076 1621 1282 1659 viciorum
1318 1618 1488 1658 morbos
1523 1616 1709 1656 remedio

109 1671 337 1712 futuram?
395 1674 495 1713 Non
522 1675 716 1726 improbo
747 1676 1016 1722 ceremonias,
1047 1688 1134 1714 non
1164 1674 1333 1726 exagito
1363 1673 1481 1724 vulgi
1509 1671 1711 1722 simplicis

110 1726 365 1778 religionem.
423 1728 506 1768 Sed
526 1733 620 1768 tum
642 1729 813 1768 demum
834 1730 918 1769 ista
938 1729 1097 1768 fuerint
1116 1729 1238 1768 nobis
1259 1728 1368 1774 vsui,
1390 1728 1425 1766 si
1445 1726 1562 1778 quod
1581 1725 1711 1777 signis

111 1781 347 1821 visibilibus
365 1782 655 1831 admonemur,
673 1797 718 1823 re
734 1784 1083 1835 praestiterimus.
1129 1783 1172 1823 si
1190 1796 1287 1822 vere
1305 1781 1533 1821 Christiani
1549 1792 1709 1827 sumuS,

112 1835 191 1874 hoc
223 1840 288 1875 est
319 1837 354 1875 si
385 1836 561 1888 legitimi
593 1838 874 1890 Euangelicae
905 1838 1124 1877 doctrinae
1154 1837 1422 1889 professores,
1455 1839 1598 1874 totum
1630 1834 1710 1873 hoc
1728 1838 1793 1869 260

111 1889 228 1941 quod
248 1890 332 1930 illic
353 1890 455 1930 foris
477 1893 647 1943 geritur,
670 1893 787 1932 intus
808 1893 853 1932 in
875 1893 1026 1932 animis
1047 1893 1203 1931 nostris
1224 1894 1464 1943 peragatur.

166 1944 306 1984 Audio
332 1958 493 1985 morem
519 1959 609 1986 esse
635 1947 751 1998 apud
776 1947 998 1998 quosdam,
1026 1951 1077 1986 vt
1102 1946 1302 1997 Princeps
1328 1944 1540 1984 nudatum
1567 1955 1710 1982 ensem

113 2011 243 2038 manu
282 2003 430 2038 tenens
470 2000 613 2040 adstet
652 2001 932 2053 Euangelicae
970 2001 1154 2047 lectioni,
1195 2000 1350 2039 caeteri
1388 2011 1519 2038 manu
1558 1996 1710 2048 capulo

113 2052 301 2092 admota.
360 2053 453 2101 Quo
491 2059 618 2105 pacto
657 2059 802 2095 autem
840 2055 980 2107 gladio
1019 2055 1220 2095 defendet
1257 2053 1551 2105 Euangelium,
1591 2052 1711 2091 cuius

114 2107 280 2146 animus
304 2107 437 2147 hostis
461 2113 527 2148 est
551 2109 771 2161 Euangelii
789 2123 798 2157 ;
839 2111 913 2162 qui
937 2114 1055 2149 totus
1079 2110 1214 2161 spirat
1238 2108 1445 2148 mundum
1465 2120 1475 2154 ;
1515 2106 1584 2146 cui
1607 2105 1713 2145 nihil
1729 2110 1792 2149 265

114 2162 401 2213 contemptius
420 2175 550 2213 quam
570 2164 709 2203 nobile
728 2164 832 2203 illud
852 2165 1129 2216 margaritum
1150 2163 1454 2215 Euangelicum
1474 2175 1483 2208 ;
1520 2161 1587 2200 cui
1606 2159 1712 2199 nihil

113 2215 290 2254 inuisius
319 2229 449 2268 quam
479 2217 524 2256 id
553 2219 669 2269 quod
698 2219 834 2258 solum
866 2219 1056 2259 Christus
1076 2218 1222 2258 docuit
1247 2216 1570 2269 expetendum?
1630 2214 1713 2262 Qui

112 2270 318 2321 populum
347 2271 520 2322 expilat,
551 2273 626 2324 qui
654 2277 802 2312 tenues
832 2274 1048 2325 opprimit,
1079 2273 1153 2324 qui
1182 2272 1300 2312 bellis
1328 2284 1395 2311 res
1424 2271 1633 2310 humanas
1662 2281 1712 2307 ac

113 2323 279 2364 diuinas
302 2325 463 2373 miscet,
487 2327 561 2378 qui
583 2331 651 2366 tot
673 2328 795 2367 malis
818 2341 989 2367 causam
1012 2328 1201 2379 praebet,
1225 2328 1269 2366 in
1292 2327 1411 2366 cuius
1434 2324 1711 2364 ambitionem

113 2382 285 2418 tantum
319 2379 495 2419 humani
527 2383 743 2433 sanguinis
776 2382 984 2430 funditur,
1019 2395 1162 2421 ensem
1196 2381 1352 2427 vibrat,
1388 2393 1473 2431 quo
1508 2377 1712 2417 defendat
1729 2388 1796 2419 270

114 2432 393 2484 Euangelium
424 2435 613 2474 Christi?
674 2436 796 2476 Prius
825 2437 914 2488 ipse
944 2450 987 2475 se
1018 2436 1257 2475 reconciliet
1288 2433 1548 2485 Euangelio;
1595 2432 1712 2483 prius

113 2487 369 2539 Euangelico
394 2489 533 2540 gladio
559 2503 715 2541 prauas
740 2491 997 2542 cupiditates
1022 2495 1181 2530 resecet
1206 2491 1260 2529 ab
1287 2490 1428 2528 animo
1455 2500 1530 2527 suo
1551 2500 1559 2526 :
1601 2490 1711 2532 tum,

112 2541 148 2580 si
170 2542 397 2590 videbitur,
421 2544 465 2582 in
487 2544 631 2584 hostes
653 2545 874 2597 Euangelii
896 2546 1041 2584 minax
1064 2546 1246 2596 stringat
1268 2544 1438 2583 ferrum.

167 2595 226 2635 Et
252 2596 355 2636 haec
383 2597 568 2648 quidem,
597 2599 876 2639 illustrissime
903 2600 1116 2651 Princeps,
1146 2597 1403 2638 admonendi
1430 2595 1567 2648 gratia
1594 2594 1711 2633 dicta

112 2654 253 2697 sunto,
289 2651 395 2690 citra
428 2653 677 2704 cuiusquam
711 2654 1025 2693 contumeliam.
1084 2654 1193 2692 Rem
1227 2656 1398 2692 tantum
1432 2649 1709 2695 ostendimus,
1729 2658 1789 2691 275

112 2717 199 2743 non
229 2709 428 2744 notamus
459 2719 686 2757 personas:
734 2713 778 2747 ct
809 2709 888 2747 hoc
918 2708 1088 2747 liberius
1120 2708 1222 2746 haec
1254 2706 1487 2751 scribimus,
1520 2703 1636 2755 quod
1667 2703 1711 2741 in

366 2798 438 2829 252.
465 2787 519 2819 hic
537 2787 597 2826 ag‘:
628 2789 679 2820 his
698 2800 745 2829 εη.
912 2801 986 2832 275.
1012 2793 1152 2821 tantum
1170 2801 1191 2829 γ
1211 2801 1218 2821 :
1246 2792 1383 2820 tantam
1402 2799 1421 2816 α

160 2886 231 2918 253.
259 2875 454 2917 Euangelii]
478 2876 545 2907 For
568 2875 637 2906 this
662 2876 812 2916 practico
836 2876 879 2907 cf.
946 2876 1077 2906 Comm.
1113 2885 1156 2905 on
1190 2875 1292 2907 Matt.
1327 2885 1378 2915 23.
1415 2886 1433 2916 5
1467 2874 1643 2915 (Dilatant
1674 2877 1711 2905 ct

117 2918 181 2960 Ep.
221 2922 293 2959 563.
341 2929 473 2961 20—3o;
535 2919 608 2950 also
645 2919 879 2957 Jo'nclcir'idz'on,
946 2918 1197 2959 pllylactcria):
1245 2919 1343 2950 ‘Hoc
1375 2918 1470 2959 apud
1500 2929 1562 2949 nos
1593 2928 1709 2959 super-

116 2972 190 2993 can.
213 2973 235 2993 v
255 2963 338 3002 (LB.
359 2974 390 2994 v.
414 2972 455 3003 30
466 2964 510 3002 F).
556 2962 623 2993 For
638 2963 683 2993 its
700 2963 879 3004 antiquity
943 2962 1103 2993 stieiosao
1125 2962 1344 2994 mulierculae
1363 2963 1399 2993 in
1419 2961 1573 3004 paruulis
1594 2962 1708 2992 Euan-

117 3004 178 3037 the
229 3005 301 3037 lato
354 3006 412 3038 Dr.
467 3007 500 3039 J.
554 3006 736 3039 Wickham
786 3007 877 3048 chg
941 3005 1039 3046 gcliis
1055 3005 1144 3037 etin
1160 3006 1269 3038 crucis
1284 3006 1380 3048 ligno
1397 3029 1404 3038 .
1425 3030 1432 3037 .
1481 3015 1590 3047 Vsque
1607 3004 1710 3037 hodic

115 3047 269 3080 direct-cd
295 3059 349 3081 me
375 3053 413 3081 to
437 3060 458 3081 a
482 3060 626 3092 passage
649 3050 686 3082 in
710 3050 881 3083 Jerome’s
942 3049 1111 3081 factitant
1125 3049 1145 3081 ’.
