2012 3370
606 158 678 197 TO
709 158 942 198 OONRAD
972 159 1293 200 GOOLENIUS
1669 163 1746 201 437

159 159 280 209 1437]

157 268 208 308 In
250 268 484 309 Brabantia
526 268 604 308 scis
650 268 804 320 quibus
852 269 1051 308 monstris
1093 269 1220 309 datus
1259 270 1316 309 sit
1357 270 1534 322 gladius.
1620 270 1745 309 Breui

156 323 260 362 scies
287 323 390 375 (111111
417 323 651 362 statuerim.
708 322 803 362 Rex
822 335 896 374 per
913 323 1057 363 literas
1085 324 1359 364 credentiales
1386 324 1641 377 significauit
1667 325 1747 363 sibi

155 390 244 416 esse
263 377 307 416 in
326 378 468 417 animo
486 377 707 416 instituere
725 389 886 416 nouum
906 377 1126 430 collegium
1145 379 1342 430 trilingue
1362 378 1570 418 Lutetiae.
1638 379 1746 418 Eam

156 430 465 482 praefecturam
495 431 597 471 mihi
623 430 793 478 obtulit,
822 444 919 470 cum
947 433 1109 483 ingenti
1134 432 1299 472 salario.
1358 433 1400 473 Si
1425 433 1581 485 recipio
1607 446 1675 473 me
1703 434 1747 472 in

156 485 350 533 Galliam,
381 490 426 525 et
453 485 580 525 datur
608 485 772 525 occasio
801 487 1126 525 commendandi
1154 487 1232 534 tui,
1264 486 1508 538 significabo
1537 487 1630 527 tibi.
1690 487 1749 527 Et

155 543 204 578 tu
232 541 402 580 interim
430 539 584 579 scribes
610 552 685 591 per
713 538 921 580 Leuinum
949 541 1053 592 quid
1081 541 1238 580 habeas
1267 542 1397 580 animi
1425 555 1523 593 erga
1552 541 1745 581 Galliam.

157 593 215 633 Et
242 594 403 634 interea
430 594 533 634 dum
562 593 745 633 Leuinus
774 594 896 633 abest
917 595 961 633 in
987 594 1151 646 Anglia,
1176 595 1331 634 scribes
1356 608 1429 647 per
1458 596 1588 635 alium
1611 596 1748 636 tribus

156 648 295 688 verbis
315 661 370 688 an
388 648 457 688 ille
476 648 589 688 bona
608 647 690 687 fide
709 647 939 687 reddiderit
958 648 1114 688 literas.

210 702 262 742 In
282 702 414 742 literis
435 702 664 742 scribendis
685 703 764 741 eris
786 703 1054 742 cautissimus
1074 716 1083 750 ;
1121 716 1221 742 nam
1243 704 1570 755 intercipiuntur
1592 705 1746 751 omnia,

155 760 199 795 ct
234 756 587 808 Epphendorpius
620 769 831 808 nusquam
865 769 952 796 non
986 757 1117 796 habet
1151 770 1248 796 suos
1284 770 1519 809 corycaeos.
1584 759 1748 798 Celabis

155 814 301 850 tamen
327 811 442 862 quod
468 811 520 850 de
544 810 616 850 illo
643 811 801 862 scripsi,
829 824 906 850 nec
933 811 1099 850 effuties
1125 813 1204 850 nisi
1232 812 1348 863 apud
1374 813 1531 851 amicos
1558 813 1746 852 eximios.

156 864 352 916 Dorpius‚
374 869 424 905 vt
442 864 624 912 videtur,
647 868 822 904 mussat.
872 865 952 904 Est
970 865 1131 917 aliquid
1152 867 1330 905 monstri
1350 866 1465 917 quod
1485 866 1614 905 alitur
1633 866 1749 918 apud

154 919 384 982 theologos,
405 923 450 959 et
466 919 535 958 ille
554 923 709 958 natura
730 919 906 959 timidus
928 923 1006 959 est.
1054 920 1209 971 Scripsi
1232 920 1284 959 D.
1309 919 1482 959 Decano
1504 924 1548 959 et
1573 921 1750 973 Aegidio

155 973 345 1013 Buslidio
369 974 413 1013 in
438 973 848 1013 commendationem
867 975 945 1013 tui.
1003 974 1175 1014 Carolus
1195 974 1380 1013 Harstus
1400 974 1516 1026 apud
1544 988 1611 1014 me
1640 976 1750 1014 Viuit

154 1026 303 1066 famuli
321 1027 426 1067 loco.
480 1028 592 1067 Nam
611 1028 781 1067 videtur
800 1027 909 1067 fidus
929 1029 1102 1068 amicus.
1157 1028 1245 1068 Nec
1265 1029 1389 1068 video
1409 1042 1494 1080 quo
1514 1029 1641 1068 modo
1661 1042 1749 1069 sese

154 1082 337 1133 explicet
351 1095 373 1121 e
387 1082 631 1134 labyrintho
651 1087 714 1122 τοῦ
734 1085 868 1135 γάμου,
886 1087 936 1122 vt
951 1096 1122 1122 causam
1137 1083 1274 1122 video.
1331 1083 1518 1122 Hilarius
1538 1083 1642 1123 mihi
1657 1096 1747 1135 gra-

153 1137 342 1176 tissimus
360 1140 438 1176 est.
494 1136 659 1176 Houius
684 1138 774 1189 agit
800 1137 975 1184 Romae,
1002 1150 1115 1177 nunc
1141 1137 1314 1177 demum
1340 1150 1488 1177 amans
1515 1139 1610 1177 mei.
1666 1138 1748 1177 Hic

154 1203 221 1229 me
240 1191 326 1230 suis
341 1190 528 1230 moribus
542 1191 883 1231 intractabilibus
898 1204 1005 1243 pene
1020 1192 1220 1244 adegerat
1236 1192 1316 1231 ad
1306 1193 1528 1231 msaniam.
1573 1192 1614 1232 N
1615 1206 1661 1231 60
1676 1192 1748 1232 illo

154 1244 290 1284 multo
317 1245 576 1284 commodior
603 1245 687 1284 fuit
713 1245 909 1285 Leuinus.
966 1246 1153 1298 Vterque
1179 1250 1325 1286 tamen
1352 1259 1506 1298 magno
1533 1259 1609 1286 suo
1637 1246 1749 1286 bono

153 1299 237 1338 fuit
255 1299 371 1350 apud
390 1312 469 1338 me.
518 1299 709 1338 Houium
728 1299 864 1339 solum
884 1300 1050 1339 Erasmi
1069 1314 1225 1340 nomen
1243 1301 1321 1340 alit
1340 1300 1515 1340 Romae.
1565 1300 1749 1340 Leuinus

154 1353 325 1404 pulchre
358 1353 538 1405 profecit
570 1354 615 1392 in
647 1353 779 1393 literis
812 1355 955 1405 potius
989 1367 1119 1406 quam
1152 1356 1196 1394 in
1230 1355 1430 1394 moribus.
1494 1355 1570 1394 Cui
1603 1359 1749 1394 tamen

154 1407 427 1454 benefaciam,
458 1420 705 1459 quanquam
732 1407 864 1447 nolim
891 1408 1011 1447 illum
1040 1410 1269 1460 quicquam
1297 1409 1448 1448 harum
1476 1422 1616 1448 rerum
1645 1410 1749 1448 scire

154 1461 409 1511 [Leuinum]‚
442 1474 520 1500 nec
551 1462 723 1501 omnino
755 1462 889 1501 vllum
920 1463 1165 1502 mortalium
1197 1467 1364 1514 praeter
1395 1476 1472 1502 nos
1504 1463 1623 1502 duos.
1685 1463 1749 1502 De

153 1515 235 1554 fide
260 1515 366 1555 nihil
392 1515 542 1555 dubito
562 1529 571 1563 3
615 1519 761 1555 tamen
788 1516 842 1555 ob
870 1529 991 1556 casus
1017 1518 1311 1568 inexpectatos
1338 1517 1573 1569 expedierit
1600 1521 1649 1556 vt
1675 1530 1750 1569 per

154 1570 360 1609 Leuinum
394 1571 541 1609 mittas
574 1570 873 1622 syngrapham,
909 1584 994 1622 qua
1027 1572 1194 1611 testeris
1227 1572 1514 1623 syngrapham
1546 1572 1663 1611 illam
1697 1572 1749 1612 de

153 1625 341 1675 pecuniis
373 1624 676 1664 distribuendis
704 1625 809 1664 nihil
838 1625 978 1664 valere
1006 1639 1073 1665 me
1103 1627 1216 1673 Viuo,
1248 1626 1322 1665 sed
1351 1626 1405 1665 ob
1436 1630 1571 1665 certas
1601 1639 1749 1666 causas

152 1678 196 1717 id
216 1692 304 1718 esse
325 1678 566 1718 confictum.

209 1733 350 1780 Quum
375 1733 478 1772 haec
505 1734 774 1784 scripsissem,
801 1733 988 1773 reddidit
1014 1734 1246 1774 Frobenius
1274 1734 1393 1773 binas
1420 1734 1496 1773 abs
1522 1739 1565 1773 te
1590 1735 1747 1774 literas.

156 1786 246 1826 Risi
272 1791 465 1826 nostrum
494 1787 850 1839 Egmondanum:
894 1788 1018 1839 plane
1047 1790 1279 1828 morionem
1307 1790 1409 1840 agit.
1466 1788 1669 1828 Nondum
1697 1803 1749 1829 ex

154 1846 197 1880 te
213 1842 316 1881 scire
331 1842 453 1893 potui
469 1854 524 1880 an
539 1843 742 1893 receperis
757 1842 900 1881 literas
916 1855 1022 1894 quas
1039 1844 1134 1882 misi
1149 1856 1223 1894 per
1238 1843 1473 1882 Antonium
1489 1843 1747 1883 Minoritam.

155 1895 266 1935 Nam
299 1897 335 1935 is
370 1896 509 1947 coepit
543 1896 645 1935 mihi
680 1909 768 1935 esse
803 1900 1036 1947 suspectus,
1073 1901 1353 1949 posteaquam
1388 1897 1531 1936 aiebat
1565 1911 1607 1936 se
1643 1898 1749 1937 velle

153 1951 332 1990 inuisere
370 1950 656 1989 Paschasium.
722 1950 787 1990 Ne
824 1955 982 1990 temere
1019 1951 1176 1990 scribas
1214 1965 1288 2003 per
1325 1951 1571 2003 quemlibet.
1637 1952 1749 1992 Nam

155 2004 509 2056 Epphendorpius
529 2009 594 2043 est
614 2004 898 2056 Argentorati,
920 2009 965 2044 et
984 2018 1058 2056 per
1078 2019 1176 2045 suos
1196 2019 1420 2057 corycaeos
1440 2019 1586 2045 omnes
1605 2006 1750 2045 literas

154 2060 380 2110 intercipit,
405 2059 532 2098 homo
555 2058 611 2097 ad
632 2072 756 2098 omne
779 2059 912 2098 scelus
933 2064 1074 2098 natus.
1127 2061 1241 2099 Bene
1264 2060 1371 2099 vale.

208 2113 410 2152 Basileae.
459 2112 648 2153 Sabbato
666 2117 765 2164 post
783 2112 958 2152 Pascha.

212 2194 387 2247 Augebo
425 2195 674 2247 Catalogum
713 2209 887 2248 operum
926 2209 1144 2243 meorum,
1199 2210 1252 2235 ex
1290 2195 1369 2235 hoc
1407 2209 1577 2248 quoque
1616 2197 1752 2236 multa

158 2249 417 2301 colligentur.
461 2250 637 2301 Scripsit
650 2250 705 2289 ad
720 2264 787 2290 me
802 2250 1012 2290 Gerardus
1027 2251 1316 2302 Nouiomagus
1331 2250 1540 2302 quosdam
1554 2251 1751 2290 meditari

158 2304 293 2343 vitam
327 2304 505 2351 Erasmi,
541 2306 697 2356 partim
731 2307 927 2352 carmine,
963 2306 1120 2357 partim
1154 2306 1358 2344 oratione.
1421 2304 1517 2356 Ipse
1551 2305 1751 2356 cupiebat

156 2359 308 2397 instrui
329 2363 489 2397 secreto
510 2372 517 2405 ;
556 2359 629 2397 sed
649 2373 735 2398 non
757 2373 884 2399 ausus
905 2373 998 2398 sum
1022 2361 1203 2398 mittere.
1255 2360 1296 2398 Si
1319 2360 1539 2410 contingat
1562 2372 1657 2398 cum
1679 2359 1750 2398 illo

1033 2497 1104 2535 189.
1130 2494 1297 2534 Harstus]
1332 2494 1395 2526 See
1432 2493 1497 2534 Ep.
1540 2502 1632 2534 1215.
1696 2494 1750 2526 Η6

984 2539 1044 2570 did
1061 2541 1125 2570 not
1140 2539 1176 2569 in
1192 2537 1267 2569 fact
1283 2547 1400 2577 marry
1417 2536 1473 2568 till
1488 2536 1569 2569 Jan.
1593 2546 1651 2578 152
1658 2545 1687 2575 7.

1034 2591 1102 2621 192.
1130 2580 1282 2620 Houius]
1298 2580 1348 2612 Cf.
1366 2580 1431 2621 Ep.
1453 2589 1546 2620 1424.
1567 2589 1595 2619 7.

1033 2626 1104 2665 196.
1128 2625 1164 2656 in
1178 2624 1302 2663 literis]
1316 2623 1366 2656 Cf.
1383 2623 1447 2665 Ep.
1468 2632 1561 2664 1470.
1582 2633 1679 2664 33-4.

202 2496 273 2534 176.
299 2495 479 2534 monstris]
495 2494 544 2527 Cf.
564 2495 628 2536 Ep.
652 2497 746 2535 1408.
770 2498 843 2528 18n.

203 2540 272 2570 182.
297 2538 334 2570 in
362 2538 503 2580 Anglia]
531 2537 582 2571 Of.
613 2538 703 2580 Epp.
733 2548 828 2579 1430.
855 2548 921 2570 20—

157 2592 207 2619 21,
229 2590 322 2623 1452.
340 2585 441 2623 47-8.

203 2626 275 2664 184.
299 2625 584 2666 intercipiuntur]
600 2624 649 2658 Cf.
667 2625 689 2657 l.
707 2635 775 2665 9111

204 2669 271 2708 185.
299 2669 499 2709 coryeaeos]
517 2668 566 2701 Cf.
589 2669 653 2710 Ep.
678 2669 771 2710 1236.
797 2677 894 2708 114n.

204 2713 273 2751 187.
301 2711 468 2752 Dorpius]
481 2712 531 2743 Of.
548 2713 614 2753 Ep.
636 2720 730 2753 1545.
746 2722 780 2743 11.

204 2756 274 2787 188.
300 2755 444 2796 Scripsi]
474 2755 538 2796 Ep.
576 2764 667 2796 1435.
717 2755 791 2787 The
817 2753 922 2786 letter

156 2802 194 2830 to
221 2797 407 2830 Busleidcn
434 2799 462 2829 is
489 2801 554 2830 not
579 2801 728 2835 extant3
770 2798 835 2830 but
861 2797 921 2830 the

155 2852 289 2874 answer
313 2841 392 2883 (Ep.
422 2842 520 2881 1461)
544 2842 641 2883 gives
664 2851 759 2873 some
783 2840 862 2872 idea
886 2840 922 2872 of

155 2886 202 2918 its
233 2888 405 2917 contents.
460 2885 533 2916 The
563 2886 663 2917 Deau
694 2884 730 2916 of
760 2884 921 2922 Mechlin,

155 2929 212 2961 Jo.
248 2929 420 2970 Robbyns
455 2928 533 2969 (Ep.
568 2930 662 2969 805),
697 2927 783 2960 with
817 2927 923 2959 Gilles

156 2972 343 3005 Busleiden
368 2972 447 3014 (Ep.
472 2973 553 3012 686)
579 2972 648 3004 had
671 2974 772 3013 great
794 2971 924 3013 weight

155 3019 192 3049 in
219 3015 280 3048 the
308 3019 554 3058 management
581 3015 617 3047 of
644 3015 705 3048 the
732 3014 922 3056 Collegium

158 3059 330 3101 trilingue.

1034 2678 1104 2708 199.
1130 2667 1213 2707 fido]
1225 2677 1268 2699 sc.
1284 2670 1357 2698 tua.

1030 2719 1102 2751 205.
1127 2710 1263 2750 literas]
1282 2710 1345 2751 Ep.
1370 2712 1462 2750 1388.

1071 2754 1281 2793 Antonium]
1298 2754 1361 2786 See
1378 2753 1442 2794 Ep.
1467 2755 1558 2795 1388.
1584 2757 1657 2787 1811.

1029 2807 1102 2838 207.
1129 2797 1370 2838 Paschasium]
1389 2796 1440 2829 Cf.
1460 2796 1482 2828 l.
1504 2807 1583 2835 2011.

1028 2851 1100 2872 211.
1127 2840 1271 2882 Augebo
1287 2839 1510 2883 Catalogum]
1525 2841 1597 2873 The
1613 2842 1696 2874 date
1711 2846 1751 2875 at

982 2884 1094 2916 which
1116 2884 1186 2916 this
1208 2884 1335 2916 second
1357 2884 1490 2916 edition
1512 2884 1549 2916 of
1569 2883 1645 2917 cat.
1667 2885 1747 2918 Luc.

982 2928 1035 2966 (1),
1063 2928 1158 2969 Sept.
1191 2936 1286 2968 1524,
1313 2938 1383 2959 was
1409 2927 1640 2966 undertaken,
1667 2939 1750 2970 may

982 2971 1025 3003 be
1048 2971 1198 3004 inferi-cd
1221 2971 1312 3003 from
1336 2971 1397 3003 the
1421 2971 1577 3004 mention
1600 2972 1637 3004 in
1660 2973 1690 3004 it
1715 2974 1750 3003 of

982 3014 1047 3055 Ep.
1070 3016 1156 3055 1460
1172 3015 1219 3056 (p.
1239 3024 1290 3056 39.
1309 3016 1378 3054 29).
1699 3062 1704 3064 ἡ

1028 3066 1101 3097 214.
1128 3058 1283 3098 mittero]
1300 3057 1453 3099 Perhaps
1471 3059 1513 3091 cf.
1537 3059 1597 3102 ΕΡ.
1624 3064 1716 3102 1430.

1769 495 1832 527 180

1770 768 1829 808 185

1771 1046 1832 1079 190

1771 1319 1830 1351 195

1768 1591 1833 1614 200

1768 1862 1829 1894 205

1769 2134 1833 2156 210
