2012 3370
110 158 233 209 1333]
678 153 751 194 To
781 151 1127 193 FERDINAND
1622 147 1696 186 171

108 267 328 318 plerosque
358 264 591 305 refrixerat.
649 262 742 310 Quo
772 263 905 314 magis
935 263 1131 301 omnibus
1160 261 1313 301 studiis
1342 256 1622 299 adnitendum
1652 259 1702 294 vt
1722 268 1785 303 325

106 321 337 373 igniculum
362 319 481 358 illum
504 330 580 369 pro
606 329 684 356 sua
709 317 887 367 quisque
910 317 1021 355 virili
1047 320 1349 367 dvagmvaffipcw,
1376 325 1504 364 quem
1530 314 1703 361 aeterna

107 376 265 415 veritas
281 374 488 413 Dominus
504 374 648 411 noster
664 370 781 409 Iesus
798 371 914 409 misit
929 371 973 409 in
989 375 1146 410 terram
1167 383 1175 417 ;
1208 383 1284 409 nec
1302 367 1417 408 aliud
1433 369 1558 418 optat
1574 376 1703 415 quam

108 429 380 469 vehementer
405 426 590 472 accendi,
618 438 748 476 quam
774 425 978 464 latissime
1004 429 1234 477 vagantem
1261 423 1404 463 omnia
1430 420 1649 470 corripere.

162 483 214 522 In
246 482 433 522 moribus
463 480 591 520 seculi
622 484 713 518 tam
747 480 968 530 corruptis,
1001 480 1046 518 in
1077 480 1211 518 tantis
1243 477 1490 529 opinionum
1523 472 1706 513 dissidiis

107 538 262 589 quibus
283 549 396 576 nunc
418 535 648 574 miscentur
669 533 825 579 omnia,
849 546 934 584 quo
957 534 1100 584 potius
1122 531 1451 584 confugiendum
1474 532 1538 568 est
1560 539 1704 578 quam,
1725 539 1792 573 330

107 591 224 643 quod
246 595 358 631 recte
382 593 527 629 monet
549 588 674 627 diuus
698 587 898 634 Hilarius,
924 587 979 626 ad
1002 587 1247 638 purissimos
1271 586 1440 625 diuinae
1464 583 1707 633 Scripturae

106 646 261 693 fontes,
297 656 477 696 quorum
512 642 737 694 purissima
771 645 815 680 et
848 641 1132 680 illibatissima
1166 654 1264 692 pars
1299 643 1400 679 sunt
1435 635 1704 688 Euangelia?

107 700 256 751 Neque
282 712 381 738 vero
408 697 536 737 debet
561 695 800 735 monarchis
825 695 905 734 hoc
931 696 1101 734 nomine
1127 698 1373 746 suspectum
1399 706 1488 732 esse
1514 691 1706 740 Euange-

107 754 224 800 lium,
247 753 376 805 quod,
393 756 443 791 vt
464 750 639 803 quidam
660 750 875 796 iactitant,
899 749 1121 788 seditiosos
1142 749 1296 788 reddat
1318 760 1388 786 eos
1410 759 1517 797 quos
1537 746 1708 796 oportet

107 808 367 859 principibus
401 806 516 845 dicto
551 805 771 844 audientes
806 816 922 843 esse:
973 804 1058 842 imo
1092 802 1353 854 principibus
1387 801 1467 840 hoc
1501 801 1707 850 praestat,
1727 810 1789 844 335

107 866 157 901 vt
188 875 265 913 pro
298 861 492 912 tyrannis
525 860 611 898 sint
643 859 732 897 Veri
764 859 987 909 principes,
1022 862 1066 896 et
1098 857 1255 909 populo
1289 858 1481 907 praestat
1513 857 1563 892 vt
1595 852 1707 891 bono

107 915 286 968 principi
306 915 507 954 libentius
529 914 808 965 obtemperet,
831 925 983 964 parum
1005 911 1276 951 commodum
1298 909 1561 949 mansuetius
1583 907 1707 946 ierat.

108 971 301 1021 Denique
326 982 413 1008 non
438 968 566 1008 debet
592 967 824 1018 Euangelio
850 967 961 1006 verti
979 967 1102 1014 vicio,
1124 967 1159 1005 si
1185 966 1279 1017 quis
1305 978 1349 1004 re
1375 976 1449 1015 per
1475 976 1519 1001 se
1545 961 1710 1013 optima

108 1038 194 1063 non
223 1024 384 1075 optime
414 1027 576 1062 Vtatur.
633 1022 755 1061 Pacis
785 1020 1065 1072 Euangelium
1096 1021 1264 1067 dicitur,
1295 1019 1480 1071 primum
1510 1017 1602 1055 Deo
1631 1027 1709 1054 nos

108 1078 394 1125 reconcilians,
425 1076 577 1116 deinde
605 1089 682 1115 nos
711 1076 822 1114 inter
850 1088 928 1114 nos
956 1079 1109 1114 mutua
1138 1074 1363 1114 concordia
1392 1071 1608 1123 copulans.
1665 1069 1792 1115 81340

109 1133 203 1184 quis
241 1133 287 1171 in
325 1133 437 1171 hunc
476 1130 662 1182 lapidem
700 1130 936 1181 impegerit,
977 1130 1057 1169 sibi
1095 1130 1295 1181 imputet,
1335 1140 1422 1166 non
1461 1123 1708 1176 Euangeli0.

108 1187 237 1227 Nulla
265 1187 330 1225 vis
358 1190 424 1225 est
452 1186 686 1231 hominum,
716 1184 880 1223 nullum
908 1184 1137 1235 ingenium,
1167 1183 1285 1222 nulla
1314 1180 1570 1233 conspiratio
1599 1191 1708 1230 quae

109 1242 335 1281 veritatem
361 1239 663 1291 Euangelicam
688 1239 823 1290 possit
848 1239 1097 1289 opprimere,
1124 1243 1219 1277 tum
1245 1237 1514 1289 potissimum
1540 1245 1708 1273 exeren-

109 1299 197 1335 tem
219 1308 308 1334 sese
329 1307 463 1345 quum
484 1294 669 1332 maxime
691 1293 910 1344 premitur.

162 1349 245 1390 Sed
272 1349 385 1388 hisce
413 1348 466 1387 de
492 1347 618 1386 rebus
646 1360 792 1386 vereor
819 1360 872 1385 ne
898 1347 984 1385 iam
1013 1346 1108 1397 plus
1135 1346 1239 1384 satis
1267 1345 1430 1384 dictum
1459 1343 1527 1382 sit.
1584 1342 1709 1381 Nunc
1729 1353 1792 1388 345

108 1417 193 1455 quo
216 1403 373 1442 maiore
396 1415 492 1442 cum
514 1401 657 1441 fructu
678 1401 856 1452 legatur,
881 1400 932 1439 de
955 1401 1116 1439 autoris
1139 1399 1311 1439 consilio
1333 1411 1471 1450 pauca
1491 1397 1710 1447 loquutus,

109 1458 236 1497 finem
273 1457 442 1496 faciam.
500 1456 606 1496 Cum
643 1456 736 1494 vita
772 1455 1051 1506 doctrinaque
1088 1454 1262 1493 Domini
1298 1453 1396 1492 Iesu
1434 1451 1590 1492 Christi
1625 1450 1711 1488 iam

110 1512 411 1564 Apostolorum
444 1510 761 1563 praedicatione
794 1523 842 1548 ac
877 1513 1139 1548 caeterorum
1174 1507 1546 1559 Euangelistarum
1579 1504 1712 1543 literis

108 1567 195 1606 late
228 1579 303 1618 per
336 1566 481 1605 orbem
515 1568 626 1604 esset
654 1564 888 1615 diuulgata,
920 1563 1101 1603 Ioannes
1134 1563 1203 1602 ille
1237 1562 1335 1602 Iesu
1369 1574 1511 1601 amore
1544 1558 1711 1605 nobilis,

109 1625 348 1673 postremus
368 1620 558 1659 omnium
577 1619 657 1658 hoc
677 1618 957 1670 Euangelium
976 1618 1246 1657 scribendum
1265 1617 1452 1667 suscepit
1471 1628 1480 1654 :
1516 1627 1602 1653 non
1621 1617 1712 1652 tam
1731 1626 1796 1661 350

111 1680 160 1715 vt
198 1674 500 1726 Euangelicam
538 1678 703 1713 texeret
741 1673 976 1719 historiam,
1017 1685 1147 1724 quam
1186 1676 1237 1711 vt
1275 1670 1487 1722 quaedam
1526 1669 1581 1708 ab
1620 1667 1712 1706 aliis

111 1729 394 1781 Euangelistis
432 1728 729 1779 praetermissa
766 1727 994 1779 suppleret,
1034 1740 1167 1778 quum
1205 1739 1292 1765 non
1328 1725 1502 1776 indigna
1540 1723 1713 1774 cognitu

112 1784 369 1824 viderentur.
427 1783 705 1834 Praecipuam
733 1786 879 1821 autem
907 1794 1079 1820 causam
1110 1781 1238 1819 fuisse
1275 1783 1435 1831 putant
1469 1790 1579 1829 quur
1612 1776 1710 1815 scri·

112 1839 244 1890 pserit
277 1839 356 1877 hoc
386 1837 680 1888 Euangelium,
711 1840 761 1875 vt
790 1836 945 1875 Christi
973 1835 1246 1874 diuinitatem
1276 1836 1480 1872 assereret
1509 1831 1711 1870 aduersus

112 1894 315 1940 haereses,
352 1892 438 1931 iam
474 1895 569 1931 tum
605 1890 739 1930 Veluti
775 1890 932 1929 malam
968 1890 1174 1928 zizaniam
1209 1890 1254 1928 in
1290 1889 1403 1927 bona
1438 1890 1578 1938 segete
1613 1897 1710 1935 sup·
1732 1897 1795 1932 355

112 1947 422 1998 pullulantem:
468 1946 542 1985 sed
570 1945 795 1996 praecipue
825 1944 1191 1984 Cerinthianorum
1222 1947 1266 1982 et
1295 1942 1607 1987 Ebionitarum,
1639 1939 1713 1990 qui

112 2005 280 2052 praeter
313 2001 417 2040 alios
450 2012 608 2040 errores
641 1999 854 2038 docebant
887 1998 1101 2038 Christum
1135 1997 1240 2037 nihil
1273 1996 1389 2036 aliud
1421 1995 1550 2034 fuisse
1583 2006 1713 2046 quam

114 2056 341 2101 hominem,
380 2068 457 2093 nec
495 2054 667 2093 omnino
705 2053 834 2092 fuisse
871 2054 987 2104 prius
1025 2065 1155 2104 quam
1194 2052 1246 2091 de
1283 2051 1418 2090 Maria
1455 2052 1712 2089 nasceretur.

114 2109 383 2161 Expediebat
412 2112 556 2148 autem
585 2109 629 2146 in
659 2108 804 2159 primis
834 2111 884 2146 vt
913 2107 1024 2146 orbis
1055 2107 1180 2146 sciret
1209 2110 1253 2145 et
1282 2105 1470 2145 crederet
1499 2103 1713 2144 Christum

114 2164 296 2203 eundem
337 2167 381 2203 et
422 2176 570 2202 verum
612 2162 750 2201 Deum
793 2165 836 2201 et
877 2174 1025 2201 verum
1068 2161 1282 2200 hominem
1324 2160 1465 2199 fuisse.
1525 2158 1714 2205 Quorum
1735 2165 1801 2203 360

114 2219 322 2269 posterius
341 2217 525 2269 primum
545 2216 600 2256 ad
619 2229 805 2256 amorem
824 2216 1044 2255 hominum
1063 2216 1108 2254 in
1124 2215 1244 2254 illum
1264 2213 1538 2254 excitandum
1557 2212 1716 2251 facit-—

113 2272 314 2312 libentius
343 2272 455 2311 enim
484 2284 676 2310 amamus
705 2271 827 2310 nobis
857 2274 1105 2322 cognata—,
1137 2269 1288 2309 deinde
1317 2267 1511 2308 stimulos
1540 2267 1595 2305 ad
1623 2266 1714 2304 imi-

115 2327 296 2366 tandum
333 2327 512 2366 acriores
549 2325 732 2365 subiicit.
792 2325 893 2372 Quis
930 2325 1042 2364 enim
1078 2328 1254 2364 conetur
1283 2323 1487 2362 aemulari
1516 2320 1631 2372 quod
1661 2319 1715 2358 ab

116 2381 263 2433 angelo
285 2394 360 2432 per
382 2381 563 2432 speciem
586 2380 726 2427 mod0,
750 2392 836 2418 non
858 2379 989 2418 etiam
1011 2392 1122 2426 vere,
1146 2383 1313 2430 gestum
1336 2381 1446 2417 esset
1466 2380 1481 2414 ⁸?

169 2436 314 2482 Porro,
343 2435 545 2486 quoniam
574 2438 625 2473 vt
652 2438 753 2473 sunt
781 2434 915 2472 ardua
943 2447 1053 2485 quae
1080 2433 1300 2484 praecipit,
1331 2433 1393 2470 ita
1421 2442 1588 2469 summa
1615 2431 1718 2467 sunt
1736 2435 1799 2475 365

115 2503 225 2541 quae
250 2490 478 2541 promittit,
505 2489 732 2540 oportebat
756 2501 843 2527 non
866 2488 1049 2539 ignorari
1074 2488 1263 2526 diuinam
1290 2485 1476 2525 ciusdem
1502 2488 1716 2529 naturam,

116 2549 166 2584 vt
196 2544 459 2584 confidamus
488 2543 607 2582 illum
638 2542 754 2582 haud
784 2542 911 2582 dubie
942 2542 1150 2594 praesidio
1181 2542 1375 2580 futurum
1406 2539 1491 2578 suis
1522 2550 1628 2589 quos
1658 2538 1717 2575 sic

117 2599 294 2645 dilexit3
342 2612 418 2637 nec
450 2598 755 2637 frustraturum
787 2597 831 2635 in
863 2597 1092 2648 promissis,
1126 2596 1199 2647 qui
1231 2594 1434 2646 quicquid
1466 2592 1574 2638 vult,
1607 2596 1717 2630 nutu

117 2654 252 2704 possit
305 2653 478 2691 efficere.
536 2652 777 2702 Superiores
832 2655 977 2690 autcm
1032 2650 1330 2701 Euangelis‘tae
1384 2648 1436 2686 de
1491 2646 1717 2685 diuinitate

118 2706 291 2746 Domini
315 2706 411 2745 Iesu
435 2719 542 2757 peno
566 2706 669 2744 nihil
695 2706 940 2755 attigerant.
998 2705 1108 2743 Nam
1134 2705 1243 2742 hanc
1269 2703 1418 2754 opinor
1442 2714 1530 2740 cssc
1555 2701 1716 2751 sapien·
1737 2713 1803 2747 370

118 2762 224 2801 tiam
252 2774 382 2812 quam
409 2760 566 2799 Paulus
593 2760 848 2810 loquebatur
874 2760 985 2798 intcr
1011 2759 1244 2810 perfectos3
1280 2758 1390 2796 inter
1409 2760 1596 2795 caeteros
1615 2754 1721 2793 nihil

314 2854 387 2885 355.
414 2841 525 2873 veluti
542 2844 599 2871 αεθ
615 2853 623 2874 ι
654 2840 752 2873 velut
770 2839 827 2879 δζι.
965 2843 1038 2881 362.
1065 2842 1214 2881 cognata
1230 2839 1271 2872 βδ
1288 2849 1295 2869 ε
1328 2837 1467 2879 cognita
1484 2849 1538 2876 α-γ.

166 2963 239 2995 341.
264 2949 462 2994 impegerit]
480 2950 531 2983 Cf.
553 2950 654 2981 Prov.
669 2959 699 2990 3.
714 2959 768 2989 23,
782 2948 884 2980 Matt.
999 2948 1076 2986 65n.

120 3006 153 3037 4.
169 2998 203 3034 6,
222 2996 318 3028 Luke
333 3006 366 3036 4.
388 3005 400 3027 1
411 3004 437 3027 1.
1043 2987 1303 3028 Ebionitarum]
1319 2988 1381 3021 See
1396 2988 1461 3030 Ep.
1481 2989 1575 3020 1260.
1594 2998 1690 3021 212n.

167 3043 240 3082 356.
266 3035 582 3076 Cerinthianorum]
612 3037 674 3070 See
698 3036 762 3078 Ep.
792 3045 884 3077 1232.
1000 3045 1072 3077 371.
1099 3031 1243 3072 Paulus]
1263 3042 1274 3064 1
1295 3032 1370 3065 Cor.
1388 3042 1419 3064 2.
1435 3033 1457 3063 6
1473 3030 1543 3063 and
1559 3041 1590 3063 2.
