2012 3370
144 451 184 473 20

142 721 180 752 25

142 993 183 1024 30

203 161 283 199 526
679 158 934 197 LETTERS
965 158 1037 197 or
1067 157 1331 199 ER-ASMUS
1683 163 1806 210 [1524

204 280 271 306 me
299 268 559 306 conductum
588 271 664 304 aut
692 264 854 316 aliquid
882 269 1125 312 venantem,
1155 266 1199 304 in
1227 267 1409 318 gratiam
1438 267 1677 318 principum
1705 267 1808 305 haes-

203 321 396 361 scribere.
446 319 601 371 Itaque
619 324 664 359 et
683 319 799 371 operi
817 318 1096 358 detraxissem
1117 319 1258 368 fidem,
1280 325 1325 360 et
1348 321 1559 360 iritassem
1585 320 1810 361 crabrones

204 377 308 415 satis
345 388 422 414 sua
458 378 610 425 sponte
646 374 934 413 insanienteis.
986 373 1159 426 Absque
1196 376 1396 414 conuiciis
1431 388 1521 414 rem
1556 379 1710 422 tracto,
1745 380 1807 424 vt,

203 431 237 470 si
260 430 321 469 illi
345 430 546 468 conuiciis
570 433 714 480 agant,
741 428 980 467 euidentius
1005 429 1061 468 sit
1085 442 1170 480 quo
1195 430 1346 480 spiritu
1371 434 1566 482 agantur.
1620 429 1719 469 Non
1743 443 1809 469 me

202 484 313 535 fugit
331 487 543 535 quantum
562 487 872 534 tempestatum
890 483 1112 522 excitarim
1129 484 1174 522 in
1192 488 1323 535 caput
1342 497 1496 523 meum.
1545 483 1627 523 Sed
1646 488 1809 523 certum

203 543 268 578 est
301 539 443 577 omnia
476 539 671 589 persequi
703 538 847 589 potius
880 549 1011 589 quam
1044 537 1145 576 dare
1176 551 1333 577 nomen
1365 539 1463 578 huic
1497 539 1808 578 conjurationi:

202 594 246 632 in
269 605 354 643 qua
377 592 502 631 video
526 591 684 631 multos
706 591 814 630 tales
837 595 887 631 vt
908 604 986 631 nec
1009 591 1221 631 Lutherus
1244 605 1314 631 eos
1337 592 1460 632 ferat.
1513 592 1811 644 Reppererunt

203 659 363 686 nouum
393 646 560 697 dogma,
594 650 643 685 vt
672 645 928 685 obsistentes
958 646 1192 698 Euangelio
1223 648 1297 696 (sic
1327 649 1439 686 enim
1468 645 1528 686 illi
1557 646 1808 698 loquuntur)

202 701 370 740 furiosis
408 714 457 740 ac
496 700 772 740 mendacibus
809 700 973 748 libellis,
1014 700 1175 752 absque
1212 701 1351 740 titulis
1389 705 1466 740 aut
1503 700 1620 740 falsis
1658 701 1809 749 titulis,

203 755 401 794 obruant.
457 755 633 794 Habent
659 768 756 795 suos
781 755 991 807 quosdam
1016 756 1321 807 typographos,
1350 755 1512 794 habent
1536 755 1811 795 distractores

202 809 299 848 huic
318 810 492 861 negocio
510 809 703 849 deuotos.
751 809 845 848 Iam
864 809 1028 861 aliquot
1046 810 1154 849 tales
1172 809 1301 849 libelli
1320 809 1600 862 prouolarunt
1617 811 1661 849 in
1680 814 1812 861 caput

202 876 358 911 meum,
386 868 565 916 expecto
590 863 782 915 quotidie
807 863 961 915 plures.
1016 863 1231 903 Admonui
1257 869 1404 904 tamen
1429 869 1627 904 senatum
1653 864 1809 916 Argen-

201 919 411 958 tinensem
431 923 475 958 et
495 918 769 958 Basiliensem
789 923 840 957 vt
858 918 1010 957 horum
1031 918 1278 958 sceleratam
1299 919 1523 958 audaciam
1544 919 1809 958 coherceant.

203 972 391 1024 Vterque
410 973 606 1024 promisit
626 986 669 1012 se
689 973 830 1024 digna.

256 1027 396 1066 Minus
411 1027 579 1066 illorum
596 1028 703 1066 sicas
718 1031 865 1066 metuo
881 1039 1011 1078 qua-m
1026 1026 1190 1066 libellos
1210 1041 1218 1065 :
1251 1027 1356 1066 nihil
1371 1027 1483 1066 enim
1499 1027 1664 1066 facilius
1681 1039 1811 1078 quam

203 1081 385 1133 quoduis
403 1082 560 1121 crimen
577 1083 621 1120 in
639 1082 853 1120 hominem
872 1080 1122 1132 confingere.
1168 1081 1284 1120 Nihil
1302 1085 1448 1120 autem
1465 1081 1530 1120 his
1547 1081 1812 1133 temporibus

202 1139 293 1174 tam
315 1135 586 1186 impudenter
610 1135 711 1187 fingi
733 1139 890 1186 potest,
915 1136 1019 1186 quin
1040 1136 1233 1175 inueniat
1257 1135 1461 1187 plurimos
1484 1137 1558 1187 qui
1580 1135 1810 1182 arrideant,

203 1189 258 1229 ob
272 1191 422 1228 insana
436 1191 624 1241 partium
640 1189 795 1229 studia.
840 1189 907 1228 Ab
922 1190 987 1228 his
1000 1190 1263 1241 intemperiis
1278 1202 1354 1228 nee
1369 1189 1588 1229 Pontificis
1603 1191 1812 1229 autoritas

143 1264 180 1296 35
202 1257 279 1283 nec
309 1243 497 1283 Caesaris
524 1248 717 1295 potestas
744 1257 822 1283 nos
850 1248 994 1295 potest
1021 1243 1259 1283 defendere.
1318 1244 1481 1283 Rursus
1509 1257 1559 1283 ea
1586 1249 1652 1283 est
1679 1257 1811 1295 quum

141 1537 185 1566 40

203 1302 322 1337 aetas
347 1298 464 1345 haec,
492 1302 587 1337 tum
613 1297 829 1346 valetudo,
858 1302 909 1337 vt
933 1311 1011 1337 nec
1037 1298 1189 1338 Caesar
1214 1311 1290 1337 nec
1317 1298 1518 1337 Pontifex
1543 1312 1610 1337 me
1636 1298 1811 1337 beatum

202 1351 376 1391 reddere
406 1356 550 1403 queat.
612 1352 811 1403 Quisquis
841 1352 954 1391 enim
983 1365 1097 1391 nunc
1126 1353 1421 1404 episcopatum
1451 1356 1529 1391 aut
1557 1352 1812 1404 dignitatem

204 1405 382 1452 dederit,
405 1406 511 1445 nihil
532 1405 649 1445 aliud
671 1406 836 1445 dederit
859 1418 989 1457 quam
1012 1407 1221 1445 sarcinam
1245 1419 1345 1446 mox
1367 1407 1611 1446 emorituro.
1664 1406 1812 1457 quue

205 1460 339 1510 magis
366 1459 649 1499 adnitendum
676 1464 742 1499 est
769 1460 872 1499 mihi
899 1464 950 1499 vt
976 1460 1056 1500 hac
1082 1461 1127 1499 in
1154 1473 1197 1499 re
1224 1473 1446 1512 synceram
1473 1464 1686 1512 praestem
1714 1473 1809 1499 eon-

204 1514 454 1553 scientiam:
500 1515 544 1553 in
574 1527 659 1565 quo
689 1515 824 1553 sciens
853 1527 939 1554 non
968 1513 1128 1554 fallam.
1190 1514 1313 1562 Quod
1343 1515 1378 1554 si
1408 1527 1505 1567 pars
1534 1519 1717 1566 Vtraque
1747 1516 1813 1553 ius

203 1581 328 1607 suum
358 1568 568 1607 mordicus
596 1569 707 1607 tueri
735 1574 897 1620 pergat,
929 1581 1075 1608 vereor
1103 1582 1156 1608 ne
1184 1569 1283 1609 talis
1312 1570 1473 1609 oriatur
1501 1582 1646 1621 pugna
1674 1568 1813 1620 qualis

252 1758 302 1787 17.
328 1748 556 1787 conductum]
579 1748 629 1780 Of.
656 1748 743 1790 Epp.
773 1756 865 1788 1459.
892 1757 969 1787 5411,
1040 1746 1311 1789 anonymously‚
1354 1747 1504 1780 eonsists
1543 1747 1580 1779 of
1624 1757 1659 1789 15
1704 1752 1813 1789 parts,

208 1801 301 1832 1477.
320 1795 351 1824 8.
1039 1790 1128 1822 each
1154 1791 1391 1834 representing
1421 1790 1482 1823 the
1510 1791 1750 1824 contribution
1778 1791 1815 1824 of

248 1845 301 1868 22.
327 1835 410 1868 dare
425 1834 568 1879 nomen]
584 1835 634 1867 Cf.
653 1835 717 1876 Ep.
740 1843 832 1874 1477.
850 1844 868 1866 2
873 1845 948 1875 3—4.
1040 1844 1106 1866 one
1131 1834 1359 1875 Bundtqnoss.
1407 1834 1490 1867 Two
1516 1835 1553 1867 of
1577 1834 1677 1867 these
1702 1838 1813 1876 parts,

293 1878 541 1918 coniurationi]
591 1878 643 1911 Cf.
696 1878 718 1910 l.
770 1886 849 1917 27n,
901 1877 968 1909 and
1040 1879 1061 1909 6
1081 1877 1152 1910 and
1177 1887 1227 1918 14,
1249 1888 1307 1911 are
1328 1878 1435 1910 based
1456 1888 1554 1920 upon
1572 1878 1645 1911 free
1664 1878 1811 1910 transla-

205 1923 270 1965 Ep.
291 1931 386 1964 1433.
406 1932 482 1955 1111.
1040 1922 1134 1953 tions
1162 1921 1199 1954 of
1225 1932 1390 1964 passages
1415 1921 1506 1954 from
1533 1921 1594 1955 the
1621 1922 1750 1960 Moria,
1776 1922 1813 1954 in

250 1975 302 2007 23.
327 1976 392 1999 nec
409 1965 600 2005 Lutherus]
618 1964 669 1998 Cf.
689 1965 755 2007 Ep.
779 1975 871 2006 1432.
895 1969 969 2006 5011.
1041 1965 1153 1997 which
1179 1965 1240 1998 the
1266 1965 1367 1998 friars
1393 1965 1464 1998 and
1490 1965 1552 1998 the
1577 1966 1813 2008 exaggerated

250 2011 302 2042 26.
328 2009 584 2052 typographos]
603 2008 664 2042 See
682 2008 738 2050 Ep
771 2017 864 2049 1477.
1042 2008 1193 2050 worship
1218 2009 1255 2041 of
1279 2009 1341 2041 the
1365 2009 1486 2042 Saints
1511 2019 1569 2041 are
1594 2009 1675 2041 held
1701 2019 1750 2050 up
1774 2013 1814 2041 to

249 2061 301 2092 27.
329 2051 451 2092 libelli]
487 2053 581 2086 Such
618 2063 657 2085 as
696 2051 870 2084 Brunfels’
912 2053 971 2083 Rc·
1041 2051 1185 2084 ridicule
1200 2064 1209 2090 3
1237 2053 1307 2085 and
1321 2052 1812 2086 in6Erasmusisdescribed

204 2096 342 2136 sponsio
357 2096 437 2138 (Ep.
454 2099 553 2137 1405)
567 2096 637 2128 and
651 2095 786 2128 Alber's
799 2096 974 2128 Iudicium
1042 2106 1080 2127 as
1105 2095 1113 2108 ⁸
1126 2096 1182 2128 ein
1204 2095 1297 2129 fiirst
1317 2095 1403 2128 aller
1421 2097 1578 2139 gelerten
1600 2107 1642 2128 zu
1664 2106 1811 2128 vnseren

206 2140 312 2182 (Epp.
339 2141 435 2180 1466.
458 2142 537 2177 2611,
564 2148 657 2179 1477.
679 2142 763 2179 4611)
781 2151 789 2177 ;
827 2149 883 2171 see
900 2139 973 2171 also
1043 2142 1148 2181 zyten
1163 2140 1184 2170 '.
1280 2139 1449 2177 Another,
1530 2141 1562 2177 8,
1642 2139 1813 2172 discusses

206 2182 272 2224 Ep.
308 2192 401 2224 1459.
434 2191 556 2223 25-30.
616 2182 659 2214 In
695 2182 756 2214 the
792 2181 894 2223 Apol.
931 2182 974 2214 acl
1046 2182 1053 2194 ⁵
1068 2183 1237 2215 Warumb
1282 2194 1364 2215 man
1408 2183 1487 2216 herr
1530 2183 1698 2215 Erasmus
1742 2193 1813 2215 von

205 2226 412 2259 Prodromon
444 2226 615 2264 Stum‘cae,
653 2235 734 2266 1522
771 2226 851 2265 (No.
884 2226 905 2257 6
939 2227 973 2256 iu
1043 2226 1259 2258 Roterodam
1285 2227 1322 2259 in
1349 2226 1522 2259 Teiitsche
1547 2226 1672 2268 sprach
1700 2230 1811 2258 trans-

206 2270 296 2311 App.
333 2278 370 2311 15
389 2280 397 2307 ;
443 2269 514 2301 LB.
554 2270 600 2301 ix.
641 2271 704 2310 378
722 2279 792 2301 13—1)
827 2269 897 2301 and
932 2280 973 2300 f-
1042 2269 1172 2301 feriert.
1219 2269 1388 2302 VVarumb
1419 2271 1543 2302 doctor
1573 2269 1706 2302 Luther
1739 2270 1812 2302 vnd

205 2321 271 2353 379
285 2315 321 2353 A)
358 2313 525 2345 Erasmus
561 2314 736 2345 mentions
770 2323 816 2345 an
851 2313 975 2345 attack
1043 2313 1122 2345 herr
1175 2312 1293 2345 Vlrich
1346 2324 1418 2345 von
1473 2314 1614 2346 Hutten
1669 2313 1811 2346 teiitsch

206 2356 296 2389 from
311 2356 372 2389 the
388 2356 490 2389 other
504 2356 589 2393 side,
606 2367 627 2388 a
645 2355 653 2368 ‘
667 2356 770 2389 Liber
785 2367 973 2398 congruen-
1042 2356 1201 2388 schriben
1217 2356 1238 2387 ⁵.
1291 2356 1343 2388 On
1369 2356 1428 2388 the
1455 2356 1638 2399 title-page
1665 2356 1701 2388 of
1725 2356 1811 2389 each

206 2402 337 2432 tiaruin
359 2399 537 2440 <between
558 2399 698 2432 himself
716 2400 786 2432 and
807 2399 960 2438 Luther>
1043 2400 1079 2431 of
1106 2399 1203 2432 these
1231 2399 1329 2432 three
1357 2405 1455 2441 parts
1481 2401 1510 2432 is
1537 2411 1559 2432 a
1586 2400 1749 2432 woodcut
1776 2400 1812 2432 of

207 2444 242 2475 in
263 2454 332 2485 quo
353 2443 474 2475 misere
494 2443 662 2475 sudatum
682 2447 735 2475 est
755 2454 774 2475 a
796 2443 974 2475 monachis
1042 2442 1187 2484 Metsys‘
1230 2442 1416 2475 medallion
1457 2443 1494 2475 of
1533 2443 1700 2476 Erasmus
1743 2444 1812 2483 (sec

208 2486 418 2528 quibusdam
444 2486 593 2518 Louanii
617 2491 654 2518 et
679 2486 841 2519 Coloniae
855 2486 877 2524 ’,
904 2486 974 2518 and
1043 2487 1109 2528 Ep.
1128 2495 1223 2525 1092.
1240 2489 1312 2526 211),
1329 2487 1393 2519 but
1407 2486 1492 2518 with
1506 2486 1567 2519 the
1581 2487 1664 2519 date
1678 2486 1812 2519 altered

206 2530 317 2562 which
336 2530 423 2572 they
441 2530 512 2562 had
531 2529 631 2566 tried,
652 2531 804 2562 without
826 2540 972 2563 success,
1043 2536 1081 2562 to
1100 2539 1235 2562 MDXXI.
1280 2530 1348 2562 For
1367 2530 1429 2562 the
1450 2530 1541 2563 book
1560 2540 1617 2562 see
1635 2530 1681 2562 M.
1704 2529 1809 2562 Radi-

207 2579 245 2605 to
267 2573 360 2606 force
383 2583 478 2614 upon
500 2573 703 2606 Aleander's
725 2574 864 2606 notice:
901 2573 974 2605 also
1042 2573 1170 2606 kofer's
1181 2573 1241 2605 life
1255 2573 1292 2605 of
1304 2573 1457 2610 Eberlin,
1472 2573 1696 2616 Nordlingen,
1715 2575 1810 2612 1887,

208 2627 228 2647 a
243 2615 251 2628 ‘
264 2620 519 2659 nugamentum
532 2616 735 2649 Germanice
747 2618 919 2659 scriptum
933 2618 974 2648 de
1044 2627 1091 2658 pp
1122 2618 1240 2656 11-46,
1258 2618 1366 2657 598-9
1382 2630 1390 2656 ;
1418 2617 1491 2649 also
1506 2617 1749 2649 dissertatione
1765 2617 1811 2658 by

208 2661 408 2697 coniuratis,
425 2661 517 2692 inter
533 2670 620 2702 quos
637 2661 752 2702 pictus
768 2671 808 2692 ac
825 2661 975 2702 scriptus·
1042 2662 1076 2693 J.
1118 2660 1161 2692 H.
1201 2660 1375 2697 Schmidt,
1412 2660 1563 2703 Leipzig,
1605 2668 1703 2699 1900,
1741 2661 1811 2692 and

208 2707 285 2735 erat
329 2703 507 2739 Erasmus,
553 2708 590 2736 et
633 2704 775 2745 quidem
821 2704 974 2736 secundo
1047 2704 1095 2737 W.
1144 2703 1273 2741 Lucke,
1321 2703 1436 2741 HaHe,
1487 2712 1582 2743 1902.
1654 2703 1812 2736 Another

208 2746 294 2778 loeo.
321 2771 328 2778 .
356 2771 363 2778 .
391 2771 398 2779 .
426 2746 598 2779 Libellum
621 2748 779 2779 nondum
803 2748 878 2780 vidi
913 2758 975 2779 nec
1043 2757 1263 2789 anonymous
1284 2747 1467 2788 pamphlet
1485 2748 1625 2790 against
1645 2747 1810 2780 Erasmus

209 2799 278 2830 quo
291 2790 338 2822 sit
350 2793 472 2822 autore
486 2794 592 2823 natus
605 2791 689 2823 noui
701 2790 721 2822 ³.
760 2791 832 2823 The
845 2791 977 2824 former
1044 2792 1072 2823 is
1089 2790 1279 2823 countered
1294 2792 1330 2822 in
1347 2790 1412 2832 Ep.
1434 2792 1529 2830 1469.

209 2832 246 2864 of
266 2832 364 2865 these
386 2832 404 2865 I
427 2837 558 2866 cannot
577 2834 752 2875 identify:
787 2834 849 2866 the
870 2834 978 2866 latter
1090 2835 1142 2866 28.
1168 2833 1472 2876 Argentinensem]
1500 2835 1564 2868 See
1591 2834 1681 2875 Epp.
1716 2843 1808 2874 1429,

209 2875 238 2906 is
290 2875 419 2917 clearly
470 2877 536 2909 Die
588 2889 631 2910 :cv
684 2877 974 2918 Bundtsqenossen
1050 2886 1143 2918 1477.

211 2917 345 2957 <Basia
389 2919 427 2951 P.
473 2919 718 2963 Gengenbach,
766 2929 845 2962 1521
866 2933 874 2959 ;
931 2921 975 2953 cf.
1091 2930 1142 2961 29.
1169 2919 1410 2960 Basiliensem]
1457 2921 1521 2954 See
1570 2920 1660 2962 Epp.
1714 2921 1809 2961 1508,

210 2960 283 2993 VE.
299 2962 385 3001 283>
402 2962 439 2995 of
450 2963 547 2995 John
562 2963 716 3001 Eberhn,
732 2975 753 2996 a
768 2964 977 2997 Franciscan
1049 2973 1144 3006 1510.
1166 2965 1263 3006 57-8.

211 3004 247 3036 of
270 3003 375 3041 Ulm;
413 3006 490 3037 who
514 3007 583 3038 had
607 3008 791 3039 embraced
815 3008 978 3041 Luther’s
1091 3008 1144 3048 38.
1170 3007 1358 3046 sarcinam]
1386 3007 1437 3040 Of.
1470 3008 1559 3049 Epp.
1601 3008 1692 3045 1484.
1727 3016 1809 3047 4-7.

212 3047 406 3089 principles.
495 3049 559 3080 His
625 3050 726 3087 book.
794 3051 977 3092 published
1051 3052 1143 3090 1488.
1164 3060 1218 3089 20,
1242 3059 1334 3092 1523.
1358 3052 1431 3092 183,
1453 3053 1545 3091 1526.
1565 3060 1619 3091 91.
