2012 3370
192 743 231 765 10

190 1289 233 1310 ΔΟ

192 1830 235 1861 30

193 2102 230 2134 35

244 128 322 166 348
718 128 973 169 LETTERS
1004 129 1076 169 or
1106 129 1370 171 ERASMUS
1721 131 1844 180 [1523

299 237 364 286 <S.
424 237 530 276 Vere
560 239 676 288 pium
713 238 841 275 animi
874 239 955 276 mei
984 251 1086 289 erga
1118 243 1161 277 te
1192 239 1393 278 affectum
1424 238 1676 290 iampridem
1709 240 1846 290 volui>

246 292 552 342 significatione
586 291 729 342 aliqua
762 296 971 330 testatum
1005 292 1178 332 reddere
1199 307 1206 339 ;
1257 294 1371 345 quod
1405 306 1502 332 cum
1536 293 1609 332 diu
1643 298 1844 344 negatum

248 346 350 384 mihi
368 345 518 384 fuisset
535 359 621 384 non
638 346 794 385 oblatis
811 346 973 385 idoneis
991 348 1294 394 occasionibus,
1315 348 1430 386 haud
1448 348 1534 386 scio
1552 347 1668 398 quod
1686 360 1844 386 nouum

249 401 400 438 vitium
419 399 681 439 interciderit
698 413 893 439 successu
910 402 1126 452 temporis,
1146 406 1196 441 vt
1213 403 1298 441 iam
1317 416 1402 441 non
1420 401 1642 441 ostendere
1659 405 1845 440 veterem

248 455 290 493 in
315 458 358 492 te
382 467 583 501 amorem,
609 454 682 493 sed
706 456 985 506 suspitionem
1010 457 1111 495 noui
1135 457 1355 495 cuiusdam
1380 456 1543 495 dissidii
1565 455 1707 494 leuare
1731 457 1847 507 prius

248 508 459 547 haberem.
506 508 695 548 Tametsi
711 510 824 548 enim
840 511 884 548 in
900 523 950 548 ea
965 511 1146 561 epistola
1161 524 1289 562 quam
1308 511 1511 562 scripsisti
1528 510 1584 549 ad
1600 509 1846 549 Laurinium

247 562 462 601 aduersari
484 562 719 610 videamur,
743 564 946 603 Erasmus
966 569 1011 603 et
1032 565 1301 604 Lutheranus
1321 570 1435 612 tuus,
1458 577 1596 616 neque
1617 577 1685 603 me
1705 564 1849 616 aliqua

248 630 298 656 cx
317 621 439 668 parte
457 630 726 657 commoneas
742 619 829 658 tuis
845 618 1221 670 disputationibus,
1241 620 1338 659 volo
1355 624 1501 659 tamen
1517 618 1728 670 intelligas
1745 618 1848 658 nihil

248 671 300 710 de
320 684 415 711 meo
435 672 578 711 animo
597 685 697 724 erga
715 677 759 711 te
778 674 1054 712 imminutum
1073 687 1175 713 esse.
1225 674 1292 714 Sic
1312 678 1356 713 te
1376 674 1517 726 diligo,
1540 678 1590 712 vt
1609 686 1695 724 quo
1715 674 1849 724 magis

247 739 273 765 a
295 738 396 765 vero
419 726 647 766 Christiani
671 727 852 766 hominis
874 741 998 767 sensu
1021 729 1243 779 officioque
1265 729 1507 775 abhorreas,
1531 729 1565 766 si
1589 727 1847 772 abhorreres,

248 794 297 818 eo
318 780 634 820 vehementiore
653 781 880 821 aduersum
900 786 944 821 te
964 782 1186 833 desyderio
1206 784 1377 822 afficiar.

302 834 532 874 Rationem
553 836 634 875 tibi
654 836 878 875 reddidero
899 837 1024 875 huius
1046 838 1151 883 voti,
1175 838 1208 876 si
1231 837 1333 888 quid
1357 838 1537 876 miratus
1557 838 1686 876 istam
1708 849 1785 888 pro
1807 840 1851 875 te

247 888 560 929 solicitudinem
584 891 781 929 inuitaris
806 904 872 929 me
897 891 1051 930 denuo.
1105 891 1217 930 Nam
1243 892 1310 930 vel
1336 893 1400 930 tui
1425 904 1554 931 causa
1578 892 1722 942 potius
1747 890 1850 930 mihi

249 947 342 982 erat
365 945 545 995 priuatis
568 945 757 996 epistolis
780 949 923 984 tecum
948 958 1070 996 agere
1093 958 1224 996 quam
1247 947 1292 984 in
1315 945 1420 985 foro.
1474 946 1660 993 Videbis,
1687 946 1848 997 opinor,

213 1016 226 1047 ς
248 1011 334 1037 11011
358 999 465 1037 vitio
489 999 738 1038 vertendam
764 1000 868 1038 mihi
889 999 1019 1038 fuisse
1042 1000 1321 1039 ambitionem
1344 1013 1484 1040 meam
1507 1013 1638 1051 quam
1662 1012 1848 1046 accusas,

248 1065 386 1103 neque
406 1053 591 1103 aliquem
611 1066 764 1092 vocare
783 1067 861 1092 nos
881 1054 936 1092 ad
957 1055 1147 1093 conuitia
1165 1058 1352 1102 tantum,
1373 1055 1448 1094 sed
1467 1054 1524 1094 ad
1544 1053 1848 1094 confessionem

250 1108 394 1157 potius
429 1107 607 1146 collatae
644 1108 688 1146 in
725 1121 802 1147 nos
839 1108 983 1147 diuine
1018 1108 1334 1149 beneficentiae.
1397 1109 1479 1150 Sed
1513 1122 1566 1148 ne
1598 1109 1643 1148 id
1677 1108 1848 1160 quidem

249 1161 472 1200 hortamur
499 1175 632 1213 pure;
677 1163 773 1213 quis
801 1163 913 1201 enim
942 1163 1128 1214 periculo
1156 1177 1200 1202 se
1228 1168 1418 1215 exponat
1445 1177 1543 1203 cum
1570 1163 1851 1202 facultatibus

250 1216 348 1262 suis,
371 1216 405 1254 si
425 1217 589 1255 nesciat
608 1221 783 1268 propter
802 1230 932 1268 quam
954 1231 1147 1257 caussam
1169 1224 1184 1256 Υ
1235 1219 1373 1258 Causa
1393 1222 1538 1258 autem
1558 1222 1624 1257 est
1644 1217 1699 1257 ad
1720 1230 1849 1269 quam

252 1283 327 1309 vos
357 1274 584 1322 tantopere
613 1284 892 1319 reuocamus,
940 1285 1051 1323 quae
1080 1274 1115 1312 si
1143 1274 1236 1324 ipsa
1263 1272 1387 1312 nobis
1414 1286 1501 1312 non
1529 1272 1698 1312 diuersa
1725 1275 1849 1318 esset,

250 1324 407 1364 nedum
443 1325 595 1376 agendi
630 1326 794 1373 modus,
831 1326 991 1365 frustra
1021 1327 1075 1365 de
1105 1331 1148 1366 te
1179 1328 1329 1379 tuique
1359 1327 1566 1367 similibus
1597 1328 1656 1366 sic
1686 1326 1848 1366 labora-

250 1391 404 1418 remus.

306 1433 443 1485 Igitur
471 1433 548 1473 soli
576 1435 801 1485 sapimus?
849 1434 925 1474 soli
954 1448 1031 1475 nos
1059 1435 1170 1488 frugi
1198 1437 1375 1488 sanique
1403 1438 1586 1476 sumus?
1645 1436 1742 1475 Non
1771 1435 1851 1475 hoc

251 1488 428 1538 agimus,
444 1488 518 1527 sed
531 1488 636 1527 illud
650 1490 807 1540 potius,
823 1493 873 1528 vt
886 1490 1063 1529 credant
1077 1504 1126 1530 ac
1140 1492 1293 1530 viuant
1306 1491 1377 1530 alii
1391 1504 1574 1542 quoque,
1591 1490 1851 1542 credantque

192 1560 208 1569 0
250 1546 295 1581 et
310 1543 462 1581 viuant
477 1556 527 1581 ea
540 1544 718 1590 ratione,
735 1557 866 1594 quam
881 1545 955 1595 qui
969 1545 1199 1596 repudiant
1212 1559 1265 1584 ne
1280 1545 1508 1584 Christiani
1523 1544 1721 1584 censendi
1735 1549 1849 1584 sunt.

252 1595 303 1634 Id
342 1609 439 1635 cum
479 1610 554 1648 pro
593 1597 834 1637 Christiana
871 1599 1145 1650 simplicitate
1183 1599 1329 1639 sedulo
1367 1612 1667 1651 promouemus
1704 1599 1852 1638 inuitis

251 1650 516 1698 aduersariis,
556 1651 696 1690 adhuc
732 1653 855 1691 nobis
891 1654 1179 1704 arrogantiam
1222 1667 1271 1693 ac
1314 1654 1586 1693 virulentiam
1630 1653 1849 1693 obiiciunt.

251 1704 550 1757 Arrogantiam
567 1705 691 1752 forte,
711 1706 827 1757 quod
842 1707 1061 1746 mundana
1076 1709 1388 1747 contemnimus
1407 1722 1414 1755 ;
1450 1708 1723 1747 virulentiam
1738 1707 1852 1759 quod

251 1759 508 1810 quibusdam
524 1772 601 1799 sua
616 1761 867 1811 compendia
881 1761 1105 1801 inficimus.
1149 1762 1217 1802 Sic
1232 1764 1344 1802 enim
1359 1763 1549 1814 intelligo
1563 1763 1677 1802 huno
1690 1762 1851 1802 fastum

252 1818 296 1853 et
326 1813 430 1853 haec
460 1827 636 1853 venena.
691 1815 768 1862 Tu,
802 1816 860 1854 mi
891 1815 1319 1869 obseruandiss<ime>
1349 1818 1538 1865 Erasme,
1568 1818 1600 1856 si
1632 1830 1700 1856 me
1729 1816 1853 1856 aliter

252 1867 401 1908 docere
421 1868 760 1920 potes,‘libenter
786 1870 972 1909 audiam.
1022 1871 1090 1910 Me
1109 1885 1331 1923 nunquam
1358 1872 1520 1924 pigebit
1546 1871 1614 1911 vel
1637 1872 1850 1924 propriam

252 1935 424 1962 causam
445 1923 512 1962 vel
529 1927 669 1962 totam
686 1924 863 1964 Lutheri
884 1925 1001 1976 apud
1023 1929 1066 1964 te
1087 1926 1384 1966 commendare
1405 1940 1412 1973 3
1447 1930 1656 1978 tuumque
1674 1927 1719 1965 in
1739 1938 1790 1965 ea
1808 1939 1852 1964 re

252 1977 454 2016 iuditium
474 1977 622 2025 feram,
645 1978 719 2018 sed
739 1980 799 2018 sic
818 1983 965 2019 tamen
986 1984 1036 2019 vt
1054 1981 1239 2020 iudicem
1259 1982 1458 2028 vicissim,
1481 1985 1612 2032 atque
1631 1981 1695 2020 ita
1722 1984 1772 2019 vt
1800 1993 1852 2019 ne

253 2031 473 2070 hominum
498 2033 736 2072 sententiae
765 2033 922 2073 diuinis
950 2035 1206 2074 testimoniis
1235 2035 1436 2075 officiant.
1487 2035 1640 2074 Valeat
1667 2034 1853 2086 dignitas

253 2090 342 2124 tua.
393 2086 676 2126 Commendat
697 2100 741 2126 se
763 2088 844 2127 tibi
866 2088 999 2127 frater
1022 2102 1141 2128 meus
1162 2103 1389 2141 germanus
1411 2089 1674 2128 Ambrosius.

305 2139 583 2179 Constantiae
606 2152 667 2179 xv
686 2141 763 2180 cal.
788 2142 978 2181 decemb.
1001 2154 1035 2182 Μ
1058 2155 1087 2182 D
1109 2155 1241 2183 XXIII.

1211 2199 1398 2238 Thomas
1427 2199 1655 2238 Blaurerus
1683 2203 1798 2238 tuus.

254 2330 289 2368 B
308 2275 624 2370 Lgudatissimo
668 2279 757 2317 seni
794 2278 847 2317 D.
887 2279 939 2318 D.
981 2280 1159 2319 Erasmo
1206 2280 1510 2326 Roterodamo,
1557 2279 1716 2318 fautori
1762 2292 1852 2318 suo.

292 2343 339 2369 as
372 2344 459 2370 eae.

255 2477 294 2508 Μ
299 2443 328 2509 ¹1SV
355 2434 454 2466 Deest
470 2435 514 2467 ad
532 2433 674 2467 initium
692 2445 777 2467 vnus
789 2434 860 2476 sere
878 2446 1014 2468 versus:
1037 2446 1132 2478 quem
1156 2435 1344 2478 qualiquali
1368 2436 1463 2468 modo
1487 2435 1628 2468 restitui.
1694 2438 1742 2469 18.
1768 2445 1853 2477 purex

299 2621 329 2647 o.
355 2614 518 2655 epistola]
533 2615 597 2657 Ep.
616 2624 709 2655 1342.
729 2624 791 2656 733
807 2625 877 2657 seq.
915 2615 1019 2648 Blau-
1136 2626 1185 2657 15.
1210 2614 1367 2653 accusas]
1387 2614 1401 2645 l
1421 2613 1466 2646 do
1482 2618 1545 2646 not
1563 2614 1664 2646 know
1684 2613 1804 2646 where.

256 2657 491 2689 reridentifies
503 2658 640 2690 himself
651 2659 737 2690 wit-h
751 2659 812 2691 the
824 2660 1021 2702 imaginary
1136 2670 1185 2699 19.
1211 2658 1337 2697 Causa]
1353 2668 1396 2689 sc.
1415 2658 1570 2690 Lutheri.

256 2701 446 2740 Lutheran,
474 2701 560 2733 with
587 2702 701 2734 whom
729 2703 896 2734 Erasmus
924 2703 1021 2735 there
1134 2713 1185 2735 20.
1210 2701 1363 2741 diuersa]
1378 2711 1423 2733 «sc.
1440 2712 1481 2733 ac
1498 2705 1537 2733 tu
1556 2701 1676 2733 credis.
1715 2701 1764 2734 Cf.
1785 2701 1851 2743 Ep.

255 2743 425 2776 discusses
445 2745 505 2776 the
524 2746 697 2786 question.
1093 2755 1184 2786 1342.
1205 2748 1326 2786 803—5.

305 2796 354 2826 13.
380 2787 509 2827 denuo]
535 2788 588 2821 Cf.
616 2790 679 2831 Ep.
717 2798 811 2830 1342.
840 2792 915 2831 761,
943 2792 1020 2830 778,
1133 2798 1185 2832 33.
1209 2788 1376 2828 iudicem]
1392 2788 1442 2821 Cf.
1460 2788 1525 2830 Ep.
1546 2798 1639 2828 1342.
1658 2791 1736 2828 817,
1755 2791 1832 2828 825,

260 2832 339 2868 816,
355 2840 434 2871 941.
1091 2835 1169 2874 874,
1187 2843 1315 2874 920—1‚
1332 2842 1413 2874 941,
1432 2833 1510 2873 980.
