2012 3370
122 137 245 188 1506]
519 135 591 175 TO
621 134 775 174 JOHN
805 132 1097 172 MATTHEW
1127 130 1366 172 GIBERTI
1640 130 1718 168 565

120 245 192 294 qui
225 242 394 282 videtur
426 241 712 280 atrocissimus
743 241 974 285 imminere,
1009 251 1210 290 quorsum
1243 239 1298 277 sit
1329 249 1533 276 euasurus
1564 236 1718 275 nescio.

122 298 211 349 Ego
243 302 388 335 tamen
420 297 562 335 onmia
592 294 754 345 perpeti
789 295 899 333 malo
931 306 1061 344 quam
1092 293 1164 331 isti
1195 292 1476 332 coniurationi
1508 289 1719 329 accedere.

123 351 219 390 Non
254 351 403 389 dubito
441 351 544 401 quin
577 349 617 388 S.
649 349 700 386 D.
732 348 783 386 N.
819 349 875 386 sit
912 361 1008 385 eum
1046 348 1236 386 animum
1273 346 1556 397 praestiturus
1593 356 1719 395 quem

121 405 224 445 mihi
255 404 476 456 pollicetur
506 404 550 442 in
581 416 658 441 3110
689 401 949 453 diplomate3
998 414 1074 452 ego
1107 402 1290 439 vicissim
1322 401 1380 439 sic
1412 399 1610 438 tractabo
1641 397 1721 437 hoc
1744 408 1780 429 10

123 460 341 511 negotium
379 463 427 496 vt
465 470 610 496 omnes
646 456 887 506 intelligant
925 468 991 493 me
1024 468 1110 493 non
1144 454 1326 493 defuisse
1364 467 1440 505 pro
1479 466 1574 492 mea
1611 451 1721 491 virili

122 513 332 552 Ecclesiae
361 511 615 552 Catholicae.
674 509 857 548 Libellus
886 509 937 547 de
966 509 1097 547 libero
1127 508 1302 547 arbitrio
1329 509 1415 547 iam
1445 507 1602 546 multos
1630 519 1720 558 per-

122 568 254 606 traxit
291 568 335 606 in
372 567 583 605 diuersam
621 565 890 609 sententiam,
930 564 1003 614 qui
1041 563 1287 601 Lutherano
1324 562 1515 613 dogmati
1552 561 1723 599 fuerant

122 621 412 660 addictissimi.
475 618 674 659 Studebis
707 618 747 657 S.
767 618 819 656 D.
839 617 892 656 N.
926 617 1117 655 fauorem
1149 618 1193 655 in
1226 629 1302 655 nos
1335 617 1420 655 tuis
1454 614 1721 654 commenda-

123 675 310 715 tionibus
340 687 518 726 augere3
565 673 637 724 qui
667 673 701 710 si
730 685 795 710 me
824 671 1048 717 destituat,
1083 670 1207 721 plane
1238 674 1396 708 memet
1421 671 1560 720 ipsum
1589 669 1723 708 obieci
1746 680 1779 710 15

122 730 298 769 rabiosis
333 727 650 767 dilacerandum
686 726 874 765 canibus.
939 724 1022 764 Sed
1058 725 1206 771 aderit,
1245 729 1295 763 vt
1329 737 1463 774 spero,
1502 723 1721 762 Christus:

122 785 240 823 cuius
260 783 415 834 gloriae
435 781 601 821 confido
621 780 662 820 S.
682 780 734 819 D.
754 780 806 818 N.
829 792 1004 830 syncero
1024 783 1195 830 pectore
1215 779 1484 817 seruiturum.

179 838 367 876 Primum
405 835 609 888 optabam
646 839 695 874 vt
732 834 810 873 hoc
848 833 1082 878 dissidium,
1121 832 1394 884 periculosius
1432 844 1562 882 quam
1600 829 1724 869 multi

122 891 378 943 intelligunt,
435 889 663 929 moderatis
716 887 954 927 rationibus
1009 890 1361 938 componeretur3
1431 898 1544 924 nunc
1600 884 1724 923 video

123 946 332 998 quosdam
356 945 480 984 huius
505 943 606 982 mali
630 943 758 981 duces
782 942 887 980 nihil
911 941 1027 980 aliud
1052 941 1188 981 moliri
1213 954 1343 992 quam
1368 953 1508 978 rerum
1534 939 1724 978 omnium
1741 951 1784 973 20

123 1000 426 1039 confusionem.
479 998 632 1049 Itaque
656 998 883 1036 necessitas
906 997 999 1047 ipsa
1023 1000 1144 1047 coget
1168 1000 1217 1034 vt
1240 995 1450 1046 principes
1473 993 1724 1032 seditionem

126 1056 166 1093 vi
205 1054 443 1093 cohibeant.
511 1052 591 1091 Hic
630 1051 742 1090 bona
780 1064 874 1102 spes
912 1055 977 1089 est
1014 1050 1241 1088 Clementis
1279 1050 1413 1088 nostri
1452 1047 1725 1099 prudentiam

124 1110 389 1160 prouisuram
416 1120 481 1153 ne,
510 1105 626 1158 quod
652 1105 895 1157 frequenter
922 1104 1090 1151 accidit,
1120 1104 1223 1142 dum
1250 1104 1324 1142 vni
1351 1102 1463 1142 malo
1489 1101 1723 1141 remedium

124 1163 390 1208 admonetur,
431 1163 474 1199 in
513 1160 628 1199 aliud
666 1161 918 1198 incurratur.
987 1158 1075 1198 Scis
1114 1171 1244 1209 quam
1283 1157 1408 1196 inulti
1446 1157 1532 1195 sint
1569 1160 1726 1195 natura

126 1217 237 1263 mali,
260 1229 366 1268 quos
387 1215 583 1254 facillime
606 1227 699 1265 spes
722 1214 903 1264 praedae
924 1212 1143 1264 pellexerit
1164 1212 1219 1251 ad
1240 1211 1488 1250 struendam
1510 1210 1727 1249 innocenti
1743 1224 1760 1246 ε
1768 1222 1782 1254 5

123 1271 392 1316 calumniam,
415 1282 558 1308 rursus
579 1282 685 1320 quos
707 1269 924 1320 priuatum
946 1267 1091 1306 odium
1112 1271 1157 1305 et
1177 1266 1404 1305 Vlciscendi
1424 1265 1556 1304 libido
1577 1264 1725 1303 eodem

124 1325 365 1376 perpulerit.
433 1324 511 1362 His
546 1336 632 1361 non
667 1328 732 1361 est
768 1321 996 1373 aperienda
1030 1321 1216 1360 fenestra
1252 1325 1301 1358 vt
1336 1321 1379 1358 in
1415 1320 1611 1358 innoxios
1647 1317 1726 1357 sub

125 1379 276 1418 vmbra
298 1377 504 1430 pontificii
526 1377 708 1416 nominis
728 1376 931 1422 insiliant,
957 1376 1000 1414 in
1020 1375 1233 1426 quoslibet
1249 1388 1301 1412 ex
1321 1373 1513 1425 qualibet
1532 1373 1615 1412 leui
1638 1385 1725 1411 sus-

123 1434 299 1484 picione.
356 1432 467 1471 Nam
495 1444 545 1470 ea
570 1444 635 1470 res
662 1435 931 1481 exasperaret
959 1429 1165 1468 inuidiam
1190 1428 1413 1468 Pontificio
1440 1427 1602 1467 nomini
1630 1439 1725 1465 con·

122 1488 302 1527 citatam
322 1499 330 1525 :
374 1485 491 1538 quod
517 1485 692 1537 expedit
718 1498 806 1523 esse
834 1496 965 1535 quam
992 1484 1345 1534 gratiosissimum
1366 1482 1481 1533 apud
1501 1494 1660 1527 01111103,
1683 1484 1727 1518 et
1745 1494 1788 1526 30

123 1555 199 1581 nos
223 1541 456 1580 adnitimur
479 1553 556 1591 pro
581 1539 741 1578 viribus
765 1543 815 1577 vt
838 1539 894 1577 sit
918 1537 1205 1589 plaudibilius.
1258 1537 1371 1576 Satis
1395 1540 1459 1575 est
1484 1548 1630 1575 eorum
1654 1535 1728 1586 qui

125 1596 266 1647 palam
307 1595 446 1642 factis,
488 1594 614 1633 dictis
655 1606 704 1632 ac
746 1594 913 1644 scriptis
957 1591 1242 1643 profiteantur
1285 1605 1373 1630 sese
1420 1591 1563 1630 hostes
1607 1589 1727 1631 Sedis

128 1651 358 1696 Romanae,
393 1653 442 1688 Vt
474 1661 560 1688 non
592 1649 856 1699 impetantur
889 1647 956 1685 vel
988 1648 1247 1692 innocentes,
1284 1646 1350 1684 vel
1382 1645 1490 1684 tales
1524 1649 1573 1683 vt
1604 1643 1728 1682 facile

125 1704 333 1744 sanabiles
355 1704 594 1743 videantur.

183 1759 298 1797 Haec
334 1757 512 1796 fortasse
548 1757 708 1796 frustra
744 1769 907 1801 moneo,
946 1756 1010 1794 vir
1046 1755 1209 1800 eximie,
1249 1759 1291 1793 at
1331 1754 1432 1793 mihi
1470 1752 1604 1799 crede,
1641 1765 1727 1792 non
1747 1766 1783 1797 55

125 1814 213 1853 sine
255 1825 383 1852 causa
424 1825 587 1851 moneo.
659 1811 836 1849 Praecor
878 1811 929 1848 R..
950 1810 1002 1848 D.
1022 1809 1068 1848 T.
1112 1810 1256 1848 omnia
1295 1808 1433 1847 felicia
1474 1808 1728 1858 sospitatore

126 1868 306 1907 Christo.
367 1866 555 1905 Basileae
577 1877 631 1913 3⁹.
655 1865 750 1904 idus
772 1864 923 1905 Octob.
946 1877 1058 1903 anno
1082 1873 1199 1913 1524.

871 1919 968 1957 Des.
992 1918 1194 1956 Erasmus
1216 1918 1316 1957 Rot.
1340 1929 1467 1956 11131111
1490 1916 1671 1968 propria.

522 2057 644 2095 1507.
707 2053 775 2094 To
808 2053 1006 2095 CONRAD
1042 2051 1335 2094 GocLENms.

176 2146 262 2181 Vita
280 2145 425 2181 Erasmi
442 2156 477 2191 p.
496 2147 553 2190 89.
1444 2141 1562 2176 Basle.

177 2203 292 2239 Lond.
311 2215 399 2238 xxx.
423 2213 461 2248 17
480 2217 486 2237 :
521 2203 595 2238 LB.
614 2204 695 2246 706.
1331 2210 1369 2245 13
1391 2199 1551 2234 October
1572 2208 1680 2244 1524.

174 2283 351 2324 [Between
368 2282 438 2314 this
453 2281 558 2314 letter
572 2282 642 2314 and
659 2281 718 2314 the
734 2281 924 2314 document
939 2281 1079 2323 printed
1098 2280 1181 2313 with
1197 2281 1227 2312 it
1245 2280 1289 2321 by
1306 2278 1438 2311 Merula
1455 2277 1551 2310 there
1567 2278 1596 2309 is
1613 2288 1633 2310 a
1650 2287 1728 2309 con-

133 2328 204 2359 111οὺ
227 2330 292 2358 not
316 2326 399 2367 only
425 2325 460 2358 of
485 2326 667 2367 year-date
694 2325 759 2358 but
783 2325 857 2358 also
883 2325 919 2357 of
944 2335 1092 2366 person3
1132 2324 1193 2356 the
1218 2324 1324 2356 letter
1350 2323 1451 2364 being
1478 2320 1665 2354 addressed
1692 2325 1730 2351 to

131 2370 314 2403 Goelenius
331 2370 401 2402 and
421 2370 583 2411 proposin
626 2374 664 2401 to
684 2379 817 2411 convey
836 2373 874 2401 to
894 2369 968 2401 him
987 2379 1008 2400 a
1026 2379 1105 2401 sum
1124 2367 1236 2400 which
1256 2367 1422 2398 Erasmus
1441 2363 1641 2397 considered
1660 2363 1728 2396 due

130 2414 219 2446 from
236 2413 440 2451 Berckman,
456 2413 556 2445 while
571 2417 586 2445 t
613 2424 630 2445 e
645 2413 835 2445 document
848 2412 1014 2445 transfers
1026 2412 1056 2444 it
1068 2416 1106 2444 to
1118 2411 1350 2452 Campensisa
1362 2419 1446 2451 year
1456 2408 1555 2441 later.
1593 2407 1729 2440 Leclerc

130 2457 258 2490 evades
276 2467 341 2532 011110
359 2456 531 2532 difficulty
552 2456 597 2497 by
615 2456 763 2498 altering
784 2456 844 2488 the
862 2456 989 2488 second
1008 2455 1201 2496 year-date,
1224 2454 1287 2486 but
1306 2454 1388 2485 does
1407 2456 1471 2484 not
1489 2451 1636 2492 thcreby
1655 2461 1726 2482 3111-

133 2504 257 2533 mount
273 2504 290 2532 t
315 2510 333 2532 0
351 2503 389 2532 ot
416 2510 460 2531 er.

176 2544 248 2576 The
272 2543 373 2576 affair
397 2543 509 2575 which
534 2543 700 2575 Erasmus
725 2553 794 2574 was
820 2553 896 2574 now
921 2542 1135 2584 attempting
1163 2545 1201 2573 to
1226 2540 1342 2577 settle,
1369 2538 1540 2581 probably
1566 2537 1730 2570 occurred

132 2588 256 2629 during
285 2587 338 2618 his
364 2587 538 2619 residence
565 2590 604 2618 at
631 2586 800 2624 Louvain,
830 2586 927 2618 when
957 2586 1150 2618 Berckman
1178 2584 1292 2616 would
1320 2582 1499 2624 naturally
1525 2586 1584 2614 act
1610 2591 1649 2613 as
1677 2581 1730 2613 his

131 2631 347 2673 ‹go-between
367 2629 452 2662 with
471 2629 606 2662 Froben
622 2641 630 2667 ;
662 2630 732 2661 and
751 2629 861 2661 about
879 2630 939 2662 the
959 2630 1043 2661 time
1062 2629 1161 2661 when
1183 2627 1322 2660 Beatus*
1344 2626 1537 2659 Tertullian
1556 2624 1730 2667 appeared

133 2675 169 2714 (l.
190 2676 253 2715 15).
293 2674 377 2711 But,
388 2673 525 2714 beyond
540 2673 600 2705 the
616 2674 770 2705 mention
783 2674 818 2705 in
831 2673 893 2714 Ep.
911 2681 1002 2712 1431.
1019 2675 1096 2711 4-6,
1114 2672 1132 2703 I
1147 2676 1277 2703 cannot
1291 2670 1360 2702 lind
1371 2680 1441 2711 any
1455 2669 1590 2701 further
1604 2668 1730 2700 details

132 2718 244 2751 about
258 2717 301 2755 it,
318 2716 388 2749 and
406 2716 423 2748 Ι
441 2726 499 2748 am
517 2716 643 2749 unable
662 2721 699 2749 to
717 2716 861 2748 confirm
879 2716 990 2748 either
1008 2715 1044 2747 of
1061 2716 1121 2747 the
1138 2715 1347 2757 year—dates.
1391 2714 1432 2746 In
1452 2713 1510 2746 the
1529 2713 1676 2745 absence
1695 2713 1730 2743 of

132 2761 217 2794 such
231 2760 442 2792 elucidation
456 2761 486 2792 it
497 2770 607 2792 seems
623 2760 737 2792 better
751 2764 788 2792 to
801 2764 924 2801 accept
938 2758 1098 2791 Merula's
1113 2763 1191 2791 text
1204 2770 1241 2791 as
1255 2759 1283 2790 it
1295 2757 1429 2795 stands,
1444 2757 1513 2788 and
1529 2761 1566 2788 to
1580 2765 1730 2798 suppose

180 2846 232 2868 20.
258 2846 371 2869 rerum
399 2834 535 2867 Balan:
567 2845 687 2867 verum
716 2846 754 2865 a:
791 2845 906 2867 veram
925 2837 957 2869 Β.
1177 2843 1227 2874 25.
1254 2844 1343 2876 quos
1370 2832 1508 2866 Balan:
1549 2833 1644 2874 quod
1674 2834 1729 2865 αβ.

137 2882 188 2912 26.
214 2880 335 2912 eodem
352 2878 488 2911 Balan:
522 2879 661 2911 eosdem
684 2882 739 2913 (ιβ.
819 2889 872 2920 27.
897 2879 962 2911 His
984 2890 1002 2907 a
1026 2877 1162 2910 Balan:
1199 2878 1258 2909 Eis
1280 2881 1312 2911 13.
1391 2886 1442 2916 30.
1469 2877 1564 2918 quod
1586 2875 1731 2917 scripsi:

137 2924 227 2963 Quid
250 2926 317 2958 ‹1ss2
342 2934 404 2956 om.
423 2922 546 2955 Balan.
683 2923 735 2962 36.
762 2932 885 2955 moneo
902 2921 1035 2954 Balan:
1066 2932 1190 2954 moueo
1206 2924 1260 2956 αβ.
1398 2929 1449 2961 37.
1477 2920 1628 2952 octobris
1645 2922 1679 2954 β.

294 3030 323 3060 ὃ.
350 3027 597 3067 coniurationi]
617 3027 667 3059 Cf.
690 3027 755 3069 Ep.
782 3035 874 3067 1433·
901 3036 974 3058 1111.
1149 3036 1198 3058 10.
1223 3025 1431 3068 diplomate]
1448 3025 1512 3066 Ep.
1536 3028 1630 3065 1435.
