2012 3370
216 499 252 531 ¹5

212 770 255 792 20

214 1314 255 1345 30

214 1586 252 1618 35

212 1859 255 1889 40

212 2129 252 2162 45

217 2401 256 2434 50

273 158 351 196 512
748 156 1001 195 LETTERs
1033 157 1105 195 oF
1136 156 1398 196 ERAsMUs
1750 160 1872 208 [1524

273 264 407 315 ligunt
431 265 566 303 nullos
588 265 776 302 homines
798 265 930 315 magis
951 264 1113 303 officcrc
1135 267 1307 316 negocio
1327 266 1584 317 Euangelico
1603 279 1732 316 quam
1754 267 1873 307 tales.

275 319 661 371 Expostulantibus
686 319 832 357 amicis
857 331 967 370 quur
991 318 1095 357 talia
1119 318 1291 367 faceret,
1318 324 1497 371 vterque
1521 324 1617 359 tum
1643 319 1758 359 Otho
1782 326 1875 361 tum

273 373 425 413 Scotus
449 372 668 423 respondit
692 374 906 420 atrociter,
933 374 1136 412 minitans
1160 375 1289 413 etiam
1316 374 1543 413 acerbiora.
1596 374 1801 422 Tandem,
1827 380 1878 415 vt

273 428 414 473 audio,
450 428 638 466 monitus
671 431 737 466 est
768 428 899 466 etiam
933 441 1007 479 per
1040 427 1204 479 aliquos
1237 442 1289 467 ex
1323 430 1577 480 magistratu
1610 442 1664 467 ne
1697 429 1801 480 quid
1833 431 1877 468 in

274 485 492 532 posterum
537 481 715 520 auderet
759 481 907 520 simile.
982 481 1058 520 Ille
1103 487 1352 534 contempto
1395 485 1485 522 iure
1529 482 1713 534 publico,
1760 484 1877 535 quod

273 535 513 574 detestatur
532 535 695 576 libellos
715 535 913 579 famosos,
936 540 1185 587 contempta
1204 541 1344 576 vestre
1365 537 1588 588 dignitatis
1602 537 1878 576 saluberrima

272 590 590 641 necessariaque
607 591 924 638 constitutione,
944 595 1191 642 contempta
1207 596 1349 630 vostra
1365 591 1671 630 humanissima
1687 591 1875 630 admoni-

273 645 402 691 tione,
425 643 565 683 denuo
585 644 759 683 excudit
780 644 961 683 eundem
982 644 1184 685 libellum.

327 698 393 737 An
417 711 494 749 ego
516 698 623 737 bene
647 699 822 738 meritus
845 701 924 738 sim
947 699 1115 750 publice
1138 699 1189 738 de
1213 700 1378 747 studiis,
1404 713 1549 738 omnes
1571 704 1743 739 norunt.
1796 700 1877 739 Pro

274 752 507 803 Euangelio
552 753 825 804 prouehendo
871 754 1101 804 plurimum
1146 754 1338 793 laborum
1387 759 1428 793 et
1475 754 1634 793 inuidie
1680 756 1877 794 sustinui.

274 807 428 846 Omnia
443 809 635 847 recusaui
653 821 735 859 que
753 808 856 847 mihi
873 810 1083 859 principes
1101 809 1349 848 obtulerunt
1366 814 1416 848 vt
1433 809 1657 848 scriberem
1675 809 1879 848 aduersus

275 861 492 909 Luterum,
525 863 611 902 imo
645 875 740 901 mea
772 863 903 901 malui
934 863 1107 913 perdere
1142 877 1270 913 quam
1305 864 1360 902 ad
1395 863 1573 902 affectus
1608 863 1876 915 quorundam

273 916 452 955 scribere
476 921 625 955 contra
648 930 787 955 meam
811 918 1126 956 conscientiam.
1179 917 1367 956 Tantum
1389 919 1461 957 isti
1484 917 1615 957 sederi
1638 917 1754 956 nolui
1777 917 1878 956 dare

274 983 442 1017 nomen,
470 984 603 1022 quum
630 971 775 1010 multis
801 971 894 1010 aliis
919 971 971 1010 de
998 973 1148 1018 causis,
1176 977 1269 1010 tum
1297 972 1351 1010 ob
1377 972 1457 1011 hoc
1483 972 1599 1023 quod
1624 971 1809 1023 quedam
1835 973 1878 1011 in

273 1025 390 1063 libris
429 1025 573 1064 Luteri
612 1038 698 1064 non
735 1025 1026 1077 intelligerem,
1067 1026 1251 1076 quedam
1290 1039 1374 1065 non
1415 1027 1588 1065 omnino
1628 1026 1876 1077 probarem:

274 1080 521 1130 praesertim
539 1093 672 1131 quum
689 1081 733 1118 in
749 1081 833 1118 ista
851 1081 1142 1118 coniuratione
1160 1080 1345 1119 viderem
1365 1081 1573 1131 quosdam
1591 1093 1679 1119 esse
1697 1093 1878 1132 quorum

275 1146 411 1172 mores
447 1138 492 1173 et
527 1134 746 1173 molimina
783 1133 886 1173 mihi
923 1134 1169 1173 viderentur
1205 1135 1446 1186 longissime
1482 1135 1628 1174 abesse
1665 1148 1691 1174 a
1727 1135 1877 1187 spiritu

276 1187 546 1239 Euangelico.
614 1188 767 1227 Nullus
806 1201 996 1239 vnquam
1035 1202 1060 1227 a
1098 1202 1164 1227 me
1202 1189 1313 1228 lesus
1351 1194 1428 1236 est,
1469 1189 1536 1228 vel
1575 1190 1676 1240 quia
1714 1189 1879 1228 faueret

274 1242 445 1289 Lutero,
475 1242 542 1281 vel
570 1243 672 1293 quia
699 1255 851 1294 parum
878 1242 1056 1282 faueret.
1114 1243 1202 1283 Nec
1231 1243 1413 1284 Schotus
1441 1248 1517 1283 aut
1547 1243 1660 1283 Otho
1688 1256 1877 1295 vnquam

273 1296 404 1336 verbo
425 1309 451 1335 a
471 1309 539 1335 me
558 1297 670 1337 lesus
690 1301 768 1337 est.

328 1351 426 1390 Non
460 1356 525 1390 est
559 1351 733 1403 vulgare
768 1353 926 1391 crimen
961 1356 1138 1403 accepta
1172 1354 1352 1404 pecunia
1386 1353 1563 1404 prodere
1598 1353 1878 1404 Euangelium

275 1405 443 1444 Christi.
499 1405 542 1445 81
569 1410 712 1445 vestra
737 1408 906 1458 equitas
931 1420 1017 1446 non
1044 1408 1146 1446 sinit
1170 1406 1307 1445 furem
1333 1408 1609 1459 impunitum,
1637 1407 1716 1447 hoc
1743 1406 1880 1446 multo

274 1459 530 1507 sceleratius,
550 1464 641 1499 tam
659 1461 902 1512 petulanter
918 1463 1121 1513 impetere
1139 1461 1314 1509 famam,
1333 1462 1426 1501 vita
1443 1475 1613 1513 quoque
1631 1461 1878 1500 chariorem.

274 1513 317 1553 Si
341 1513 542 1565 plectitur
565 1515 638 1566 qui
661 1515 739 1554 dat
762 1515 931 1566 alapam
955 1515 1090 1562 alteri,
1116 1515 1220 1566 quid
1244 1520 1526 1555 commeretur
1548 1517 1622 1567 qui
1645 1517 1704 1556 310
1727 1515 1877 1554 debac-

275 1568 427 1607 chatur
446 1569 490 1607 in
509 1568 671 1608 famam
690 1569 874 1608 hominis
891 1572 906 1608 ‘3
956 1570 1053 1609 Non
1069 1569 1240 1621 postulo
1261 1575 1310 1609 vt
1330 1574 1474 1609 vestra
1494 1570 1700 1609 celsitudo
1720 1569 1880 1610 habeat

273 1623 482 1662 rationem
509 1624 637 1662 etatis
662 1637 782 1663 meae
807 1628 883 1663 aut
909 1625 1158 1663 meritorum
1184 1638 1375 1664 meorum
1401 1637 1499 1676 erga
1524 1625 1695 1676 publica
1721 1624 1878 1671 studia,

273 1690 359 1716 non
386 1676 546 1716 fauoris
573 1691 701 1729 quem
728 1691 893 1730 semper
921 1680 1028 1730 gessi
1056 1692 1154 1730 erga
1183 1680 1404 1718 ciuitatem
1430 1680 1573 1726 istam,
1604 1680 1670 1718 cui
1699 1680 1785 1718 3010
1812 1692 1880 1718 me

274 1731 465 1783 plurimis
488 1732 634 1771 officiis
655 1732 1010 1783 obligatissimum
1031 1748 1038 1773 :
1076 1737 1251 1772 tantum
1273 1734 1353 1772 hoc
1375 1733 1584 1772 admoneo
1606 1733 1879 1784 prudentiam

274 1790 475 1833 vestram,
504 1791 554 1825 vt
580 1787 848 1838 prospiciatis
875 1800 960 1839 quo
986 1787 1164 1827 tandem
1191 1801 1371 1827 euasura
1397 1789 1453 1827 sit
1479 1787 1632 1827 talium
1659 1788 1879 1826 hominum

274 1840 458 1887 licentia,
473 1841 507 1879 si
520 1842 635 1892 quod
647 1840 818 1880 libitum
832 1846 897 1880 est
908 1842 1082 1892 impune
1093 1841 1273 1881 licuerit.
1319 1841 1362 1882 81
1374 1841 1530 1881 fauetis
1544 1842 1790 1893 Euangelio,
1808 1842 1880 1880 isti

275 1895 460 1945 perdunt
499 1895 793 1946 Euangelium.
852 1895 894 1935 81
932 1895 1088 1935 fauetis
1120 1896 1425 1948 tranquillitati
1454 1896 1635 1947 publice,
1664 1897 1748 1935 ist-a
1776 1896 1878 1934 nihil

274 1948 390 1987 aliud
419 1953 521 1989 sunt
549 1962 679 2000 quam
708 1951 934 1989 seminaria
963 1950 1234 1989 seditionum.
1293 1950 1335 1991 Si
1365 1951 1487 1989 vobis
1516 1950 1712 2002 displicet
1739 1950 1879 2001 legum

274 2002 541 2054 publicarum
571 2008 856 2055 contemptus,
888 2008 937 2044 vt
967 2006 1130 2056 optimo
1158 2006 1247 2044 iure
1276 2004 1484 2057 displicet,
1516 2018 1662 2044 omnes
1689 2005 1879 2045 omnium

274 2059 466 2109 gentium
486 2057 598 2110 leges
618 2059 730 2097 inter
751 2060 1015 2098 atrocissima
1037 2060 1214 2098 crimina
1234 2064 1403 2110 ponunt
1422 2059 1585 2098 libellos
1605 2059 1805 2098 famosos.

329 2111 414 2150 Res
440 2111 618 2151 obscura
643 2125 729 2151 non
754 2117 832 2152 est.
887 2113 1025 2152 Autor
1049 2113 1247 2152 facinoris
1272 2118 1452 2165 vterque
1478 2115 1567 2165 agit
1591 2113 1879 2165 Argentorati,

274 2169 319 2204 et
344 2165 570 2217 profitetur
596 2166 774 2206 factum.
831 2167 995 2206 Prodiit
1022 2171 1066 2206 et
1093 2167 1200 2207 alter
1225 2167 1391 2207 libellus
1417 2169 1462 2207 in
1489 2181 1568 2214 me,
1598 2168 1804 2219 Haganoe
1831 2171 1881 2206 vt

277 2220 399 2259 aiunt
419 2233 612 2267 excusus,
644 2221 718 2260 sed
742 2221 969 2272 impendiis
995 2221 1154 2261 Schoti.
1204 2222 1293 2261 Nec.
1318 2222 1451 2261 vllum
1479 2221 1636 2261 facient
1663 2222 1791 2262 finem
1817 2222 1877 2261 in·

276 2274 483 2321 saniendi‚
503 2275 537 2313 si
552 2276 718 2326 possint
732 2280 875 2314 vestra
891 2275 1069 2315 lenitate
1082 2289 1247 2327 semper
1259 2276 1394 2316 abuti.
1427 2276 1518 2328 Ego
1530 2289 1670 2316 meam
1682 2277 1879 2315 iniuriam

274 2340 447 2380 possum
477 2328 607 2376 ferre3
641 2329 715 2368 sed
744 2329 987 2369 huiusmodi
1015 2330 1145 2369 libelli
1174 2330 1403 2370 conciliant
1430 2335 1571 2370 vestre
1601 2331 1781 2377 ciuitati,
1813 2331 1879 2369 cui

274 2395 352 2434 ego
388 2396 439 2422 ex
476 2384 619 2423 animo
653 2383 759 2422 bene
796 2384 905 2430 volo,
943 2398 1028 2423 non
1065 2384 1316 2423 mediocrem
1353 2385 1559 2423 inuidiam
1597 2385 1711 2436 apud
1746 2384 1880 2425 bonos

329 2499 376 2523 12.
403 2494 481 2523 tum
503 2490 597 2523 Otho
616 2494 694 2523 tum
711 2491 836 2525 Scotus
852 2502 913 2524 om.
933 2492 976 2523 H.
1307 2494 1355 2524 16.
1382 2492 1567 2533 dignitatis
1584 2504 1602 2521 a
1620 2504 1626 2523 :
1657 2492 1817 2524 ciuitatis
1832 2492 1875 2524 II.

281 2543 330 2573 17.
356 2535 618 2576 necessariaque
633 2535 708 2566 add.
728 2537 770 2567 (12.
1004 2538 1208 2576 contempta
1228 2538 1346 2567 vestra
1367 2535 1618 2567 humanissima
1640 2536 1879 2567 admonitione

277 2589 339 2609 om.
364 2577 409 2610 H.
502 2587 555 2616 24.
581 2578 676 2620 quod
692 2578 767 2610 add.
792 2580 835 2609 αἳ.
946 2587 996 2618 25.
1023 2590 1093 2610 11011
1111 2579 1252 2610 0111111110
1271 2591 1310 2610 a:
1342 2579 1483 2610 omnino
1500 2589 1570 2611 non
1588 2579 1632 2610 H.
1726 2580 1779 2611 26.
1805 2589 1878 2611 esse

277 2620 352 2652 add.
371 2623 412 2653 αἳ.
493 2622 547 2656 28,
562 2631 616 2660 29.
641 2622 771 2654 fauerit
784 2622 827 2654 H.
912 2630 964 2657 20.
990 2622 1140 2655 Schotus
1159 2626 1223 2654 aut
1243 2622 1336 2654 Otho
1357 2634 1397 2654 a:
1430 2622 1672 2664 typographus
1691 2632 1754 2654 nec
1772 2621 1879 2654 libelli

277 2668 381 2697 autor
399 2664 443 2697 H.
551 2665 603 2705 38.
630 2665 751 2697 officiis
771 2668 827 2697 02:
851 2666 953 2698 officii
973 2668 1015 2698 αἱ.
1127 2675 1181 2704 40.
1207 2666 1301 2707 quod
1322 2679 1339 2696 α
1357 2678 1364 2697 :
1396 2666 1564 2707 quicquid
1582 2666 1626 2698 H.
1729 2675 1783 2704 41.
1809 2666 1878 2698 ista

279 2720 298 2737 a
315 2720 323 2739 :
354 2709 414 2740 isti
431 2707 476 2740 H.
602 2709 656 2747 46.
672 2710 883 2750 profitentur
898 2709 942 2740 H.
1061 2709 1196 2741 Prodiit
1211 2734 1218 2742 .
1239 2733 1246 2740 .
1264 2734 1271 2741 .
1290 2718 1343 2748 47.
1370 2709 1491 2742 Schoti
1506 2720 1568 2741 om.
1588 2710 1633 2742 H.
1739 2710 1794 2748 48.
1821 2711 1853 2739 (1²
1869 2722 1875 2741 ε

278 2755 422 2792 possent
437 2753 481 2784 al.
618 2762 673 2793 49.
700 2754 755 2785 cui
773 2778 779 2784 .
801 2777 807 2784 .
827 2779 834 2785 .
857 2762 907 2794 30.
935 2752 1016 2784 volo
1031 2753 1105 2785 add.
1125 2766 1143 2783 α
1162 2754 1199 2785 in
1214 2764 1318 2793 marg).

325 2897 343 2918 2
349 2897 377 2927 3.
403 2888 463 2920 isti
482 2887 606 2927 sederi]
626 2888 698 2920 The
718 2888 891 2921 reformed
912 2888 1049 2921 Church
1160 2889 1212 2929 38.
1238 2887 1544 2931 obligatissimum]
1555 2888 1606 2921 Cf.
1615 2888 1680 2929 Ep.
1694 2897 1787 2928 1429.
1800 2889 1876 2919 2611.

282 2931 318 2962 of
331 2930 540 2973 strasburg:
569 2932 611 2963 cf.
628 2932 693 2973 Ep.
713 2941 808 2973 1459.
823 2935 902 2964 61n.
1156 2934 1211 2971 46.
1235 2932 1326 2965 alter
1355 2931 1506 2970 libellus]
1538 2931 1714 2972 Probably
1743 2930 1879 2963 Alber's

370 2973 453 3006 dare
479 2974 621 3013 nomen]
653 2975 704 3007 Cf.
739 2975 828 3017 Epp.
868 2977 963 3016 1481.
993 2986 1047 3013 22,
1114 2976 1288 3008 Iudicium
1305 2975 1384 3017 (Ep.
1406 2976 1500 3015 1466.
1526 2977 1633 3015 26n);
1666 2984 1731 3006 one
1746 2973 1879 3006 edition

288 3017 348 3057 148
354 3025 381 3057 5.
405 3026 436 3057 7,
458 3019 552 3057 1496.
574 3019 647 3050 128.
1112 3019 1149 3051 of
1164 3019 1277 3051 which
1293 3019 1322 3051 13
1338 3019 1535 3051 attributed
1552 3018 1600 3059 by
1617 3017 1772 3059 Bfieking
1785 3016 1875 3057 (HE.

332 3061 384 3092 26.
411 3062 663 3102 coniuratione]
681 3060 731 3095 Cf.
749 3062 815 3104 Ep.
840 3071 936 3103 1433.
958 3072 969 3094 1
980 3072 1032 3094 1n.
1115 3072 1148 3104 p.
1165 3064 1245 3104 86*)
1262 3066 1301 3095 to
1315 3061 1481 3095 Secerius’
1498 3071 1594 3103 press
1609 3064 1648 3093 at
1662 3060 1844 3104 Hagenau.
