2012 3370
224 113 304 151 296
698 111 952 151 LETTERs
985 111 1057 151 or
1086 112 1350 153 ERAsMUs
1701 114 1823 164 [1523

167 235 204 268 55
224 234 445 272 perperam
490 222 749 272 irrepserunt
792 222 835 258 in
880 220 1126 268 Ecclesiam,
1172 226 1217 261 et
1260 222 1371 261 vnde
1416 226 1554 261 scatet
1596 224 1824 274 praecipua

224 276 451 315 Christiani
483 275 629 326 populi
661 274 913 325 corruptela.
973 275 1198 326 Quumque
1229 277 1409 316 dicimus
1438 276 1519 316 illis
1551 277 1825 317 vehementer

222 331 417 381 iniquum
439 342 527 368 esse
548 329 603 367 ob
624 329 845 368 hominum
866 330 976 368 vicia
997 330 1230 370 conuellere
1250 344 1359 382 quae
1380 335 1497 370 recta
1518 335 1631 378 sunt,
1653 344 1822 383 respon·

224 384 321 423 dere
357 384 505 430 solent,
544 387 594 422 vt
629 387 730 422 sunt
764 383 990 434 linguaces,
1029 397 1099 423 eos
1134 397 1315 436 quorum
1352 386 1528 424 arbitrio
1563 385 1825 436 gubernatur

225 437 424 484 Ecclesia,
446 451 523 477 nec
543 437 622 476 Dei
642 438 795 476 timore
814 451 890 477 nec
911 438 1225 490 Scripturarum
1245 440 1469 479 admonitu
1489 453 1566 478 ncc
1586 441 1824 492 principum

163 501 206 532 60
224 494 457 531 autoritate
480 496 549 530 tot
571 493 656 530 iam
681 492 831 531 seculis
855 493 1062 532 hactenus
1086 495 1233 545 corrigi
1258 496 1459 545 potuisse,
1485 507 1561 533 nec
1585 494 1713 533 aliam
1736 507 1826 533 esse

222 548 337 585 viam
362 546 558 585 medendi
578 547 659 585 nisi
681 547 942 597 perturbatis
960 548 1170 587 omnibus.
1229 549 1419 600 Vtraque
1439 561 1537 599 pars
1555 548 1610 587 ad
1627 561 1672 587 se
1689 548 1825 588 trahit

222 601 457 639 funiculum
492 602 790 640 contentionis.
848 601 1007 640 Malum
1043 603 1121 641 hoc
1154 603 1506 642 immodica-bilius
1538 602 1680 642 reddit
1711 604 1823 654 prin-

223 656 365 706 cipum
394 656 591 706 pertinax
620 655 857 694 discordia:
903 656 1018 707 quod
1046 658 1109 696 ita
1138 658 1264 696 velim
1293 658 1497 696 radicitus
1525 658 1742 708 extirpari,
1772 670 1825 696 ne

222 710 277 748 ad
308 713 478 761 tempus
508 723 745 761 repressum
777 710 904 761 paulo
935 715 1033 762 post
1064 713 1221 751 maiore
1253 713 1384 751 exitio
1414 711 1625 751 rebulliat.
1687 711 1824 750 Resti-

161 774 201 812 65
221 764 407 803 tuendae
445 764 658 803 Ecclesiae
695 764 877 804 formam
922 765 1044 804 nobis
1082 766 1274 817 depingit
1312 767 1416 805 liber
1455 766 1628 805 Esdrae.
1704 766 1826 805 Bona

221 831 316 870 spes
345 823 467 866 essct,
500 820 534 857 si
563 818 772 858 Dominus
804 819 927 858 nobis
956 820 1086 858 talem
1116 822 1349 872 principem
1380 822 1550 860 mittere
1578 821 1826 872 dignaretur

220 872 359 924 qualis
395 874 480 912 suit
518 873 703 920 Esdras3
749 873 879 912 talem
916 873 1161 925 pontificem
1200 875 1337 926 qualis
1374 875 1458 914 fuit
1495 875 1621 914 Iosue
1641 889 1649 922 3
1695 874 1824 914 talem

221 928 475 979 prophetam
502 928 639 979 qualis
664 927 749 966 fuit
773 928 969 980 Aggeus3
1013 928 1143 967 talem
1170 929 1375 980 populum
1402 934 1464 976 vt,
1493 929 1595 968 dum
1622 929 1827 968 reclamat

220 983 362 1033 impiis
399 982 686 1034 dogmatibus,
727 986 917 1021 correct-a
954 982 1068 1021 mala
1105 984 1198 1022 vita
1236 984 1358 1022 bonis
1395 984 1594 1034 operibus
1631 983 1827 1022 aedificet

159 1052 205 1085 70
220 1037 441 1075 ciuitatem
471 1050 520 1075 ac
548 1036 724 1075 domum
751 1036 843 1075 Dei.
900 1035 968 1075 Sic
996 1038 1108 1075 enim
1137 1037 1328 1089 legimus,
1359 1038 1454 1077 Vna
1482 1051 1613 1077 manu
1640 1037 1828 1077 faciebat

219 1103 339 1141 opus
365 1095 409 1129 et
431 1091 566 1129 altera
587 1090 765 1129 tenebat
786 1091 988 1142 gladium.
1047 1091 1377 1131 Aedificantium
1400 1093 1513 1131 enim
1535 1093 1828 1143 vnusquisque

219 1144 360 1196 gladio
384 1149 477 1183 erat
499 1146 715 1184 accinctus
738 1158 870 1192 renes,
896 1149 939 1184 et
963 1145 1261 1193 aedificabant,
1287 1151 1332 1185 et
1354 1147 1610 1198 clangebant
1632 1147 1825 1186 buccina.

220 1198 345 1238 Nunc
367 1200 402 1238 si
424 1200 468 1238 in
491 1199 746 1238 clamoribus
768 1199 934 1250 aliquot
955 1200 1250 1252 theologorum
1273 1214 1322 1240 ac
1345 1202 1650 1240 monachorum
1673 1214 1824 1252 parum

219 1253 382 1300 sobriis,
410 1254 444 1292 si
469 1254 514 1292 in
539 1255 667 1292 armis
692 1258 737 1293 et
762 1255 893 1305 copiis
917 1255 1211 1306 episcoporum
1238 1259 1282 1295 et
1307 1256 1585 1295 cardinalium
1610 1260 1707 1295 tota
1731 1268 1826 1307 spes

159 1324 199 1356 75
220 1312 367 1347 nostra
383 1312 460 1354 est,
480 1308 721 1347 demirabor
737 1309 771 1347 si
788 1321 862 1360 per
878 1322 928 1348 ea
944 1311 1103 1360 poterit
1119 1311 1259 1349 sanari
1276 1310 1450 1358 malum,
1468 1310 1582 1349 vnde
1598 1311 1827 1361 praecipua

220 1366 358 1401 scatet
385 1363 549 1401 occasio
576 1363 689 1401 mali.
748 1363 831 1402 Sed
857 1364 1049 1402 nondum
1075 1377 1364 1415 promeremur
1391 1369 1441 1404 vt
1467 1365 1615 1404 afflatu
1643 1364 1826 1416 Spiritus

219 1419 567 1468 expergiscantur
615 1417 728 1456 orbis
776 1418 993 1468 primates.
1052 1418 1105 1456 In
1153 1419 1338 1458 Domino
1387 1419 1567 1466 confido,
1618 1420 1691 1470 qui
1739 1431 1826 1458 non

219 1472 416 1510 irascitur
438 1472 483 1510 in
506 1475 786 1522 perpetuum;
828 1476 872 1511 et
895 1485 1008 1511 nunc
1032 1474 1184 1512 merito
1209 1487 1305 1512 cum
1330 1473 1664 1525 Psalmographo
1688 1473 1826 1512 dicere

219 1538 458 1576 possumus,
480 1525 723 1577 Reppulisti
742 1539 819 1565 nos
839 1530 883 1565 et
901 1527 1150 1566 destruxisti
1170 1541 1260 1567 nos.
1319 1528 1494 1567 Vtinam
1513 1528 1640 1567 liceat
1659 1531 1703 1567 et
1721 1527 1825 1566 illud

159 1588 204 1619 80
220 1581 421 1626 accinere,
450 1579 594 1619 Iratus
619 1593 676 1627 es,
703 1584 748 1619 et
773 1582 971 1620 misertus
997 1594 1040 1620 es
1065 1583 1200 1621 nostri
1221 1582 1228 1620 !
1288 1582 1400 1621 Illud
1427 1586 1539 1621 certe
1563 1582 1676 1629 licet,
1704 1583 1824 1621 Com-

220 1633 393 1673 mouisti
413 1638 570 1673 terram
586 1638 630 1674 et
645 1635 912 1674 conturbasti
927 1648 1020 1674 eam
1041 1649 1049 1682 ;
1082 1649 1186 1675 sana
1206 1637 1482 1676 contritiones
1501 1637 1603 1684 eius,
1622 1637 1825 1688 quoniam

219 1693 339 1727 mota
359 1693 436 1727 est.

274 1742 356 1782 Sed
377 1756 458 1782 nae
479 1756 556 1794 ego
577 1756 672 1782 sum
692 1744 914 1795 insigniter
934 1744 1173 1796 impudens,
1196 1746 1270 1796 qui
1291 1745 1395 1784 haec
1417 1745 1473 1784 ad
1494 1749 1538 1785 te
1558 1745 1565 1783 1
1617 1745 1827 1784 Dominus

218 1797 426 1847 pietatem
446 1799 569 1836 tuam
589 1798 772 1849 sospitet
789 1811 839 1837 ac
859 1803 1079 1850 prosperet
1096 1800 1141 1838 in
1161 1813 1329 1847 aeuum,
1350 1800 1525 1839 Praesul
1544 1800 1827 1840 ornatissime.

160 1859 199 1899 85
219 1851 382 1890 Datum
408 1852 599 1891 Basileae
624 1852 749 1892 Anno
773 1852 996 1893 Millesimo
1021 1854 1361 1906 quingentesimo
1386 1855 1589 1906 vigesimo
1614 1854 1806 1905 †quinto.

587 1967 710 2006 1370.
775 1964 916 2007 FROM
949 1965 1173 2007 WILLIAM
1206 1965 1458 2007 BUDAEUS.

268 2048 408 2084 Budaei
425 2049 615 2094 Epistolae
630 2049 797 2090 Latina-e,
818 2059 918 2094 1531,
936 2049 960 2084 f.
981 2060 1044 2094 127
1064 2052 1125 2094 (a).
1541 2048 1702 2090 (Paris.)

267 2107 410 2142 Budaei
425 2107 556 2153 Opera,
576 2116 676 2152 1557,
692 2108 715 2141 i.
732 2117 801 2152 379
817 2108 882 2151 (β).
1464 2111 1516 2148 <c.
1535 2108 1633 2143 June
1651 2111 1775 2152 1523.>

263 2181 383 2221 [From
407 2180 467 2213 the
491 2191 586 2214 same
609 2191 747 2213 sources
763 2191 801 2212 as
819 2181 884 2223 Ep.
907 2184 987 2221 1328
1004 2194 1010 2213 :
1036 2182 1165 2224 clearly
1181 2182 1281 2220 later,
1301 2182 1394 2215 since
1415 2180 1578 2213 Budaeus
1596 2180 1659 2212 has
1680 2180 1821 2212 written

221 2225 336 2257 before
355 2225 391 2257 of
409 2225 463 2257 his
483 2225 731 2267 appointment
751 2228 789 2256 to
811 2224 852 2256 be
873 2234 894 2256 a
914 2225 1046 2257 Master
1068 2225 1103 2256 of
1124 2226 1297 2266 Requests
1318 2224 1366 2265 (ll.
1395 2226 1508 2265 31—2).
1555 2224 1602 2256 M.
1626 2223 1821 2256 Delaruellc

219 2268 324 2308 (313⁴.
348 2269 424 2309 140)
442 2268 542 2300 dates
561 2268 656 2310 early
674 2268 712 2300 in
736 2277 835 2309 1523;
879 2267 944 2299 but
964 2268 1024 2299 the
1044 2268 1200 2310 wordjng
1221 2268 1256 2300 of
1271 2268 1293 2299 l.
1317 2278 1336 2308 3
1355 2278 1466 2300 seems
1487 2272 1526 2299 to
1540 2266 1650 2309 imply
1667 2278 1689 2298 a
1704 2267 1824 2309 longer

218 2312 379 2344 interval.
428 2311 445 2344 1
466 2311 637 2344 therefore
653 2311 767 2353 prefer
787 2314 824 2342 to
844 2310 942 2352 place
963 2311 1034 2343 this
1053 2312 1089 2342 in
1110 2311 1170 2343 the
1191 2321 1344 2343 summer
1363 2311 1399 2343 of
1422 2320 1517 2352 1523,
1535 2310 1725 2352 supposing
1742 2310 1822 2342 that

220 2355 396 2387 Erasmus'
421 2354 526 2387 letter
545 2355 580 2387 of
607 2365 619 2387 1
648 2354 747 2396 April
771 2354 819 2395 (ll.
849 2356 927 2395 1-2)
957 2354 1127 2396 belonged
1158 2358 1195 2386 to
1223 2354 1284 2386 the
1312 2365 1407 2386 same
1434 2365 1527 2396 year.
1586 2354 1634 2385 As
1660 2354 1822 2385 Budaeus

218 2409 365 2440 appears
386 2401 423 2430 to
442 2399 541 2431 write
558 2398 649 2431 from
669 2398 766 2430 Paris
785 2398 834 2438 (ll.
855 2399 971 2441 82-3)‚
992 2409 1013 2429 a
1036 2398 1118 2430 date
1138 2401 1233 2430 must
1258 2398 1300 2429 be
1319 2397 1446 2429 chosen
1471 2398 1587 2429 before
1612 2397 1671 2428 the
1695 2397 1762 2428 end
1789 2397 1824 2428 of

219 2443 241 2475 J
244 2443 314 2484 uly‚
335 2442 434 2475 when
453 2442 513 2474 the
532 2442 639 2475 Court
651 2445 743 2475 went
756 2441 803 2473 off
814 2445 851 2473 to
869 2441 928 2473 the
946 2442 1128 2483 provinces
1143 2442 1254 2482 (Actes
1264 2442 1302 2474 de
1316 2441 1481 2482 Francos-3
1494 2442 1556 2479 ΓΤ,
1569 2440 1643 2479 viii,
1662 2452 1695 2483 p.
1711 2439 1821 2481 440).]

789 2531 1010 2561 BVDAEVS
1044 2531 1247 2561 ERASMO.

273 2593 536 2632 COMMODVM
562 2593 706 2632 literas
734 2607 760 2632 a
786 2597 829 2632 te
859 2606 1103 2644 acceperam
1132 2606 1228 2632 cum
1256 2593 1365 2631 hanc
1393 2591 1617 2643 epistolam
1645 2591 1820 2644 scripsi:

217 2651 342 2686 erant
363 2652 509 2687 autem
532 2661 605 2687 eae
629 2649 812 2698 scriptae
835 2649 972 2698 primo
996 2648 1166 2688 Galend.
1191 2647 1323 2698 April.
1383 2646 1507 2694 Quod
1529 2647 1618 2698 ipse
1642 2647 1822 2685 miratus

219 2714 325 2749 sum,
351 2703 425 2753 qui
448 2706 547 2753 post
569 2715 667 2741 eum
691 2702 804 2741 diem
828 2702 905 2749 bis,
931 2706 981 2741 vt
1005 2703 1166 2753 opinor,
1192 2702 1247 2740 ad
1270 2706 1313 2740 te
1337 2702 1595 2752 scripsissem
1616 2713 1624 2739 ε
1665 2700 1739 2739 sed
1762 2701 1821 2739 sic

219 2754 268 2794 fit
302 2756 518 2795 interdum
553 2755 716 2795 incuria
750 2757 895 2796 literas
930 2756 1214 2795 reddentium.
1272 2755 1441 2795 Gratias
1476 2755 1557 2794 tibi
1592 2754 1729 2794 habeo
1766 2754 1820 2793 ob

400 2827 495 2859 1369.
523 2828 576 2867 83.
603 2836 680 2858 sum
697 2838 759 2858 om.
778 2826 823 2857 N.
965 2828 1059 2859 1370.
1086 2835 1154 2858 Trr.
1217 2835 1246 2858 s.
1262 2831 1338 2868 post
1355 2834 1502 2857 ERASMO
1519 2824 1594 2857 add.
1614 2826 1648 2859 β.

227 2883 251 2886 ψ
267 2884 440 2949 137697Ϊ56ἶ
465 2909 548 2950 illis]
563 2887 608 2941 sc.
635 2908 707 2946 isti,
725 2908 761 2940 of
777 2909 799 2940 l.
817 2917 872 2951 53.
1095 2920 1147 2952 79.
1172 2908 1388 2951 Reppulisti]
1405 2909 1459 2940 Ps.
1481 2917 1532 2948 59.
1553 2916 1583 2948 3,
1599 2917 1633 2948 4.

262 2960 315 2991 7o.
341 2951 417 2983 Vna
435 2954 556 2992 manu]
573 2952 719 2984 Nehem.
737 2962 770 2992 4.
794 2962 842 2993 17.
1099 2953 1193 2985 1370.
1221 2963 1248 2986 1.
1273 2951 1408 2991 literas]
1443 2952 1517 2984 Not
1550 2954 1699 2984 extant:
1749 2962 1814 2984 nor

263 2995 315 3036 78.
340 2994 516 3032 irascitur]
532 2994 582 3027 Cf.
602 2995 657 3027 Ps.
681 3004 751 3027 102.
769 3006 801 3036 9.
1052 2996 1225 3028 Budaeus'
1247 3000 1317 3028 two
1335 2997 1427 3027 since
1451 3004 1463 3026 1
1488 2994 1596 3037 April.
