2012 3370
198 168 319 218 1367]
582 165 741 205 FROM
770 164 1080 204 CUTHBERT
1109 162 1406 203 TUNSTALL
1714 163 1792 201 293

193 275 366 327 quando
387 288 494 327 quas
514 278 563 314 tu
585 274 730 313 multis
751 274 976 313 sudoribus
997 274 1182 324 expolire
1204 273 1374 320 curasti,
1397 271 1531 311 foedis
1553 269 1795 309 haeresibus

195 330 249 368 ab
270 331 362 369 istis
382 329 565 381 pollutas
585 328 715 375 vides,
738 329 811 379 qui
831 341 916 367 non
935 328 1118 379 impoliti
1138 340 1328 366 sermone
1349 327 1527 377 cupiunt
1545 324 1627 375 ipsi
1646 323 1792 362 videri.

197 384 290 431 Quo
309 383 359 423 fit
378 388 426 423 vt
444 385 625 422 nitorem
642 383 687 421 in
706 383 832 421 sacris
851 382 982 421 literis
1001 382 1210 434 plerisque
1228 382 1413 420 inuisum
1431 379 1627 418 reddant.
1687 377 1791 425 Qua,

195 451 365 489 quaeso,
391 439 436 477 in
458 451 501 476 re
525 436 673 476 melius
697 437 884 474 animam
912 437 998 475 iam
1027 448 1101 487 per
1129 440 1316 475 aetatem
1345 435 1499 474 sensim
1529 432 1792 472 deficientem

196 505 350 543 ponere
379 496 512 543 potes,
544 504 673 542 quam
702 490 805 529 dum
835 490 1062 530 Cerberum
1089 491 1233 536 istum,
1265 490 1356 528 diro
1385 489 1546 527 latratu
1575 488 1619 526 in
1649 499 1794 525 omnes

193 546 496 585 ecclesiasticos
542 545 708 584 ordines
754 544 1046 591 insultantem,
1095 544 1235 596 gladio
1282 543 1463 594 Spiritus
1506 542 1708 580 abactum
1750 541 1795 578 in

195 605 368 640 antrum
399 613 523 639 suum
555 601 711 651 coges?
771 598 823 637 Id
855 599 971 649 quod
1003 603 1047 637 te
1078 597 1293 637 facturum
1326 610 1376 636 eo
1407 597 1541 647 magis
1574 594 1795 634 confidunt

195 667 353 701 omnes,
380 654 495 706 quod
519 655 608 705 ipse
632 665 767 704 nuper
792 652 934 692 aedito
959 652 1100 691 libello
1125 652 1467 703 expectationem
1492 652 1577 689 iam
1604 650 1793 688 omnium

195 708 247 748 de
267 722 317 748 ea
335 722 380 748 re
400 708 634 748 concitasti.

249 762 352 802 Vale
367 762 547 802 Londini
567 762 699 801 Nonis
720 761 831 800 Iunii
847 761 971 800 Anno
987 760 1208 799 Millesimo
1228 759 1569 811 quingentesimo
1591 757 1794 808 vigesimo

195 818 336 856 tertio.

412 953 533 991 1368.
597 949 738 991 FROM
770 949 1051 991 WOLFGANG
1082 947 1347 989 FABRICIUS
1382 946 1572 988 CAHTo.

241 1034 348 1068 Basle
362 1034 437 1070 MS.
454 1034 516 1069 ΚΞ.
533 1034 594 1069 Ar.
611 1043 652 1079 25
674 1046 706 1069 a.
732 1044 813 1068 100.
1495 1029 1704 1073 Strasburg.

240 1092 385 1128 Hessii.
403 1102 481 1138 555.
1467 1090 1508 1123 18
1525 1088 1623 1122 June
1642 1096 1743 1131 1523.

238 1165 283 1206 [A
302 1169 569 1207 contemporary
590 1176 691 1208 copy,
713 1164 885 1199 endorsed
907 1163 915 1177 ‘
929 1164 1038 1206 Copia
1058 1164 1104 1195 ad
1125 1164 1221 1195 Eras.
1245 1165 1329 1196 Rot.
1352 1173 1394 1195 ex
1417 1162 1611 1204 Argentina
1637 1162 1672 1192 18
1697 1160 1791 1193 Iunii

192 1220 284 1242 anno
307 1211 356 1242 &c
379 1210 497 1242 xxiii’.
547 1209 619 1241 The
640 1209 822 1251 year-date
842 1209 872 1240 is
895 1207 1084 1240 confirmed
1101 1207 1148 1249 by
1170 1207 1229 1238 the
1253 1206 1410 1238 mention
1435 1205 1470 1237 of
1491 1204 1660 1236 Hutten's
1678 1204 1791 1244 Eoepo-

191 1253 338 1327 stagatio.
381 1253 446 1327 ἕρ.
465 1263 559 1294 1374.
584 1263 644 1294 1—3
665 1253 777 1285 shows
792 1252 872 1284 that
890 1253 944 1284 for
958 1252 1037 1283 lack
1055 1251 1092 1284 of
1110 1262 1131 1282 a
1146 1260 1341 1292 messenger
1356 1249 1426 1281 this
1440 1249 1545 1280 letter
1560 1258 1630 1279 was
1645 1247 1792 1289 delayed

191 1296 227 1327 in
269 1296 381 1337 ispatc
410 1322 417 1329 .

236 1339 361 1381 Capito
375 1339 445 1371 had
461 1339 546 1371 been
561 1342 600 1370 at
614 1339 674 1370 the
689 1339 773 1371 Diet
787 1339 822 1370 of
836 1338 1052 1380 Nuremberg
1067 1337 1153 1369 with
1169 1337 1228 1368 the
1243 1335 1462 1376 Archbishop
1477 1334 1512 1366 of
1527 1334 1653 1366 Mainz.
1691 1333 1793 1365 After

192 1382 282 1414 their
303 1386 423 1414 return
445 1383 568 1414 thence
590 1383 626 1414 in
648 1382 730 1414 Feb.
758 1391 816 1422 152
822 1392 853 1422 3,
877 1382 920 1413 he
942 1381 1027 1413 took
1048 1380 1146 1412 leave
1168 1380 1239 1411 and
1260 1383 1353 1411 went
1375 1382 1413 1411 to
1435 1378 1644 1419 Strasburg3
1680 1377 1793 1409 where

192 1425 251 1457 the
268 1426 437 1457 influence
456 1426 491 1458 of
507 1426 561 1457 his
577 1425 708 1457 friends
726 1436 803 1457 now
821 1425 966 1457 decided
983 1424 1057 1456 him
1075 1427 1112 1456 to
1129 1423 1294 1456 abandon
1311 1423 1365 1454 his
1382 1422 1536 1464 position
1552 1421 1589 1453 in
1608 1421 1667 1452 the
1684 1420 1792 1452 Arch-

193 1469 345 1511 bishop’s
361 1472 461 1501 court
475 1469 546 1501 and
562 1469 674 1501 throw
688 1469 725 1501 in
740 1468 793 1500 his
808 1468 860 1500 lot
874 1468 961 1500 with
976 1468 1120 1499 Reform
1136 1477 1174 1499 as
1189 1467 1219 1498 it
1233 1477 1304 1498 was
1320 1465 1526 1507 developing
1542 1464 1677 1496 around
1692 1462 1794 1503 him]

245 1537 287 1577 S.
317 1537 371 1576 D.
430 1537 554 1585 Quod
582 1537 687 1576 nihil
716 1537 924 1576 hactenus
952 1537 1201 1588 scripserim,
1231 1536 1277 1574 in
1305 1547 1434 1574 causa
1462 1537 1528 1573 est
1555 1533 1793 1572 reuerentia

191 1593 255 1631 tui
283 1605 333 1631 ae
362 1605 480 1631 meae
508 1592 813 1631 imbecillitatis
842 1592 1112 1631 conscientia.
1170 1590 1254 1629 Tot
1282 1590 1475 1640 negotiis,
1511 1592 1580 1627 tot
1612 1587 1791 1634 technis,

190 1650 260 1686 tot
281 1647 445 1686 insidiis
466 1647 653 1686 iactatus
676 1647 904 1698 plusquam
928 1645 1152 1685 dimidium
1176 1645 1308 1683 animi
1331 1644 1453 1682 amisi
1473 1656 1481 1681 ε
1522 1643 1596 1693 qui
1620 1641 1792 1693 quidem

191 1700 349 1752 alioqui
381 1701 672 1750 tenuiss<ime>
700 1700 935 1752 superfluit.
993 1700 1088 1739 Iam
1122 1712 1222 1738 Vero
1255 1700 1411 1737 iterum
1444 1710 1558 1737 noua
1585 1696 1790 1747 tragedia.

192 1755 424 1795 Lutherani
446 1756 622 1806 picturis
644 1768 694 1794 ac
716 1755 866 1794 libellis
886 1755 1060 1793 famosis
1083 1767 1150 1792 me
1172 1753 1349 1792 vehunt.
1408 1750 1620 1790 Pontificii
1643 1754 1792 1789 contra

191 1810 346 1861 emptis
377 1810 633 1848 testimoniis
666 1814 742 1848 aut
775 1814 888 1848 certe
926 1808 1153 1848 eblanditis
1192 1807 1400 1856 Ro<mae>
1431 1805 1609 1851 faciunt,
1644 1805 1679 1843 si
1712 1804 1792 1843 diis

191 1863 344 1915 placet,
402 1863 870 1913 Lutheraniss<imum>.
929 1863 987 1902 Et
1031 1867 1133 1901 sunt
1178 1863 1251 1913 qui
1296 1861 1455 1899 talibus
1500 1859 1792 1910 sycophantiis

190 1918 371 1957 libenter
391 1931 513 1957 aures
534 1918 780 1970 praebeant,
803 1918 1000 1970 quamuis
1020 1930 1074 1956 ne
1094 1917 1262 1956 literam
1283 1914 1456 1966 quidem
1477 1914 1530 1952 de
1551 1927 1600 1952 eo
1620 1914 1791 1964 negotio

191 1973 440 2024 scripserim,
473 1985 610 2024 neque
640 1973 772 2011 etiam
804 1972 986 2011 consiliis
1017 1972 1120 2010 meis
1150 1970 1318 2010 illorum
1351 1981 1523 2008 causam
1555 1967 1791 2006 adiuuerim

191 2027 265 2078 qui
294 2027 498 2066 studeant
526 2027 758 2078 impensius
786 2026 912 2065 rebus
940 2025 1178 2065 nouandis:
1226 2025 1336 2063 sicut
1365 2024 1496 2062 etiam
1525 2022 1631 2061 nihil
1660 2022 1791 2073 pressi

191 2081 370 2120 istorum
394 2084 538 2132 partes
561 2082 635 2132 qui
660 2082 803 2120 omnia
826 2093 946 2120 sacra
969 2080 1275 2132 prophanaque
1300 2078 1588 2124 commiscent,
1615 2080 1791 2128 questus

191 2136 256 2174 sui
282 2148 422 2175 causa.
481 2135 606 2175 Lucri
631 2136 744 2174 enim
769 2136 873 2174 satis
899 2135 1069 2174 abunde
1096 2134 1198 2173 mihi
1224 2133 1376 2185 putaui
1403 2133 1603 2183 vtrinque
1630 2131 1789 2177 abesse,

191 2191 393 2240 quoniam
417 2190 587 2241 vtrique
610 2190 717 2228 odiis
739 2190 966 2241 plusquam
989 2189 1193 2228 fatalibus
1216 2187 1550 2227 tumultuantur.

246 2244 382 2283 Vocat
402 2257 468 2282 me
489 2244 721 2283 Cardinalis
741 2258 860 2283 meus
879 2245 1016 2283 tribus
1035 2244 1196 2282 nuntiis
1217 2256 1224 2281 :
1262 2255 1338 2293 ego
1358 2254 1471 2288 vero,
1494 2241 1595 2291 quia
1614 2241 1658 2278 in
1678 2239 1790 2279 hunc

191 2298 366 2337 modum
391 2299 604 2345 traducor,
632 2299 711 2337 hac
736 2299 841 2337 hora
866 2299 1107 2337 missionem
1133 2297 1376 2348 efflagitaui,
1403 2300 1448 2334 et
1472 2296 1534 2334 ita
1559 2293 1789 2345 efflagitaui
1836 2312 1846 2318 -

192 2356 241 2391 vt
258 2352 434 2392 honeste
451 2357 528 2391 aut
545 2353 765 2392 commode
782 2366 934 2404 negare
951 2356 1149 2403 nequeat.
1209 2352 1433 2389 Praeterea
1450 2349 1788 2400 praeposituram

707 2424 801 2457 1367.
829 2435 900 2466 105.
927 2423 1018 2454 Iunii
1036 2423 1094 2454 H:
1125 2421 1205 2453 Iulii
1221 2422 1266 2453 N.

200 2472 208 2473 ’
238 2471 582 2531 {36'7s10j3555dit0
610 2488 742 2528 libello]
768 2489 840 2521 eac.
861 2489 956 2526 Luc„
1023 2489 1060 2519 in
1092 2487 1158 2525 JE,
1189 2487 1260 2524 LE,
1289 2496 1327 2517 or
1349 2485 1426 2517 ME.
1476 2486 1547 2517 But
1571 2494 1614 2515 on
1639 2492 1676 2514 21
1706 2483 1789 2524 May

191 2532 289 2574 April
315 2541 411 2573 1523,
440 2533 658 2573 mentioning
686 2533 746 2565 the
773 2533 954 2575 projected
1028 2541 1108 2572 1523
1121 2526 1788 2571 Hedio(p.479)wrotetoCapitofr0111

193 2576 371 2617 dialogues
393 2575 502 2609 about
522 2576 656 2609 Luther
678 2578 718 2616 (1,
737 2587 796 2618 pp.
815 2585 870 2619 34.
890 2585 957 2607 22-
1023 2575 1139 2609 Mainz
1155 2574 1290 2615 (Krafft
1305 2584 1338 2615 p.
1360 2575 1413 2613 53)
1430 2585 1437 2604 :
1470 2571 1478 2584 ⁶
1493 2572 1649 2603 Nescnus
1665 2580 1683 2601 e
1700 2570 1787 2602 Wit-

191 2619 769 2694 ³⁵1110³13³E32231133¹²3lffiss¹¹5e1313331
794 2620 957 2694 22²2.ss
1023 2618 1190 2694 ῗῗῧῖθΓὲΫ
1213 2617 1320 2693 ἕὲὲἓῖῗ
1335 2615 1641 2693 ἒὲτέῗέἓέῗιῑέῗῧὲ
1668 2613 1786 2690 ”Ὂέξ)ἶῖε

192 2673 296 2737 (lemn
326 2706 468 2745 Luther,
496 2688 600 2738 ’mado
627 2706 658 2737 it
686 2673 792 2747 plairi3
812 2707 892 2737 that
921 2707 958 2737 in
1023 2672 1277 2747 pulchre‘zijpud
1293 2703 1486 2735 Lutherum
1502 2713 1544 2734 ne
1562 2678 1785 2743 quid'horiim

193 2760 298 2791 many
325 2750 443 2791 points
473 2749 516 2781 he
546 2750 726 2791 disagreed
756 2750 842 2781 with
872 2750 957 2788 him,
1024 2750 1087 2781 fiat
1117 2749 1213 2790 quod
1243 2752 1283 2779 tu
1314 2746 1529 2779 metueba-s⁷'
1547 2746 1563 2776 ³.
1622 2745 1683 2778 See
1715 2745 1788 2776 also

191 2793 376 2835 especially
410 2793 634 2835 deprecating
667 2793 726 2824 the
758 2793 881 2825 attack
914 2804 958 2826 on
1026 2793 1091 2835 Ep.
1115 2801 1207 2832 1374.
1230 2791 1330 2831 96-9.

193 2837 314 2878 Henry
350 2845 427 2868 vnr.
487 2836 560 2868 The
595 2836 734 2868 volume
770 2847 840 2868 was
872 2847 957 2878 very
1070 2839 1099 2869 6.
1126 2834 1274 2874 Romae]
1299 2834 1354 2866 No
1377 2833 1489 2865 doubt
1513 2832 1622 2865 under
1643 2832 1787 2874 instiga-

190 2880 297 2922 likely
315 2884 395 2912 sent
414 2884 452 2912 to
471 2880 633 2922 England
652 2880 738 2912 with
757 2880 817 2911 the
836 2880 956 2911 letters
1024 2880 1099 2911 tion
1128 2879 1216 2910 from
1241 2878 1394 2920 Capito's
1419 2876 1523 2908 rix-als
1547 2876 1601 2907 for
1625 2876 1684 2908 the
1710 2886 1786 2917 pro-

191 2923 393 2956 mentioned
406 2924 442 2955 in
457 2923 491 2955 ll.
514 2932 588 2955 1-2.
1025 2923 1184 2964 vostship
1209 2922 1244 2962 (l.
1276 2922 1366 2960 1611).

240 2968 333 3000 1368.
362 2977 388 2999 1.
413 2967 501 2999 nihil
513 2967 696 3007 hactenus]
709 2966 759 2999 Cf.
775 2966 840 3008 Ep.
859 2976 951 3008 1374.
1072 2978 1120 3009 14.
1146 2966 1338 2999 Cnrdinalis
1373 2963 1484 3003 meus]
1519 2964 1590 2995 The
1626 2963 1717 3005 Abp.
1755 2962 1789 2994 of

194 3019 293 3053 52—3.
1023 3011 1147 3042 Mainz.

240 3063 268 3094 5.
295 3054 500 3094 Lutherani]
521 3054 536 3086 1
558 3053 630 3086 lind
650 3065 695 3086 no
717 3058 809 3086 t-race
831 3054 865 3085 oi
886 3053 956 3086 this
1071 3057 1119 3087 16.
1146 3051 1442 3095 praeposituram]
1468 3051 1512 3085 Of
1543 3053 1594 3084 St.
1625 3046 1787 3082 Thomas'

1814 501 1874 524 100

1814 772 1871 803 105

1812 2041 1851 2063 10
