2033 3395
122 174 244 223 1271]
1661 173 1709 211 37

479 284 602 324 1271.
666 281 807 324 FROM
838 280 973 323 JOHN
1005 281 1154 324 L0U1s
1187 281 1352 324 Vrvns.

167 369 268 404 Viuis
287 370 417 414 Opera,
442 377 540 413 1555,
560 370 596 411 ii,
616 381 650 414 p.
669 370 736 410 962
759 370 818 413 (a).

164 425 220 460 Vi.
242 425 297 467 E„
314 425 341 460 f.
360 425 401 459 61
426 425 504 468 (β);
538 424 654 459 Lond.
675 424 757 459 Viv.
776 434 797 468 7
815 437 824 459 ε
857 424 931 459 LB.
950 425 1031 466 619.

486 499 569 539 [For
586 508 724 530 sources
741 498 811 530 and
829 498 912 530 date
930 508 986 531 see
1005 499 1070 541 Ep.
1095 508 1176 531 1222
1196 499 1341 540 introd.]

1452 369 1601 413 Bruges.

1404 434 1415 458 1
1439 423 1543 468 April
1563 432 1663 468 1522.

721 588 862 618 VIVES
896 589 1086 620 ERASMO
1093 611 1101 620 .

168 655 423 695 EPISTOLAM
450 658 572 694 tuam
599 654 742 705 accepi
768 653 960 694 Basileae
980 655 1182 706 scriptam
1202 655 1336 706 pridie
1355 655 1500 694 Nonas
1528 655 1712 695 Februa-

113 709 224 749 rias:
269 714 313 749 et
341 710 484 760 accepi
511 722 598 748 non
634 709 891 760 resignatam
920 721 1102 760 prorsus,
1141 709 1217 748 sed
1245 709 1363 760 signo
1390 710 1454 748 ita
1490 709 1640 749 luxato
1669 715 1713 749 et

112 764 338 803 obscurato
366 768 415 803 vt
440 763 563 802 facile
588 767 698 802 esset
724 763 1034 814 deprehendere
1059 763 1188 803 fuisse
1214 767 1407 815 apertam
1433 764 1478 803 in
1504 764 1587 803 via.
1649 765 1714 804 De

113 818 297 858 Ciuitate
333 818 561 869 Augustini
597 817 760 869 gaudeo
797 818 969 856 seorsim
1006 817 1088 864 edi,
1127 822 1172 857 613
1207 818 1344 857 habeo
1381 818 1461 857 ‘tibi
1496 818 1713 870 ingentem

112 873 293 923 gratiam
312 873 386 924 qui
404 873 483 911 1106
503 872 673 911 61116115.
721 871 803 911 Sed
822 871 950 911 Velim
968 872 1099 911 etiam
1119 876 1162 911 et
1181 886 1277 911 611111
1296 872 1467 923 reliquis
1485 873 1714 924 Augustini
1733 890 1750 924 5

111 927 307 977 operibus
323 926 572 973 excudatur,
590 939 642 965 ne
660 926 769 965 desit
785 926 865 966 hoc
881 926 1119 965 membrum
1136 927 1301 978 corpori
1316 940 1393 966 suo
1413 940 1422 974 ;
1455 927 1572 978 quod
1589 927 1714 967 credo

112 981 368 1021 Frobenium
387 981 615 1027 facturum,
637 984 687 1019 vt
707 984 751 1019 et
770 981 1000 1032 separatim
1020 981 1184 1032 aliquot
1204 985 1248 1020 et
1268 982 1527 1020 coniunctim
1548 981 1714 1033 aliquot

111 1035 342 1086 imprimat.
392 1035 626 1075 Voluissem
646 1035 765 1075 lectis
785 1035 997 1074 nonnullis
1018 1035 1182 1087 paginis
1203 1036 1247 1074 in
1266 1036 1316 1074 iis
1336 1035 1452 1074 libris
1473 1049 1580 1087 quos
1600 1036 1713 1083 misi,

112 1090 314 1129 iudicium
336 1089 390 1129 ad
411 1103 479 1129 me
498 1089 838 1140 sententiamque
859 1093 980 1128 tuam
1001 1090 1322 1141 perscripsisses,
1345 1095 1395 1129 vt
1415 1090 1587 1129 scissem
1609 1090 1714 1142 quid

113 1144 338 1183 vitandum
356 1144 471 1190 mihi,
490 1143 594 1195 quid
609 1143 884 1195 sequendum,
903 1143 1007 1195 quid
1022 1144 1255 1183 tenendum
1272 1148 1382 1183 esset
1402 1158 1411 1192 ;
1443 1157 1521 1196 ego
1538 1145 1651 1184 enim
1668 1145 1712 1184 in
1734 1161 1775 1186 ιο

112 1198 191 1237 1106
219 1212 345 1250 opere
372 1199 596 1245 breuitate,
625 1202 837 1249 quantum
864 1199 1000 1249 potui,
1029 1198 1175 1238 studui
1203 1198 1379 1249 placere.
1437 1199 1714 1239 Incurrerunt

111 1253 287 1304 quidam
313 1253 394 1292 1061
413 1253 456 1291 111
476 1253 631 1304 quibus
657 1251 702 1291 id
729 1253 936 1303 praestari
962 1265 1049 1291 non
1075 1253 1231 1304 potuit,
1260 1257 1311 1292 vt
1337 1266 1471 1304 quum
1498 1258 1621 1293 erant
1647 1266 1712 1293 res

110 1320 195 1346 non
224 1307 455 1346 admodum
484 1306 691 1358 theologis
718 1307 872 1345 nostris
899 1307 1121 1358 cognitae;
1148 1308 1258 1346 sicut
1284 1307 1497 1354 historiae,
1524 1307 1711 1354 fabulae,

111 1361 413 1412 philosophica,
438 1361 662 1412 praecipue
684 1360 918 1399 Platonica.
971 1361 1073 1400 Ideo
1096 1362 1140 1400 in
1163 1365 1317 1400 octauo
1341 1366 1385 1401 et
1407 1362 1570 1401 decimo
1593 1362 1713 1401 libris

109 1415 272 1467 longior
291 1416 353 1454 fui
372 1415 516 1454 forsan
536 1428 667 1466 quam
687 1415 915 1465 oportebat
935 1428 943 1461 ;
980 1419 1074 1454 tum
1094 1419 1146 1454 vt
1165 1415 1385 1455 recondita
1403 1416 1484 1454 illis
1505 1417 1711 1467 aperirem
1736 1433 1770 1466 15

110 1474 154 1509 et
173 1470 415 1521 proferrem,
437 1474 530 1508 tum
550 1473 601 1508 vt
620 1469 841 1508 Platonica
860 1482 1031 1520 prorsus
1049 1483 1136 1509 non
1153 1470 1410 1521 ignorarent,
1432 1470 1712 1522 viderentque

110 1525 212 1564 haec
241 1524 345 1563 nihil
373 1523 652 1563 Aristotelieis
681 1523 839 1571 cedere,
869 1528 914 1563 et
940 1524 1175 1576 inciperent
1203 1524 1308 1563 alios
1336 1537 1506 1576 quoque
1535 1537 1710 1577 magnos

110 1579 308 1618 authores
329 1579 436 1618 velle
455 1591 716 1630 cognoscere.

163 1633 204 1673 N
206 1647 251 1673 ec
274 1638 420 1672 tamen
443 1633 587 1671 omnia
609 1632 767 1672 conieci
790 1645 899 1684 quae
922 1633 1168 1684 potuissem.
1220 1633 1357 1672 Multo
1381 1633 1503 1684 plura
1526 1637 1710 1685 praeter·

110 1688 204 1727 misi
219 1701 349 1739 quam
366 1687 506 1726 attuli.
551 1687 603 1726 In
619 1687 711 1726 aliis
724 1686 841 1725 libris
856 1686 979 1726 facile
993 1688 1239 1727 institutam
1255 1689 1423 1727 seruaui
1439 1688 1710 1735 breuitatem,
1729 1704 1774 1729 20

107 1743 310 1793 quoniam
329 1743 528 1781 historiae
548 1754 600 1781 ex
618 1742 746 1780 sacris
764 1741 880 1780 libris
900 1742 1061 1793 petitae
1079 1743 1264 1782 notiores
1283 1746 1397 1789 sunt,
1418 1743 1548 1782 etiam
1568 1742 1709 1794 vulgo,

107 1809 237 1848 quam
254 1801 304 1836 vt
320 1796 505 1836 debeant
520 1795 655 1835 fusius
670 1796 871 1847 explicari
891 1809 900 1842 ;
933 1800 977 1835 et
993 1797 1230 1848 theologica
1247 1801 1498 1848 argumenta
1513 1810 1600 1836 non
1616 1810 1708 1836 511111

108 1851 254 1890 multis
281 1850 745 1901 executus,—attigisse
773 1854 1013 1898 contentus,
1035 1851 1193 1902 alioqui
1212 1851 1353 1890 nullus
1372 1850 1525 1890 fuisset
1543 1851 1708 1890 modus,

108 1905 195 1945 Nec
218 1906 374 1957 gloriae
395 1910 486 1944 tam
509 1905 664 1944 seruiui
691 1917 821 1956 quam
849 1904 992 1943 forsan
1020 1909 1176 1957 putas;
1215 1906 1294 1944 etsi
1322 1905 1513 1944 nonnihil
1542 1918 1713 1957 quoque

107 1964 172 1999 est
187 1961 225 2000 ei
240 1960 404 1999 datum.
449 1959 531 2000 Sed
546 1972 683 2010 neque
695 1963 865 2010 tempus
880 1972 1017 2011 neque
1029 1960 1166 2011 operis
1181 1960 1290 1998 ratio
1306 1972 1561 2011 magnopere
1576 1972 1643 1999 me
1659 1959 1711 1999 de
1730 1974 1749 2000 2
1755 1976 1769 2008 5

108 2014 240 2067 gloria
270 2015 462 2054 siuerunt
493 2014 706 2065 cogitare;
753 2013 849 2064 plus
880 2014 992 2052 enim
1023 2014 1250 2054 voluissem
1282 2015 1486 2065 temporis
1516 2013 1573 2053 ad
1603 2026 1711 2066 opus

108 2069 225 2120 quod
245 2073 388 2108 totum
410 2081 537 2107 aurae
559 2067 817 2107 tribueretur
838 2072 882 2107 et
902 2068 1076 2107 nomini.
1127 2068 1292 2108 Deinde
1313 2069 1453 2108 nescio
1475 2081 1559 2120 quo
1582 2072 1711 2120 pacto

108 2123 414 2170 commentarii,
444 2123 524 2162 nisi
552 2122 638 2161 sint
664 2122 709 2160 in
735 2134 874 2162 sacras
902 2122 1059 2170 literas,
1089 2136 1175 2162 non
1204 2123 1365 2163 habent
1392 2123 1562 2175 genium
1590 2123 1709 2162 illum

108 2178 182 2229 qui
215 2191 416 2229 magnum
450 2177 635 2216 excitare
667 2189 822 2216 nomen
855 2177 1002 2228 possit.
1076 2178 1193 2229 Opus
1226 2178 1408 2229 ingentis
1441 2177 1597 2229 gloriae
1629 2178 1711 2227 <si>

107 2236 249 2272 totum
265 2232 458 2271 futurum
474 2235 538 2271 est
554 2230 743 2270 authoris
758 2231 903 2282 ipsius,
920 2245 1006 2270 non
1021 2231 1149 2271 debet
1163 2232 1207 2271 in
1223 2232 1352 2271 alium
1369 2233 1506 2271 scribi.
1552 2231 1708 2271 Verum
1728 2246 1771 2280 30

105 2287 168 2326 ita
196 2291 262 2326 est
290 2300 315 2325 a
343 2286 477 2333 nobis,
507 2289 717 2337 quantum
745 2285 878 2332 licuit,
908 2285 1187 2333 elaboratum,
1218 2291 1267 2326 vt
1295 2300 1382 2326 non
1409 2286 1599 2325 diffidam
1620 2286 1708 2325 fore

107 2342 211 2392 quin
235 2341 366 2381 lector
390 2354 457 2380 1116
486 2344 530 2380 61
553 2340 646 2386 tibi,
672 2353 756 2391 quo
787 2340 965 2380 authore
989 2354 1096 2392 opus
1120 2341 1297 2392 suscepi,
1323 2346 1367 2380 et
1395 2341 1633 2392 Augustino
1663 2344 1708 2379 et

107 2396 261 2447 gloriae
280 2396 434 2435 seruire
451 2394 632 2434 voluisse
651 2399 891 2446 cognoseat.
940 2395 1056 2443 Quae
1074 2396 1238 2435 iocatus
1251 2409 1344 2435 sum
1357 2396 1402 2434 in
1415 2396 1706 2446 interpretem,

447 2480 495 2502 11-
523 2482 540 2498 (z
563 2468 686 2500 Lond.:
713 2468 878 2500 1116111111ΐί
896 2472 928 2503 β.
1071 2482 1119 2511 13·
1146 2472 1188 2504 B:
1213 2471 1323 2502 nostis
1341 2484 1371 2500 u.

155 2547 180 2569 1.
208 2536 420 2578 Epistulam]
455 2535 644 2567 Doubtless
679 2534 871 2576 answering

106 2580 170 2623 Ep.
194 2582 276 2621 1256
292 2592 299 2612 :
331 2581 357 2611 it
374 2580 402 2611 is
418 2582 481 2611 not
497 2582 631 2610 extant.

153 2633 182 2665 3.
209 2625 262 2656 Dc
276 2624 442 2662 Ciuitate]
455 2624 516 2655 See
532 2622 597 2663 Ep.
617 2631 709 2663 1309.

150 2678 182 2707 4.
209 2667 366 2707 seorsim]
389 2666 550 2698 Without
567 2666 709 2707 waiting
733 2665 787 2696 for
810 2664 869 2696 1116

105 2716 175 2743 1651
194 2712 230 2743 of
249 2709 425 2742 Erasmus’
446 2709 579 2741 edition
598 2709 633 2740 of
652 2709 846 2750 Augustino
863 2719 869 2738 :

106 2755 218 2787 which
247 2754 306 2785 did
336 2757 398 2786 not
427 2763 557 2794 appear
584 2752 639 2783 till
670 2761 762 2793 1529.
817 2752 866 2783 C-f.

108 2799 172 2841 Ep.
197 2799 289 2838 1256.
316 2805 455 2836 137-42.

155 2850 205 2874 11.
233 2841 421 2880 breuitate]
460 2839 503 2872 In
544 2838 754 2870 accordanco
784 2838 869 2870 with

106 2885 245 2918 counsel
257 2885 345 2916 from
360 2884 526 2915 Erasmus
542 2895 548 2915 z
575 2893 630 2913 see
644 2882 708 2923 Ep.
728 2890 762 2922 15
769 2891 819 2922 31.

152 2937 205 2969 33.
232 2928 328 2966 Quae
343 2928 476 2959 iocatus
491 2927 583 2966 sum]
595 2925 667 2957 The
682 2928 779 2966 story
794 2924 869 2956 told

106 2972 142 3006 in
163 2972 278 3005 Vivcs‘
302 2971 438 3013 prcfaeo
459 2974 497 3002 to
519 2970 579 3002 the
601 2969 721 3001 reader
743 2968 794 3008 (Ο.
811 2969 869 3007 Ι).,

105 3015 146 3048 10.
167 3017 261 3055 aa⁶)t
295 3014 304 3027 ‘
318 3014 479 3047 Proxime
498 3013 641 3056 quidam
661 3012 870 3054 Theologiae

109 3058 335 3096 Licentiatus,
355 3068 463 3100 quum
487 3057 642 3090 audisset
658 3066 713 3088 me
730 3056 764 3088 in
780 3055 868 3088 libro

940 2535 982 2567 (16
999 2536 1150 2568 Ciuitate
1166 2537 1229 2568 Dei
1245 2536 1406 2574 seribere,
1422 2546 1548 2577 magno
1563 2535 1707 2567 fastidio

939 2589 1080 2621 operam
1104 2590 1215 2611 ineam
1239 2583 1408 2621 tanquam
1431 2579 1589 2610 inutilem
1610 2589 1704 2619 pror-

939 2633 997 2654 sus
1035 2634 1234 2663 vanamque
1261 2626 1466 2663 aspernatus
1497 2626 1560 2653 est.
1622 2621 1641 2632 '⁵
1657 2622 1704 2654 Et

938 2666 1022 2707 quid
1039 2666 1058 2678 ’¹
1081 2667 1195 2707 inquit
1217 2665 1237 2678 “
1251 2676 1338 2707 opus
1357 2670 1410 2697 est
1429 2665 1525 2697 libris
1543 2665 1610 2697 illis
1627 2665 1701 2697 illu·

937 2713 1099 2747 stratore,
1124 2710 1200 2751 plus
1223 2710 1308 2740 satis
1331 2720 1373 2740 ex
1397 2719 1432 2740 se
1457 2709 1645 2750 perspicuis
1668 2713 1705 2741 et

937 2753 1038 2785 elaris
1055 2757 1067 2784 ’ἰ
1085 2753 1104 2766 ”
1147 2754 1175 2785 Ο
1193 2756 1228 2784 te
1247 2752 1389 2789 felicem,
1409 2753 1566 2793 quisquis
1582 2763 1630 2789 es,
1648 2753 1704 2784 6111

937 2800 1010 2827 tam
1025 2797 1137 2836 aperti
1150 2796 1336 2836 facilesque
1349 2799 1433 2828 sunt
1446 2795 1481 2827 hi
1494 2797 1538 2828 de
1551 2796 1704 2828 Ciuitate

937 2840 1003 2871 Dei
1033 2839 1130 2871 libri!
1186 2839 1367 2872 Caeterum
1401 2840 1520 2871 mirari
1552 2839 1611 2879 qui
1642 2851 1700 2872 au-

936 2882 1082 2914 diebant
1096 2883 1151 2914 vel
1167 2883 1341 2925 ingenium
1357 2883 1506 2915 hominis
1521 2883 1576 2915 vel
1590 2883 1701 2915 erudi-

937 2927 1079 2963 tionem,
1107 2926 1163 2958 vel
1188 2929 1280 2958 certe
1306 2926 1701 2968 impudentiam—nam

938 2971 1193 3011 imperitissime
1238 2970 1460 3011 loquebatur,
1505 2973 1541 3002 et
1587 2981 1699 3002 rerum

937 3014 1093 3045 omnium
1121 3016 1279 3046 veterum
1307 3017 1384 3046 erat
1411 3014 1553 3046 omnino
1579 3024 1702 3056 expers

936 3068 977 3090 ae
1024 3056 1142 3094 rudis;
1200 3057 1409 3099 rogauitque
1455 3067 1497 3089 ex
1537 3056 1603 3089 hiis
1640 3057 1701 3097 qui
