2012 3370
238 298 253 329 5
277 284 311 321 si
339 283 578 322 vindicetur
605 295 631 320 a
658 282 929 333 quibusdam
958 295 1047 320 rcm
1074 283 1211 333 ipsam
1239 283 1419 322 diuinas.

280 174 357 211 (51⁴.)
750 173 1004 213 LETTERS
1036 173 1108 212 OF
1138 173 1402 214 ERASMUS
1752 178 1877 228 [1524

1478 284 1636 335 Vrgeor
1663 287 1876 337 vtfinque,

275 337 358 376 dici
388 338 461 374 vix
491 340 635 386 potest
664 349 794 387 quam
825 336 981 382 odiose,
1013 336 1087 375 sed
1116 337 1161 375 in
1191 341 1373 389 vtraque
1402 341 1526 389 parte
1556 338 1681 378 video
1710 339 1879 380 futuros

276 390 573 437 intolerabiles,
602 391 636 429 si
664 392 853 429 vincant.
910 390 992 429 Hic
1019 403 1084 429 res
1111 390 1236 442 plane
1263 396 1431 442 spectat
1458 392 1514 430 ad
1540 392 1805 441 seditionem,
1834 399 1879 434 et

276 444 439 495 aliquot
471 447 649 484 δυνασταὶ
683 458 750 483 1110
784 450 994 484 conantur
1028 444 1243 484 volentem
1280 446 1493 485 nolentem
1528 446 1625 485 huic
1659 447 1878 487 inuoluere

275 500 460 549 negocio,
496 499 602 537 nihil
636 499 927 549 profecturum
962 500 1041 538 nisi
1076 503 1126 538 vt
1160 504 1373 550 vtranque
1408 505 1574 551 partem
1608 503 1653 540 in
1686 515 1753 540 me
1781 514 1875 553 pro-

218 568 255 589 10
274 565 435 591 uocem.
492 553 529 591 A
556 557 681 591 tanto
709 553 836 604 Rege,
867 566 892 591 a
919 553 996 592 tali
1024 553 1187 603 Regina
1214 554 1379 592 laudari
1406 555 1680 594 vehementer
1706 560 1876 607 gratum

215 838 248 869 ¹>

274 610 366 653 ‹st;
412 607 486 645 sed
513 607 618 658 quid
637 608 748 646 istuc
773 611 865 656 πρὸς
883 608 914 647 τ’
935 611 1077 657 ἄλφιτα
1099 612 1115 646 ‘3
1161 607 1276 647 Belle
1304 608 1491 659 disputo,
1522 609 1596 648 sed
1623 609 1691 648 hic
1720 623 1875 662 magno

272 662 413 699 fumat
434 661 586 699 culina.
635 662 867 700 Montioius
887 675 940 700 ne
960 662 1138 700 velbum
1152 662 1325 713 quidem
1346 663 1572 702 mandauit
1591 668 1668 703 aut
1683 665 1874 715 scripsit;

273 716 421 765 opinor
442 715 632 754 subitum
654 716 794 755 Liuini
813 716 1044 755 discessum
1065 716 1223 754 fuisse'
1214 730 1258 754 ln
1279 730 1419 755 causa.

327 768 462 816 Quem
485 769 601 808 dicas
624 783 785 809 nouum
808 784 950 809 mcum
974 770 1307 817 colluctatorem,
1332 784 1419 809 non
1442 772 1546 810 satis
1568 771 1771 823 intelligo,
1796 774 1876 811 nisi

237 823 382 862 -forto
421 823 525 862 dicis
567 824 780 863 Othonem
820 824 1151 870 Brunsfeldium,
1193 838 1320 875 quem
1359 826 1449 876 ipse
1490 825 1702 864 Lutherus
1742 827 1877 877 magis

271 882 494 917 execratur
513 891 642 929 quam
662 892 752 929 ego.
802 878 860 918 Et
879 879 958 918 1100
977 883 1125 917 tamen
1143 879 1331 917 insanior
1349 884 1415 918 cst
1434 879 1660 919 Phallicus.
1710 880 1874 919 Horum

270 931 540 971 insolentiam
580 933 885 971 cohereuerunt
926 934 1201 983 magistratus
1240 935 1499 984 grauissimis
1538 935 1676 981 minis,
1717 934 1876 986 alioqui

271 987 625 1036 impotentissime
649 987 1061 1026 debacchaturorum
1083 988 1128 1025 in
1153 1000 1231 1025 me.

325 1040 377 1079 In
407 1040 658 1091 Hieronymi
688 1041 869 1087 scholiis,
900 1042 935 1079 si
965 1054 1050 1080 non
1081 1042 1236 1087 onmia,
1268 1046 1381 1080 certe
1410 1042 1624 1092 permulta
1654 1044 1875 1094 castigaui.

209 1110 251 1131 20
271 1094 496 1133 Habebam
525 1095 569 1133 id
597 1097 802 1146 temporis
831 1095 1034 1146 plurimos
1063 1096 1347 1146 instigatores,
1379 1096 1619 1135 adiutorem
1647 1098 1874 1136 neminem.

207 1381 245 1412 25

207 1651 248 1682 30
268 1635 480 1674 vendibile
517 1640 583 1675 est
620 1641 788 1686 praeter
826 1636 1071 1675 Lutherana
1109 1650 1158 1675 ac
1187 1637 1530 1676 Antilutherana.

205 1933 242 1953 ὸ)

271 1148 305 1186 Ο
327 1161 394 1186 me
414 1148 563 1187 rudem
583 1150 740 1200 ingenii
760 1149 999 1189 Germanici
1020 1150 1027 1188 ῐ
1079 1150 1281 1188 Erratum
1302 1150 1355 1188 de
1375 1150 1555 1189 Laberio
1574 1164 1710 1202 nuper
1729 1151 1874 1202 depre-

270 1202 410 1249 hendi,
443 1203 546 1241 dum
578 1205 731 1242 certior
761 1217 849 1242 esse
881 1205 1006 1254 cupio
1037 1203 1089 1242 de
1121 1208 1293 1242 aetate:
1340 1206 1516 1243 tametsi
1546 1208 1674 1243 antea
1704 1218 1875 1256 quoque

270 1256 618 1296 subdubitabam.
686 1257 853 1296 Linacri
892 1263 1075 1297 mortem
1114 1258 1305 1297 acerbius
1344 1258 1509 1305 ferrem,
1549 1260 1594 1297 ni
1632 1264 1873 1310 reputarem

269 1312 442 1361 quantis
463 1311 721 1351 cruciatibus
742 1312 979 1351 subductus
1000 1313 1069 1351 sit.

323 1364 387 1403 De
413 1365 465 1404 N.
495 1367 641 1416 scripsi
666 1379 753 1405 non
779 1371 992 1417 quantum
1017 1366 1086 1405 ille
1113 1371 1311 1414 meretur,
1340 1367 1538 1406 omnibus
1564 1367 1798 1419 Eurybatis
1824 1381 1873 1407 ac

268 1419 538 1470 Phrynondis
580 1420 833 1468 sceleratior,
878 1421 952 1460 sed
994 1425 1207 1472 quantum
1249 1434 1368 1460 meae
1411 1421 1645 1460 modestiae
1687 1426 1873 1473 tuaeque

268 1473 519 1523 prudentiae
547 1476 651 1513 satis
679 1488 768 1513 esse
794 1475 994 1514 indicaui.
1052 1475 1134 1514 Hic
1162 1475 1309 1514 sedulo
1336 1475 1553 1515 dissuadet
1583 1475 1792 1515 Frobenio
1819 1489 1873 1515 ne

268 1527 373 1578 quid
400 1532 573 1567 tuorum
602 1529 801 1567 excudat.
860 1529 919 1567 Et
947 1529 1182 1568 Frobenius
1210 1529 1427 1568 duntaxat
1456 1530 1535 1568 hac
1563 1531 1609 1569 in
1637 1543 1680 1568 re
1710 1530 1871 1581 absque

265 1581 378 1620 illius
406 1582 616 1631 praesidio
644 1583 748 1621 nihil
777 1587 933 1633 potest.
992 1583 1103 1621 Nam
1132 1583 1249 1634 apud
1278 1583 1510 1623 Germanos
1539 1585 1613 1622 vix
1641 1585 1870 1635 quicquam

1597 1637 1693 1676 Mea
1725 1643 1871 1677 tamen

267 1689 406 1728 adhuc
435 1690 538 1728 satis
566 1690 820 1729 fauorabilia
848 1695 961 1736 sunt,
993 1690 1061 1729 vel
1089 1690 1168 1729 hoc
1198 1696 1462 1742 argumento,
1493 1691 1609 1742 quod
1638 1691 1872 1730 Frobenius

266 1751 357 1781 tam
378 1744 535 1782 multos
555 1743 687 1783 habet
702 1744 890 1784 aemulos
906 1757 1060 1795 magno
1076 1757 1152 1783 suo
1168 1744 1403 1796 dispendio.
1452 1745 1641 1784 Caesaris
1657 1746 1871 1785 aedictum

267 1797 382 1847 quod
419 1797 607 1837 deterret
644 1799 845 1845 aemulos,
886 1798 1011 1837 huius
1048 1812 1134 1838 non
1172 1798 1337 1838 faciunt
1374 1800 1455 1850 ipsi
1493 1801 1567 1851 qui
1603 1800 1726 1839 nobis
1763 1800 1872 1839 dant

265 1852 486 1891 Caesarem
507 1866 515 1891 :
555 1853 642 1891 imo
667 1853 861 1891 vendunt
885 1853 1075 1892 Caesaris
1098 1866 1266 1892 nomen.
1321 1853 1413 1905 Ego
1436 1855 1523 1892 iam
1548 1854 1711 1905 pridem
1735 1856 1871 1906 gestio

208 1922 241 1931 .-
266 1907 469 1956 quopiam
489 1906 543 1944 ab
564 1906 628 1945 his
649 1906 786 1958 figulis
806 1907 1053 1958 demigrare.

319 1959 553 1999 Frobenius
582 1961 685 1999 mihi
715 1963 821 2000 serio
851 1966 1027 2012 questus
1056 1965 1121 2000 est
1150 1975 1193 2000 se
1222 1974 1275 2000 nc
1305 1975 1438 2000 vnum
1468 1961 1641 2013 quidem
1670 1975 1776 2013 opus
1806 1963 1870 2001 De

265 2013 450 2053 Ciuitate
479 2014 559 2053 Dei
587 2015 768 2054 vendere
797 2015 1122 2061 Francfordjae3
1166 2015 1296 2067 idque
1324 2029 1374 2055 eo
1401 2016 1526 2055 vultu
1546 2016 1658 2055 dixit
1676 2021 1726 2055 vt
1745 2016 1869 2067 plane

264 2068 436 2107 credam
468 2069 683 2108 hominem
716 2069 822 2108 nihil
855 2069 1024 2120 fingere.
1089 2070 1215 2109 Vides
1249 2071 1381 2109 etiam
1414 2071 1458 2108 in
1491 2071 1710 2109 Musarum
1743 2070 1869 2109 rebus

265 2135 436 2173 regnare
461 2122 693 2162 fortunam.
748 2123 838 2174 Ego
862 2123 946 2162 illic
972 2123 1076 2162 nihil
1100 2137 1187 2162 non
1212 2125 1408 2174 suspicio,
1435 2125 1515 2163 nisi
1540 2125 1656 2176 quod
1680 2124 1870 2164 breuitas

226 2188 395 2227 <nquam
433 2176 513 2215 tibi
553 2177 653 2215 olim
693 2178 1002 2224 commendaui,
1043 2178 1297 2217 reddidisset
1335 2178 1491 2217 librum
1531 2178 1866 2217 vendibiliorem.

265 2230 407 2281 Atque
437 2230 515 2269 hoc
546 2232 765 2282 negotium
794 2231 1026 2271 Frobenius
1057 2233 1242 2283 suscepit
1272 2246 1298 2270 a
1327 2246 1394 2271 me
1423 2245 1509 2272 non
1538 2246 1764 2283 persuasus
1794 2233 1868 2271 sed

1095 2364 1208 2396 which
1225 2364 1295 2396 had
1312 2365 1489 2406 produced
1505 2376 1544 2397 so
1561 2375 1669 2406 many
1685 2366 1867 2407 misprints

1093 2409 1130 2439 in
1149 2408 1303 2440 Seneca:
1335 2418 1392 2440 see
1410 2408 1500 2450 Epp.
1525 2417 1619 2448 1479.
1639 2410 1737 2450 86-9,
1760 2411 1854 2450 1482.

1096 2460 1217 2491 34-42‚
1235 2452 1305 2482 and
1321 2460 1345 2487 1,
1364 2461 1396 2492 p.
1419 2461 1468 2491 13.
1491 2461 1610 2493 17—20.

1139 2504 1193 2535 25.
1219 2495 1280 2534 N.]
1317 2495 1512 2536 Obviously
1548 2495 1744 2528 Berckman
1760 2508 1768 2528 :
1819 2497 1862 2528 cf.

1095 2537 1185 2579 Epp.
1207 2539 1301 2577 1306.
1321 2540 1399 2578 38n,
1420 2540 1514 2577 1388.
1531 2548 1611 2578 24n.

310 2374 360 2396 11.
386 2363 458 2401 πρὸς
473 2364 502 2395 τ’
517 2363 655 2403 ἄλφιτα]
678 2365 761 2396 This
780 2374 926 2406 passage
947 2375 1026 2396 con-

264 2408 353 2439 111οω
376 2408 463 2439 with
485 2407 661 2440 Erasmus’
685 2408 923 2449 protestation
945 2408 1025 2449 (Ep.

267 2452 359 2490 1326.
375 2453 477 2491 9—10)
495 2451 577 2483 that
592 2452 635 2483 110
651 2462 721 2483 was
737 2455 802 2483 not
820 2450 828 2464 ‘
843 2462 1027 2483 munerum

262 2494 473 2534 captator’:
520 2495 586 2527 but
615 2498 655 2527 at
681 2495 752 2527 this
779 2496 864 2527 time
892 2495 934 2526 he
957 2506 1027 2526 was

260 2537 387 2579 feeling
419 2538 471 2569 his
494 2548 662 2579 expenses
689 2542 727 2570 to
757 2538 799 2571 be
826 2539 942 2579 heavy
967 2538 1025 2577 (cf.

262 2581 350 2622 Epp-
370 2590 464 2621 1434-
481 2592 533 2620 24,
548 2591 600 2622 50,
618 2590 713 2621 1470-
729 2591 827 2620 20—4‚
847 2584 941 2622 1528-
959 2585 1026 2622 54)-

309 2633 358 2664 13.
385 2623 514 2664 Liuini]
528 2625 591 2657 See
605 2625 670 2666 Ep.
690 2627 774 2665 1486
787 2625 916 2657 introd.
954 2626 1028 2657 The

261 2667 344 2699 date
367 2667 404 2699 of
427 2668 480 2700 his
503 2668 690 2709 departure
712 2668 804 2700 from
828 2668 975 2700 London
998 2670 1027 2700 is

258 2711 363 2752 given
380 2712 662 2754 approximately
678 2713 726 2753 by
742 2712 807 2753 Ep.
829 2721 910 2753 1513
929 2724 936 2744 :
967 2712 1027 2744 the

260 2754 344 2796 only
359 2759 486 2787 extant
501 2755 599 2797 reply
615 2759 653 2787 to
670 2756 730 2787 the
748 2755 881 2798 budget
897 2755 940 2787 he
956 2755 1027 2787 had

262 2798 392 2830 carried
410 2799 446 2830 in
463 2799 560 2840 Sept.

308 2850 359 2881 15.
385 2841 660 2882 Brunsfeldium]
675 2843 738 2875 See
754 2842 820 2883 Ep.
842 2851 936 2883 1405.

308 2887 357 2916 16.
384 2884 573 2924 Phallicus]
591 2886 714 2918 Farel:
743 2896 800 2917 see
817 2885 907 2927 Epp.
930 2894 1024 2926 1407.

260 2936 339 2966 92n,
361 2929 455 2967 1496.
473 2931 526 2969 65,
548 2938 603 2968 131
625 2940 694 2968 sec.

308 2979 358 3010 17.
384 2971 624 3013 magistratus]
642 2971 693 3004 Cf.
712 2972 777 3013 Ep.
800 2981 894 3013 1452.
916 2981 992 3013 25n.

304 3022 358 3044 21.
385 3013 595 3055 Germanici]
642 3016 809 3048 Erasmus
858 3026 929 3047 was
977 3026 1024 3047 no

262 3055 373 3088 doubt
383 3056 544 3099 thinking
556 3058 592 3089 οἱ
602 3058 662 3090 the
672 3058 803 3090 similar
813 3058 1022 3096 conditions,

1184 2581 1392 2623 Eurybatis]
1413 2581 1464 2614 Cf.
1487 2583 1595 2620 Adaq.
1621 2583 1708 2619 186;
1737 2583 1860 2621 which,

1093 2624 1184 2656 from
1199 2624 1282 2656 Luc.
1301 2626 1394 2658 Alex.
1410 2636 1442 2665 4,
1458 2626 1544 2657 cites
1558 2625 1762 2666 Eurybatus
1776 2627 1862 2658 with

1094 2668 1325 2709 Phrynondas
1366 2679 1405 2700 as
1448 2668 1456 2680 ‘
1468 2669 1657 2711 insignitae
1696 2670 1860 2710 improbi-

1093 2713 1181 2744 tatis
1195 2712 1299 2744 homo
1315 2711 1334 2743 ’.

1140 2764 1191 2795 32.
1217 2754 1388 2793 aemulos]
1403 2754 1452 2786 Cf.
1470 2755 1535 2796 Ep.
1555 2764 1649 2795 1437.
1668 2764 1789 2795 222—3.

1181 2797 1373 2836 aedictum]
1406 2798 1478 2830 The
1511 2799 1677 2841 privilege
1711 2799 1861 2840 granted

1094 2842 1142 2883 by
1169 2841 1367 2873 Ferdinand
1394 2842 1430 2873 in
1458 2841 1608 2874 Charles'
1637 2852 1740 2874 name
1756 2854 1764 2874 :
1804 2852 1860 2875 see

1093 2885 1158 2926 Ep.
1178 2894 1272 2925 1341.
1292 2894 1366 2917 10n.

1138 2937 1191 2969 35.
1217 2929 1345 2971 figulis]
1362 2928 1413 2962 Cf.
1430 2929 1496 2970 Ep.
1518 2937 1613 2968 1437.
1633 2937 1705 2968 223.

1136 2975 1234 3013 36-7.
1259 2973 1312 3004 De
1329 2971 1482 3004 Ciuitate
1497 2971 1577 3011 Dei]
1594 2972 1657 3004 See
1674 2972 1739 3013 Ep.
1762 2979 1855 3011 1309.

1136 3025 1189 3054 39.
1216 3015 1385 3054 breuitas]
1400 3015 1482 3047 This
1498 3014 1640 3048 counsel
1651 3015 1681 3046 is
1696 3014 1857 3047 reflected

1087 3059 1122 3090 in
1137 3058 1201 3099 Ep.
1220 3068 1314 3099 127¹·
1328 3060 1426 3091 8—11.
