2012 3370
99 133 220 183 1301]
371 133 443 172 TO
472 133 590 172 THE
619 132 1024 172 THEOLOGIANS
1056 133 1127 172 OF
1158 133 1415 173 LOUVAIN
1639 137 1690 175 93

95 254 222 292 quem
251 242 486 281 contemnit
513 241 790 292 Euangelium
820 245 864 280 et
891 254 1015 292 saepe
1044 242 1251 281 damnant
1280 243 1482 282 Paulinae
1509 244 1691 291 litterae,

96 296 345 346 praesertim
380 296 734 347 superstitiosum.
809 296 850 334 N
852 309 898 335 ec
932 296 1016 334 11116
1054 297 1280 348 quisquam
1319 297 1423 336 dicit
1460 298 1539 336 hoc
1575 299 1691 349 quod
1708 311 1754 342 60

95 349 221 389 docet
253 350 476 396 Lutherus,
511 350 836 389 constitutiones
868 350 1118 401 pontificum
1152 364 1239 390 non
1271 351 1455 402 obligare
1487 365 1578 398 nos,
1612 353 1693 391 nisi

96 405 317 443 accesserit
337 408 606 455 contemptus
627 417 634 443 :
672 404 757 442 imo
780 404 974 443 concedit
994 405 1239 455 pontificem
1260 406 1340 445 hoc
1360 418 1496 457 posse,
1518 410 1690 445 tantum

94 459 262 509 quaerit
283 471 338 497 an
359 459 426 497 hic
447 458 575 497 fuerit
596 458 761 497 animus
783 458 1007 509 pontificis,
1031 459 1216 510 obligare
1238 473 1290 499 ex
1312 473 1447 511 aequo
1470 473 1614 499 ornnes
1637 460 1692 499 ad

95 513 285 551 carnium
320 512 623 551 abstinentiam
658 512 737 550 sub
772 525 910 563 poena
944 513 1171 564 gehennae,
1208 514 1289 552 nisi
1324 514 1437 553 adsit
1470 527 1692 566 peruersus

95 566 273 605 animus.
324 566 382 605 Et
394 567 468 617 qui
481 566 561 605 hoc
574 566 690 613 dicit,
705 567 767 605 ait
782 579 824 605 se
839 580 926 605 non
938 567 1060 606 aliter
1075 567 1211 606 odisse
1223 568 1357 619 pisces
1373 582 1502 620 quam
1519 582 1689 620 angues
1709 581 1750 620 65

149 620 193 660 Si
220 620 356 659 omnis
384 621 633 659 constitutio
661 621 952 671 episcoporum
982 621 1143 672 obligat
1170 622 1225 660 ad
1252 635 1433 673 poenam
1462 623 1691 674 gehennae,

94 674 202 713 dura
215 679 280 713 est
295 674 481 713 conditio
497 674 844 714 Christianorum.
876 675 919 715 Si
934 675 1146 726 quaedam
1161 676 1364 727 obligant,
1380 677 1590 728 quaedam
1604 691 1691 716 non

94 728 298 780 obligant,
318 742 442 768 nemo
462 729 610 768 melius
625 728 858 768 declarabit
877 733 1064 768 mentem
1084 743 1204 768 suam
1225 741 1355 780 quam
1373 731 1462 781 ipse
1482 732 1691 782 pontifex.

94 782 237 822 Veluti
260 783 295 821 si
313 782 506 834 pontifex
531 787 740 822 statueret
763 787 813 822 vt
837 784 1075 822 sacerdotes
1098 784 1342 824 incederent
1367 786 1506 831 cincti,
1533 799 1588 824 an
1611 786 1690 825 hoc

93 837 234 875 animo
258 841 478 884 statueret,
503 841 553 876 vt
575 838 609 876 si
632 838 726 888 quis
749 838 803 876 ob
826 838 1013 877 dolorem
1036 851 1184 877 renum
1208 838 1438 890 deponeret
1461 840 1689 891 cingulum,
1708 858 1754 891 70

93 894 204 930 esset
232 891 441 930 obnoxius
470 891 717 942 gehennae?
767 891 937 939 Itidem,
969 893 1003 931 si
1032 893 1126 944 quis
1156 906 1253 932 cum
1283 898 1530 945 aegrotante
1560 908 1690 933 vxore

94 949 333 985 vesceretur
365 946 574 993 carnibus,
607 959 692 997 quo
716 946 932 985 lubentius
960 946 1032 985 illa
1055 947 1265 994 comedat,
1291 961 1347 987 an
1369 948 1564 998 pontifex
1587 949 1692 988 velit·

91 999 211 1038 illum
233 999 463 1039 obnoxium
487 1013 575 1039 esse
597 1001 811 1051 gehennae
832 1004 847 1039 ‘2
907 1001 1000 1040 Hoc
1023 1005 1195 1040 tantum
1217 1002 1277 1040 ibi
1299 1003 1530 1054 quaeritur,
1553 1016 1690 1054 neque

91 1054 321 1106 quicquam
342 1059 619 1094 asseueratur.

146 1108 235 1147 Nec
255 1108 339 1147 illic
361 1121 437 1147 nec
460 1108 561 1147 alibi
582 1108 738 1147 damno
760 1109 1058 1161 indulgentias,
1082 1123 1345 1162 quamquam
1367 1111 1573 1151 hactenus
1596 1112 1691 1163 plus
1709 1129 1750 1163 75

93 1163 197 1201 satis
215 1162 430 1201 indultum
459 1167 524 1202 est
551 1163 610 1202 613
626 1177 634 1209 ;
680 1167 852 1202 tantum
881 1164 1055 1215 quidam
1084 1164 1196 1204 ridet
1223 1178 1522 1216 congerronem
1551 1179 1688 1213 suum,

92 1216 165 1267 qui
188 1230 321 1268 quum
345 1217 448 1256 alias
471 1221 582 1256 esset
602 1218 907 1269 nugacissimus
930 1223 1124 1269 nugator,
1149 1222 1296 1259 tamen
1318 1220 1527 1271 praesidio
1551 1221 1691 1260 bullae

92 1271 277 1321 putabat
289 1284 331 1310 se
347 1284 468 1322 posse
483 1272 701 1322 peruenire
715 1273 760 1310 in
775 1272 951 1311 coelum.
985 1272 1079 1312 Hoc
1095 1273 1200 1312 adeo
1213 1287 1300 1312 non
1315 1274 1497 1313 arbitror
1508 1274 1689 1314 haereti-

92 1337 188 1363 cum
215 1338 316 1372 esse,
345 1330 394 1364 vt
420 1326 658 1364 existimem
673 1326 778 1364 nihil
793 1339 881 1365 esse
896 1327 1083 1366 sanctius
1096 1340 1226 1378 quam
1243 1327 1468 1368 admonere
1484 1330 1688 1379 populum

92 1392 144 1418 ne
164 1378 288 1418 bullis
308 1379 538 1426 confidant,
560 1380 640 1418 nisi
660 1380 863 1419 studeant
882 1384 1049 1420 mutare
1068 1382 1205 1420 vitam
1225 1386 1269 1421 et
1287 1395 1443 1433 prauos
1463 1383 1654 1422 affectus.
1709 1392 1754 1423 80

140 1488 192 1521 59.
217 1480 413 1512 contemnit
424 1479 655 1523 Euangelium
674 1480 701 1512 O
714 1492 721 1512 :
741 1480 858 1523 palam
869 1480 1064 1513 contemnit
1074 1481 1111 1513 in
1124 1481 1315 1523 Euangelio
1325 1482 1482 1515 Christus
1494 1497 1524 1516 α.
1654 1489 1690 1517 61

91 1533 193 1565 saepe
207 1523 253 1556 O:
271 1534 334 1555 nec
346 1533 424 1555 raro
437 1536 466 1556 α.
573 1523 628 1555 60,
654 1524 935 1565 superstitiosum
949 1549 956 1556 .
971 1548 979 1556 .
994 1549 1001 1556 .
1018 1525 1075 1556 61.
1100 1524 1203 1557 docet
1215 1526 1261 1558 0:
1282 1526 1465 1558 Iudaicum
1477 1530 1513 1559 et
1525 1529 1691 1569 supersti-

95 1568 235 1599 tiosum.
271 1567 374 1599 Dicet
396 1567 532 1609 aliquis,
551 1567 627 1599 Hoc
645 1570 698 1599 est
714 1577 876 1600 accusare
892 1568 1092 1609 pontificem
1110 1569 1323 1607 Romanum,
1340 1570 1400 1611 qui
1417 1570 1482 1602 hoc
1498 1572 1691 1613 praecipiat

92 1610 188 1652 quod
203 1610 350 1643 damnat
362 1610 560 1652 Apostolus.
588 1611 678 1649 Quid
694 1611 819 1643 doceat
834 1611 1075 1653 Euangelium,
1086 1613 1123 1644 in
1138 1613 1325 1654 propatulo
1338 1617 1401 1645 est.
1440 1614 1605 1647 Pontifex
1616 1617 1689 1657 ipse

92 1653 244 1686 declaret
257 1664 328 1696 quo
339 1655 457 1686 animo
466 1654 564 1686 iubet
576 1654 671 1696 quod
685 1665 755 1686 non
767 1655 876 1696 exigit
889 1655 1129 1696 Euangelium.
1171 1656 1380 1698 Quanquam
1394 1657 1509 1690 nullus
1523 1658 1592 1690 illic
1605 1659 1691 1691 dicit

92 1697 187 1739 quod
201 1698 317 1730 1163610
330 1708 376 1730 an
391 1697 515 1730 doceat
529 1711 558 1730 α.
656 1698 710 1730 61.
738 1698 889 1740 obligare
908 1709 971 1730 nos
991 1699 1019 1731 Ο
1034 1711 1041 1731 :
1075 1699 1216 1731 reddere
1232 1710 1295 1732 nos
1315 1700 1484 1733 obnoxios
1503 1702 1639 1734 crimini
1657 1716 1687 1734 a.

92 1742 148 1774 62.
173 1744 396 1783 contemptus
415 1742 597 1774 accesserit
618 1755 649 1773 α.
814 1743 887 1774 imo
907 1743 957 1774 O:
992 1743 1069 1774 Imo
1089 1744 1149 1785 qui
1165 1743 1321 1785 loquitur
1338 1744 1407 1776 illic
1427 1758 1458 1776 a.
1624 1746 1688 1779 hoc

90 1795 191 1827 posse
211 1785 239 1818 Ο
253 1797 261 1817 2
295 1795 395 1827 posse
414 1785 624 1817 constituere
641 1798 671 1817 a.
765 1786 819 1824 64.
845 1786 909 1817 sub
921 1796 1031 1827 poena
1046 1786 1092 1818 O:
1123 1788 1170 1818 sic
1184 1790 1224 1818 vt
1235 1788 1296 1828 qui
1306 1788 1508 1826 comederit,
1520 1788 1690 1822 obnoxius

92 1828 139 1860 sit
154 1841 183 1860 α.
325 1829 393 1860 11131
404 1828 496 1860 adsit
510 1829 537 1861 Ο
552 1841 559 1860 :
578 1829 798 1860 etiamsinon
811 1829 955 1861 accedat
965 1842 994 1861 α.
1119 1830 1140 1861 6
1146 1838 1172 1870 5.
1199 1832 1337 1863 animus
1354 1831 1381 1863 O
1396 1844 1403 1863 ε
1422 1835 1645 1874 contemptus
1658 1847 1687 1865 α.

91 1872 143 1904 ait
165 1872 216 1904 0:
246 1872 284 1904 in
307 1872 498 1914 colloquiis,
517 1872 618 1904 addit
640 1885 670 1904 α.
850 1883 979 1914 angues
1004 1873 1053 1905 0:
1087 1883 1246 1915 anguem.
1291 1874 1380 1906 Sunt
1402 1878 1522 1907 autem
1545 1877 1688 1917 quidam

89 1916 137 1947 sic
169 1915 287 1948 affecti
316 1918 358 1948 vt
386 1916 489 1957 piscis
519 1916 566 1947 sit
595 1915 661 1947 illis
692 1926 865 1948 venenum
881 1928 888 1948 :
922 1916 1219 1958 quemadmodum
1249 1918 1477 1950 inueniuntur
1507 1920 1567 1961 qui
1596 1921 1689 1952 simi-

87 1958 169 1991 liter
193 1958 405 1991 abhorreant
430 1969 451 1991 a
476 1959 569 1991 vino.
621 1959 687 1998 Qui
713 1960 761 1991 sic
787 1959 933 1991 affectus
959 1963 1013 1991 est
1037 1970 1118 2001 erga
1143 1961 1265 2002 pisces,
1292 1961 1320 1993 si
1345 1961 1573 2003 prohibeatur
1598 1965 1690 1996 vesci

89 2001 251 2034 carnibus
277 2005 314 2034 et
338 2002 503 2040 lactariis,
529 2012 643 2034 nonne
670 2002 754 2034 dure
782 2003 1021 2035 tractabitur?
1061 2004 1116 2035 An
1143 2004 1235 2036 hunc
1261 2005 1447 2046 quisquam
1474 2005 1579 2038 homo
1604 2007 1691 2039 velit

90 2046 281 2078 obnoxium
293 2046 366 2078 fieri
379 2056 512 2087 poenae
523 2045 712 2087 gehennae,
727 2047 755 2078 si
767 2057 830 2088 pro
844 2047 1037 2088 corpusculi
1053 2048 1259 2079 necessitate
1274 2052 1436 2080 vescatur
1447 2050 1608 2082 carnibus
1622 2054 1635 2082 ‘2
1657 2065 1688 2082 ss.

91 2089 147 2121 66.
173 2089 286 2121 omnis
297 2089 505 2121 constitutio
519 2090 546 2121 Ο
561 2102 568 2121 z
593 2090 737 2131 quaeuis
753 2091 961 2122 constitutio
976 2090 1183 2132 pontificum
1195 2094 1232 2122 et
1250 2104 1279 2123 α.
1373 2093 1427 2133 67.
1454 2096 1507 2124 631
1524 2093 1570 2125 0:
1588 2094 1688 2126 nimi-

91 2142 168 2164 rum
186 2135 240 2164 est
259 2145 290 2164 α.
352 2132 407 2164 68.
434 2135 588 2165 mentem
604 2143 703 2165 suam
723 2133 772 2165 O:
805 2134 962 2165 animum
981 2145 1083 2166 suum
1099 2147 1128 2166 n.
1189 2135 1244 2172 69.
1271 2134 1388 2167 Veluti
1406 2136 1434 2167 si
1457 2137 1617 2177 pontifex
1637 2138 1686 2170 O:

90 2176 206 2218 Atque
226 2175 264 2207 id
284 2185 367 2208 sane
388 2175 604 2208 declaratum
625 2187 697 2208 esse
719 2177 849 2209 faceret
870 2177 915 2209 ad
937 2177 1229 2219 tranquillitatem
1250 2179 1550 2212 conscientiarum.
1598 2181 1688 2220 Quid

90 2220 118 2251 si
130 2219 289 2261 pontifex
301 2219 426 2261 aliquis
438 2232 468 2252 a.
640 2230 685 2252 an
699 2221 726 2252 0
741 2232 748 2252 ε
775 2231 820 2252 an
832 2220 1011 2262 probabile
1023 2222 1090 2253 erit
1101 2232 1181 2253 eum
1194 2235 1224 2254 α.
1399 2231 1452 2264 70.
1479 2224 1642 2257 statuisse
1657 2239 1687 2257 a.

92 2272 145 2305 71.
171 2266 263 2295 esset
285 2263 335 2295 O:
366 2262 568 2295 redderetur
584 2276 615 2295 α.
791 2264 934 2302 Itidem,
958 2265 987 2296 si
1011 2265 1060 2297 O:
1091 2265 1171 2297 Non
1196 2266 1327 2307 opinor.
1368 2266 1481 2299 Diuus
1505 2267 1689 2309 Gregorius

87 2307 319 2338 constituerat
336 2309 378 2338 vt
395 2307 424 2338 si
442 2307 520 2348 quis
538 2310 646 2339 noctu
665 2308 883 2349 cognouisset
902 2319 1057 2346 vxorem,
1076 2308 1268 2341 abstineret
1286 2310 1453 2351 postridie
1471 2311 1516 2343 ab
1534 2311 1688 2352 ingressu

89 2349 233 2391 templi:
265 2349 320 2381 hic
338 2350 367 2382 si
385 2350 462 2391 quis
480 2350 699 2382 dissimulato
716 2352 811 2383 coitu
830 2351 999 2393 templum
1019 2352 1142 2384 fuisset
1158 2353 1342 2394 ingressus,
1359 2364 1430 2385 non
1449 2354 1493 2386 ob
1511 2354 1607 2386 aliud
1624 2356 1689 2387 nisi

88 2396 128 2425 vt
145 2393 282 2425 audiret
298 2394 544 2435 Euangelicam
561 2395 774 2432 concionem,
791 2405 836 2426 an
852 2395 880 2426 is
898 2395 1068 2427 obnoxius
1085 2396 1182 2428 fieret
1197 2396 1373 2438 gehennae
1392 2400 1404 2428 ‘2
1444 2397 1524 2429 Non
1540 2398 1691 2430 arbitror

87 2437 202 2468 virum
222 2437 379 2468 sanctiss.
399 2437 504 2469 fuisse
525 2440 599 2469 tam
619 2438 801 2470 immitem.
847 2438 882 2470 Si
904 2452 933 2470 a.
1072 2448 1125 2480 72.
1152 2450 1222 2481 quo
1242 2439 1418 2472 lubentius
1436 2440 1495 2472 illa
1515 2441 1689 2476 comedat.

87 2490 132 2511 an
151 2480 179 2512 0
193 2492 202 2512 ε
233 2480 328 2522 quod
345 2479 446 2512 aliter
463 2480 508 2512 ad
525 2481 698 2513 edendum
716 2491 786 2513 non
804 2486 921 2523 posset
938 2484 1132 2523 prouocari,
1149 2487 1185 2514 61
1203 2483 1369 2515 valetudo
1386 2487 1543 2525 posceret
1559 2484 1688 2524 cibum,

88 2533 173 2556 num
189 2536 219 2555 a.
395 2523 482 2556 velit
498 2524 526 2556 O
541 2537 548 2557 z
578 2524 685 2557 vellet
700 2538 729 2557 a.
894 2535 947 2567 73.
975 2526 1165 2558 obnoxium
1181 2537 1253 2558 esse
1271 2527 1298 2559 O
1314 2539 1321 2558 :
1353 2527 1396 2558 ob
1412 2527 1448 2558 id
1465 2527 1598 2559 factum
1615 2538 1687 2560 esse

88 2566 279 2601 obnoxium
304 2580 335 2598 α.
473 2575 528 2609 75.
552 2568 624 2600 Ν66
651 2568 701 2601 O:
741 2569 790 2600 Et
815 2572 907 2601 certe
933 2572 1014 2601 ante
1041 2569 1195 2602 Caesaris
1219 2570 1373 2602 edictum
1400 2570 1491 2602 hisce
1518 2571 1560 2602 de
1586 2571 1687 2603 rebus

87 2609 216 2642 licebat
241 2620 414 2653 quaerere.
459 2611 536 2643 Iam
564 2622 647 2643 vero
673 2622 736 2643 nec
756 2625 785 2643 α.
944 2613 1074 2645 damno
1093 2613 1143 2645 O:
1185 2613 1388 2654 simpliciter
1415 2614 1545 2646 damno
1571 2616 1687 2656 ponti-

89 2653 193 2686 ficum
209 2666 239 2685 α.
369 2654 422 2696 76.
449 2655 498 2686 613
515 2655 542 2687 O
557 2667 564 2687 :
593 2654 660 2687 illis
677 2669 706 2687 α.
850 2665 903 2697 77.
930 2660 1080 2697 nugator
1097 2657 1124 2689 0
1139 2669 1146 2688 :
1172 2660 1332 2698 nugator,
1350 2667 1431 2688 nam
1450 2657 1528 2689 talis
1544 2657 1687 2700 fingitur

89 2710 119 2729 a.
235 2697 290 2739 78.
314 2697 467 2739 putabat
485 2708 520 2729 se
539 2708 638 2740 posse
657 2699 836 2741 peruenire
856 2700 905 2731 0:
939 2699 1104 2731 credebat
1121 2710 1157 2732 se
1175 2703 1425 2741 peruenturum
1445 2713 1475 2732 α.
1532 2701 1619 2734 adeo
1641 2716 1659 2733 n
1677 2715 1684 2735 z

87 2740 168 2773 ideo
190 2740 229 2774 O.
365 2742 418 2774 80.
444 2741 592 2774 affectus
609 2741 655 2774 O:
681 2742 827 2774 affectus
844 2744 1018 2784 corrigant
1035 2756 1066 2774 a.

133 2849 190 2880 61.
215 2848 403 2889 Lutherus]
431 2849 473 2881 In
503 2863 521 2880 α
550 2851 716 2882 Erasmus
743 2851 856 2882 shows
1013 2852 1229 2893 pontificem]
1273 2863 1314 2883 sc.
1362 2854 1586 2896 episcopum:
1633 2867 1687 2888 sce

89 2891 269 2934 hesitancy
293 2892 402 2925 about
425 2894 596 2935 ascribing
619 2893 689 2925 this
713 2894 853 2936 opinion
924 2894 1005 2926 Call.
1026 2895 1136 2927 Form.

92 2939 129 2967 to
146 2935 286 2968 Luther.
967 2939 1021 2979 65.
1049 2938 1160 2970 odisse
1175 2939 1299 2980 pisces]
1313 2940 1410 2978 ibid„
1427 2941 1466 2973 1⁵⁰.
1484 2941 1519 2972 11ὅ
1535 2946 1583 2973 5⁷⁰.

136 2979 192 3011 62.
217 2980 390 3021 concedit]
415 2989 462 3013 sc.
493 2982 552 3023 qui
580 2981 739 3024 loquitur
761 2981 851 3014 illic:
968 2990 1020 3023 75.
1046 2981 1295 3024 indulgentias]
1314 2983 1364 3016 Cf.
1386 2984 1451 3026 Ep.
1476 2994 1568 3023 1299.
1593 2995 1666 3026 57n.

91 3030 146 3053 see
163 3022 246 3055 Ooll.
266 3023 390 3063 Form,
408 3023 454 3057 1⁰.
470 3024 505 3056 h⁶
522 3029 571 3057 v0.
967 3025 1020 3067 76.
1047 3025 1206 3067 quidam]
1226 3026 1308 3059 Coa.
1331 3028 1455 3065 Form,
1476 3028 1515 3060 f0.
1539 3031 1579 3061 c¹.
