2012 3370
227 167 306 205 280
700 167 953 206 LETTERS
985 167 1056 207 OF
1086 165 1350 206 ERASMUS
1698 163 1821 211 [1523

189 277 342 320 stione
374 290 459 315 non
490 277 619 315 alium
652 290 694 314 se
726 276 829 314 mihi
858 276 1075 326 praestitit
1103 288 1233 326 quam
1265 280 1313 314 tu
1345 288 1396 313 ex
1428 273 1606 311 Erasmi.
1666 272 1822 310 »Statim

225 331 466 383 designauit
488 331 705 381 publicum
730 330 846 368 vrbis
868 331 1084 376 nuncium,
1110 331 1183 380 qui
1206 331 1294 368 sine
1318 342 1412 367 mco
1435 331 1581 366 sumtu
1603 326 1691 365 dux
1714 329 1825 364 esset

226 386 400 424 itineris.
449 385 526 423 His
544 385 705 423 meritis
722 397 852 435 quam
870 389 986 423 arcte
1003 397 1070 422 me
1088 388 1234 422 teneas
1251 384 1512 427 deuinctum,
1531 386 1635 420 tunc
1653 380 1824 418 demum

227 441 331 478 scies
346 452 443 478 cum
459 440 624 478 venerit
639 440 803 478 occasio
819 451 905 490 qua
920 438 988 478 vel
1004 451 1132 490 opera
1147 438 1215 477 vel
1230 438 1449 489 diligentia
1464 435 1532 475 vel
1546 433 1826 474 facultatibus

226 495 383 545 possim
404 498 481 532 aut
500 494 580 532 tibi
600 497 678 532 aut
696 494 782 533 tuis
803 493 1084 532 commodare.

171 558 210 581 10
281 548 360 587 Est
396 548 513 599 quod
549 549 673 599 cupio
710 547 935 599 significari
971 547 1080 586 Dno.
1120 547 1298 586 Erasmo
1318 560 1325 585 :
1380 545 1484 584 mihi
1520 544 1600 583 hoc
1635 547 1827 594 tempore

228 603 400 641 minime
424 606 565 648 vacat,
590 607 639 641 tu
663 615 740 653 pro
763 607 839 641 tua
862 603 906 641 in
930 602 1155 641 Erasmum
1180 601 1453 640 obseruantia
1476 612 1562 638 non
1584 597 1828 649 grauaberis

228 657 271 695 id
300 670 429 708 quam
457 658 642 708 primum
669 657 820 695 facere.
876 657 1044 696 Nudius
1071 657 1223 695 tertius
1250 657 1435 707 primum
1463 653 1653 692 delatum
1681 655 1747 690 est
1773 650 1828 689 ad

230 711 546 750 Ferdinandum
579 711 697 762 Opus
727 711 1040 763 Paraphraseos
1069 712 1114 749 in
1145 711 1363 756 Ioannem,
1396 710 1485 748 sine
1516 706 1708 759 epistola,
1741 706 1830 744 sine

228 766 315 805 vlla
353 765 734 805 commendatione.
803 766 1004 817 Princeps
1041 770 1188 804 tamen
1227 764 1523 815 benignissime
1562 761 1748 812 suscepit
1786 762 1830 798 et

173 825 205 858 ι5
227 820 347 859 dedit
363 821 626 872 Hieronymo
642 825 718 859 tuo
735 820 912 859 muneri.
959 820 1002 858 Is
1017 820 1230 870 pollicitus
1250 824 1315 858 est
1330 818 1434 857 mihi
1450 820 1698 856 curaturum
1718 827 1762 853 se
1781 817 1831 852 vt

228 879 378 914 ornate
404 876 706 914 concinnatum
733 875 934 913 volumen
960 874 1164 913 reddatur
1191 873 1389 924 Principi.
1444 872 1536 911 Nisi
1563 870 1829 922 agnouissem

229 929 395 968 Erasmi
422 943 610 976 manum,
638 942 724 968 non
751 929 1020 968 credidissem
1048 928 1102 966 ab
1130 928 1308 966 Erasmo
1335 928 1539 972 missum;
1583 938 1659 964 nec
1686 927 1830 975 potest

228 983 317 1023 fieri
340 985 445 1035 quin
467 984 547 1023 hac
571 988 693 1035 parte
716 984 909 1030 nuncius,
934 983 1126 1034 quisquis
1148 983 1185 1021 is
1206 982 1361 1028 fuerat,
1387 982 1421 1020 si
1443 993 1530 1019 non
1553 978 1730 1031 perfidia
1753 980 1830 1016 aut

228 1038 402 1084 inuidia,
427 1042 540 1078 certe
560 1038 817 1089 negligentia
831 1038 1062 1089 plurimum
1084 1037 1271 1088 peccarit
1290 1049 1298 1074 :
1330 1048 1427 1074 cum
1448 1047 1561 1073 nunc
1576 1033 1752 1072 tandem
1774 1032 1830 1071 sit

168 1110 211 1132 20
228 1092 422 1131 oblatum
442 1105 562 1143 opus,
584 1092 700 1143 quod
718 1092 827 1138 ideo,
849 1093 893 1130 ni
911 1091 1048 1138 fallor,
1069 1092 1132 1130 ita
1151 1095 1202 1130 vt
1221 1094 1326 1136 erat,
1346 1090 1695 1128 inconcinnatum
1716 1087 1832 1126 misit

230 1146 444 1193 Erasmus,
468 1151 518 1185 vt
539 1146 739 1198 Princeps
760 1147 922 1197 primus
943 1147 1133 1185 omnium
1154 1158 1268 1184 noua
1289 1145 1379 1184 eius
1398 1143 1567 1183 foetura
1585 1142 1810 1181 frueretur.

284 1201 436 1240 Ioanni
453 1204 530 1240 tuo
548 1214 625 1252 pro
643 1214 719 1240 sua
737 1213 835 1252 erga
853 1214 920 1239 me
938 1200 1021 1239 fide
1039 1204 1082 1239 et
1099 1200 1319 1251 diligentia
1335 1199 1495 1250 gratias
1513 1210 1623 1249 ages.
1671 1196 1762 1248 Ego
1780 1208 1830 1234 ea

230 1255 376 1294 laboro
393 1268 533 1294 rerum
551 1256 696 1306 inopia
713 1259 763 1294 vt
780 1260 948 1306 praeter
966 1256 1172 1293 viaticum
1189 1253 1294 1293 nihil
1311 1253 1493 1292 habeam
1512 1251 1628 1303 quod
1645 1250 1815 1290 donem.

284 1310 399 1349 Bene
418 1310 524 1357 vale,
546 1310 773 1361 Enisponti
791 1323 813 1348 e
830 1310 953 1356 lecto,
973 1320 1117 1348 XXVII.
1137 1309 1205 1348 die
1222 1307 1354 1359 April.

169 1382 187 1403 ι
193 1381 208 1413 5
900 1364 980 1402 Tui
1001 1364 1401 1402 obseruantissimus
1421 1361 1525 1400 Tho.
1550 1361 1774 1412 Lupsetus.

285 1435 542 1474 Doctissimo
560 1436 651 1474 viro
669 1436 722 1474 D.
744 1435 907 1474 doctori
932 1435 1137 1474 Botzemo
1155 1433 1390 1480 Abstemio,
1410 1436 1592 1484 patrono
1616 1431 1831 1471 communi

232 1489 484 1529 studiorum.
533 1490 822 1529 Constantiae.

599 1604 721 1643 1362.
785 1601 926 1643 FROM
957 1600 1090 1642 JOHN
1123 1599 1273 1642 Lours
1306 1599 1469 1641 VIVEs.

281 1693 383 1727 Viuis
399 1694 530 1737 Opera,
551 1702 651 1737 1555,
666 1692 707 1734 ii,
724 1704 759 1737 p.
776 1693 843 1736 967
859 1694 919 1736 (a).
1572 1689 1721 1733 Bruges.

282 1750 336 1784 Vi.
354 1749 410 1791 E„
427 1749 451 1784 f.
467 1750 514 1793 76
531 1750 584 1794 (Q)
601 1763 608 1784 :
637 1749 753 1784 Lond.
772 1750 854 1784 Viv.
875 1761 911 1784 11
933 1762 940 1783 :
969 1749 1042 1784 LB.
1058 1749 1140 1793 654.
1517 1756 1559 1780 10
1574 1746 1662 1791 May
1680 1754 1782 1790 1523.

276 1828 360 1868 [For
373 1828 433 1860 the
447 1839 584 1869 sources
598 1839 653 1860 see
667 1829 733 1870 Ep.
752 1838 845 1859 1222.
885 1829 985 1860 Since
999 1828 1051 1860 his
1065 1828 1133 1860 last
1147 1832 1271 1860 extant
1286 1828 1389 1860 letter
1404 1832 1440 1860 to
1455 1828 1621 1859 Erasmus
1635 1827 1715 1868 (Ep.
1736 1827 1834 1867 1306)

233 1871 338 1903 Vives
354 1871 425 1904 had
442 1872 543 1904 made
568 1872 621 1904 his
644 1872 796 1904 fruitless
822 1872 905 1904 visit
926 1875 964 1904 to
986 1872 1147 1914 England
1164 1872 1221 1912 (cf.
1243 1872 1307 1914 Ep.
1329 1882 1422 1913 1311.
1443 1872 1569 1915 40—4);
1599 1870 1670 1902 and
1690 1880 1769 1902 now
1790 1869 1832 1900 he

234 1925 303 1946 was
327 1915 604 1957 contemplating
628 1916 808 1957 returning
831 1919 868 1947 to
888 1916 996 1957 Spain
1014 1916 1072 1955 (cf.
1091 1916 1113 1947 1.
1139 1917 1249 1955 102n).
1293 1916 1365 1947 The
1383 1926 1459 1947 new
1477 1913 1674 1957 paragraph
1692 1916 1731 1944 at
1747 1913 1769 1944 1.
1788 1914 1833 1954 78

233 1958 346 1991 shows
365 1959 456 1997 that,
468 1958 541 1991 like
556 1959 622 2001 Ep.
643 1961 739 1998 1281,
756 1959 826 1991 this
840 1960 945 1991 letter
960 1969 1030 1991 was
1044 1962 1109 1991 not
1123 1960 1263 1991 written
1279 1957 1553 2001 continuously.]

841 2051 982 2081 VIVES
1016 2051 1220 2081 ERASMO.

289 2116 358 2154 DE
392 2117 570 2163 ratione,
607 2129 659 2155 ne
693 2116 869 2155 fallatur
902 2115 936 2154 F
938 2115 1150 2163 robenius,
1185 2128 1250 2155 res
1285 2116 1344 2154 sic
1378 2115 1522 2154 habet.
1586 2113 1836 2154 Franciscus

235 2169 411 2209 dederat
449 2174 683 2221 antequam
719 2170 825 2209 liber
863 2171 1011 2217 exiret,
1044 2181 1109 2208 XX
1147 2183 1296 2209 aureos
1335 2169 1514 2209 florenos
1534 2183 1543 2216 ;
1593 2169 1673 2208 sub
1706 2168 1834 2207 finem

235 2224 423 2263 Ianuarii
446 2225 566 2264 dedit
588 2238 673 2263 sex.
726 2224 851 2263 Hanc
873 2237 1084 2263 summam
1107 2225 1196 2275 ipse
1220 2226 1362 2275 accepi
1384 2228 1479 2264 tum
1503 2228 1547 2263 et
1575 2227 1662 2263 tres
1688 2223 1832 2262 libros.

234 2278 390 2318 Aiebat
408 2280 570 2318 iussum
591 2292 680 2318 esse
701 2292 726 2317 a
746 2278 956 2317 Frobenio
976 2278 1077 2317 dare
1097 2279 1201 2317 mihi
1222 2290 1356 2317 XXXH
1376 2278 1556 2317 florenos
1576 2291 1738 2324 aureos,
1761 2276 1835 2316 sed

234 2346 287 2372 ex
305 2333 372 2372 his
389 2333 622 2372 detraxisse
641 2337 752 2380 octo,
773 2333 846 2384 qui
864 2333 1133 2371 debebantur
1149 2333 1242 2371 tibi.
1292 2333 1409 2380 Quae
1426 2332 1496 2371 ille
1514 2332 1567 2371 de
1585 2345 1652 2371 me
1672 2345 1720 2370 ac
1739 2344 1834 2370 meo

199 2390 215 2424 5
234 2389 405 2427 nomine
424 2388 479 2426 ad
497 2401 574 2427 vos
593 2388 772 2439 scripsit,
793 2387 899 2426 nihil
916 2400 983 2425 me
1002 2391 1242 2425 mouerunt.
1289 2387 1426 2426 Nemo
1445 2387 1580 2437 magis
1597 2390 1675 2433 est,
1697 2387 1731 2424 si
1749 2398 1836 2436 qua

234 2446 300 2481 est
318 2441 435 2488 fides,
453 2443 692 2493 imperitiae
710 2454 829 2480 meae
850 2442 1040 2481 conscius
1060 2442 1246 2492 meipso,
1263 2454 1340 2480 nec
1360 2442 1500 2479 minus
1520 2440 1809 2479 dissimulator
1826 2452 1833 2485 3

232 2496 389 2535 idcirco
422 2496 574 2536 leuiter
607 2509 739 2548 angor
771 2496 948 2547 gloriam
981 2508 1069 2534 non
1101 2496 1357 2546 contingere,
1393 2508 1490 2533 cum
1518 2507 1605 2533 non
1634 2494 1834 2533 meruisse

234 2550 376 2589 sciam.
427 2550 498 2590 Ita
518 2551 644 2589 velim
666 2550 769 2589 mihi
788 2550 1020 2602 propitium
1040 2549 1266 2596 Christum,
1290 2553 1340 2588 vt
1360 2549 1483 2588 credo
1504 2552 1745 2587 assecutum
1766 2560 1834 2586 me

234 2605 417 2643 nominis
441 2605 681 2656 opinionem
706 2605 866 2643 meritis
891 2604 1106 2650 maiorem,
1131 2608 1176 2643 et
1199 2608 1290 2642 tam
1314 2603 1538 2642 immodice
1562 2602 1705 2641 fauere
1728 2601 1833 2640 mihi

182 2658 395 2697 10famam
415 2672 716 2710 saepenumero
736 2659 933 2698 admiror.
982 2658 1136 2710 Itaque
1154 2658 1270 2710 quod
1288 2658 1356 2696 ille
1375 2657 1485 2696 dixit
1503 2670 1589 2696 non
1607 2655 1832 2708 aegrefero,

284 2731 378 2762 1361.
403 2741 434 2770 9.
460 2730 539 2762 LB:
565 2740 711 2772 possum
727 2742 757 2760 α.
870 2738 918 2769 15.
947 2729 1080 2760 muneri
1095 2729 1241 2770 scripsi:
1268 2740 1409 2762 munere
1428 2740 1458 2758 α.
1562 2729 1612 2761 18.
1638 2726 1745 2758 fuerit
1760 2727 1831 2758 LB.

242 2774 336 2806 1362.
362 2783 429 2804 rrr.
456 2786 475 2804 α
494 2774 597 2805 Lond.
618 2785 624 2804 :
652 2782 758 2804 VIVES
778 2782 812 2805 D.
834 2781 978 2804 ERASMO
997 2780 1091 2808 Ro'r„
1111 2781 1361 2804 PRAECEPTORI
1380 2781 1458 2809 svo,
1476 2781 1503 2803 s.
1524 2774 1558 2806 β.

287 2878 380 2910 1361.
408 2889 456 2920 13.
483 2877 753 2920 Paraphraseos]
800 2878 862 2910 See
909 2877 999 2919 Epp.
1074 2882 1151 2910 sent
1168 2877 1337 2910 imbound
1353 2877 1396 2910 cf.
1415 2878 1480 2917 Ep.
1503 2886 1596 2915 1442.
1619 2878 1692 2907 1-6.

244 2929 338 2961 1333,
358 2924 451 2960 1376.
474 2924 591 2954 12—16.
1121 2922 1214 2953 1362.
1242 2933 1269 2954 1.
1296 2919 1515 2959 Franciscus]
1536 2919 1743 2951 Berckman.

239 3007 251 3038 l
286 2975 335 3006 15.
361 2965 575 3007 Hieronymo
607 2964 684 3005 tuo]
717 2965 878 3007 Baldung
893 2977 902 3003 3
946 2975 1003 2997 see
1096 2976 1146 3027 „²⁸
1171 2964 1272 3004 liber]
1306 2964 1378 2996 The
1411 2963 1605 3005 Angustiae
1621 2975 1628 2995 ε
1677 2972 1732 2994 see
1767 2962 1834 3004 Ep.

255 3030 261 3037 .
282 3019 339 3082 go.
364 3052 666 3092 inconcinnatum]
678 3052 901 3085 Foranother
910 3051 1002 3083 book
1074 3016 1407 3092 10?·debebantur]
1423 3050 1474 3082 Cf.
1491 3050 1556 3091 Ep.
1577 3061 1669 3092 1303.
1693 3058 1747 3091 31.
