2012 3370
136 119 258 170 1465]
607 119 679 158 TO
710 118 967 158 WILLIAM
996 119 1257 158 WARJHAM
1652 122 1729 160 493

134 230 261 272 special
287 230 366 263 title
391 230 444 263 for
469 230 529 263 the
555 229 691 262 Letters
716 229 848 271 quoted
873 229 985 261 above
1010 229 1099 261 from
1127 240 1171 267 ας
1209 229 1338 271 adding
1364 229 1445 262 that
1470 229 1635 261 Erasmus
1661 230 1729 262 had

135 273 291 315 recently
309 273 444 307 revised
464 273 517 306 his
536 276 637 305 notes
656 272 727 304 and
747 273 970 305 contributed
990 283 1012 304 a
1030 282 1106 304 new
1126 273 1263 314 preface
1284 274 1321 312 (J
1323 274 1416 305 ortin
1434 274 1470 305 ii.
1494 276 1571 314 542)
1588 285 1596 311 3
1630 273 1730 305 while

134 317 195 349 the
208 317 295 355 first,
307 317 460 359 prefixed
471 317 509 349 in
524 325 607 358 1534
619 326 664 348 on
676 316 737 348 the
750 316 960 358 completion
973 316 1010 348 of
1020 316 1081 348 the
1092 316 1203 348 whole
1215 316 1357 353 edition,
1370 326 1569 349 announces
1581 317 1730 349 revision

135 360 171 393 of
185 360 246 393 the
261 364 340 393 text
353 360 439 393 with
453 360 514 393 the
528 359 586 392 aid
601 359 637 392 of
651 360 884 414 manuscripts
898 359 988 392 from
1003 359 1064 392 the
1078 359 1203 400 Abbey
1218 360 1254 391 of
1268 360 1319 393 St.
1336 359 1485 392 Victor’s
1500 371 1545 392 on
1560 360 1620 392 the
1635 360 1731 392 walls

137 404 174 436 of
199 404 307 442 Paris,
334 404 404 436 and
428 404 516 436 adds
542 403 623 436 that
648 403 746 435 there
771 404 800 434 is
850 404 887 434 in
913 403 1151 444 Epistolarum
1178 407 1292 435 tomos
1318 414 1410 436 noua
1436 403 1644 436 scholiorum
1670 414 1732 446 per

136 447 321 480 Erasmum
337 447 613 480 Roterodamum
627 447 838 478 instauratio
854 458 861 477 :
896 456 986 487 quae
1001 446 1047 477 ab
1067 446 1214 478 authore
1235 447 1311 487 ipso
1325 448 1378 479 ita
1399 447 1569 488 plerisque
1589 448 1626 480 in
1647 447 1730 479 locis

134 492 325 523 immutata
340 494 377 523 et
390 494 495 523 aucta
511 490 576 523 tibi
591 490 726 527 damus,
743 493 784 522 vt
798 489 920 527 videri,
936 490 965 521 si
981 499 1060 521 cum
1076 494 1159 521 ante
1174 491 1308 521 excusis
1325 491 1491 528 conferas,
1507 501 1600 523 noua
1614 490 1730 523 fetura

135 535 271 576 possint
284 534 304 567 ².
353 534 396 566 In
423 535 549 575 1536—7
574 533 634 566 the
659 533 812 565 Frobens
836 533 1012 574 produced
1036 533 1185 565 another
1206 534 1297 565 issue
1321 534 1356 565 in
1381 535 1461 566 nine
1485 534 1642 566 volumes
1666 535 1729 575 (γ),

134 577 220 610 with
240 588 335 610 some
356 577 463 620 slight
482 578 683 610 variations.
729 577 833 608 Their
852 576 1002 608 editions
1023 576 1060 608 of
1084 585 1166 617 1553
1189 577 1258 608 and
1284 579 1364 618 1565
1389 588 1446 609 are
1467 581 1528 609 too
1548 577 1619 610 late
1640 578 1732 610 after

135 621 311 654 Erasmus'
328 621 436 653 death
451 624 490 653 to
505 620 588 653 bear
601 631 673 662 any
687 620 804 652 marks
820 620 857 652 of
870 620 1006 652 further
1022 620 1212 652 correction
1229 620 1276 660 by
1292 620 1373 652 him.

179 665 300 706 Henry
319 664 416 696 vm's
436 675 526 706 copy
544 664 580 696 of
600 677 631 701 a,
651 663 737 696 with
757 664 824 695 five
843 663 1000 695 volumes
1018 663 1092 695 still
1109 664 1280 705 retaining
1300 664 1391 696 their
1410 664 1555 706 original
1575 664 1729 707 binding,

134 708 316 746 rebacked,
332 709 361 740 is
376 718 453 740 now
467 709 504 740 in
520 707 581 740 the
596 707 765 740 Bodleian
782 707 840 747 (H.
858 716 888 739 2.
907 715 971 745 2-7
987 707 1097 747 Th.).]

243 804 637 833 REVERENDISSIMO
666 804 798 832 PATRI
827 803 882 831 AC
912 803 1090 831 DOMINO
1120 802 1164 830 D.
1196 803 1435 839 GVLIELMO,
1467 803 1620 832 ARCHI—

329 859 540 887 EPISCOPO
571 857 901 887 CANTVARIENSI
931 857 1041 893 ETO.,
1073 856 1276 886 ERASMVS
1306 857 1404 886 ROT.
1437 857 1470 886 S.
1491 858 1535 885 D.

189 919 445 967 QVANQVAM
472 919 517 957 in
545 919 683 970 prima
711 917 924 957 aedit-ione
953 918 1011 956 sic
1046 917 1328 969 aduigilatum
1357 922 1448 956 erat
1478 922 1528 957 vt
1557 919 1631 957 vix
1659 918 1733 957 vlli

132 986 227 1025 spes
266 977 377 1013 esset
416 972 719 1025 posterioribus
760 973 882 1019 curis,
925 984 1031 1022 quas
1071 971 1296 1023 prouerbio
1336 971 1487 1011 dicunt
1527 972 1731 1019 meliores,

132 1029 362 1079 quicquam
408 1027 582 1079 adiungi
626 1039 762 1078 posse,
810 1025 983 1064 Praesul
1027 1025 1373 1077 incomparabilis
1393 1040 1401 1073 ;
1464 1030 1610 1065 tamen
1656 1039 1732 1078 ego

132 1094 385 1134 magnopere
411 1082 583 1133 cupiens
607 1081 688 1120 hoc
713 1093 832 1132 opuS‚
861 1080 976 1131 quod
1000 1081 1163 1119 nomini
1187 1084 1263 1119 tuo
1289 1093 1365 1119 ceu
1391 1085 1731 1128 monumentum,

132 1137 300 1175 vtinam
349 1137 578 1183 victurum,
629 1147 858 1181 erexeram,
911 1134 1121 1181 omnibus,
1173 1138 1385 1185 quantum
1435 1134 1524 1174 fieri
1573 1140 1731 1186 posset,
1754 1143 1768 1175 5

130 1191 316 1230 numeris
334 1189 579 1229 absolutum
598 1193 882 1240 exactumque
901 1188 1088 1235 reddere,
1110 1189 1255 1227 curaui
1274 1193 1324 1227 vt
1343 1188 1483 1228 denuo
1502 1190 1733 1240 separatim

129 1244 409 1284 excuderetur
452 1248 497 1283 et
541 1244 699 1283 chartis
743 1247 787 1282 et
830 1243 1022 1281 formulis
1066 1243 1394 1294 elegantioribus
1415 1257 1422 1282 :
1484 1256 1732 1294 quanquam

130 1298 312 1338 Ioannes
337 1298 570 1338 Frobenius
595 1299 654 1337 sic
679 1310 723 1337 se
747 1301 933 1349 gesserat
959 1301 1086 1336 antea
1110 1298 1155 1335 in
1180 1297 1428 1336 excudendo
1455 1297 1731 1348 Hieronymo,

130 1357 180 1392 vt
205 1365 292 1392 non
319 1352 456 1391 solum
484 1353 674 1391 omnium
702 1351 912 1402 suffragiis
939 1351 1209 1390 antecederet
1237 1364 1396 1398 01111108,
1426 1365 1574 1390 verum
1602 1353 1732 1390 etiam

129 1407 203 1446 vix
232 1407 322 1458 ipse
353 1406 433 1445 sibi
462 1406 603 1446 locum
634 1406 890 1457 relinqueret
921 1405 1119 1444 vincendi
1150 1406 1227 1443 sui.
1287 1405 1376 1444 Nos
1406 1406 1450 1444 in
1482 1405 1734 1457 Hieronymi
1756 1414 1794 1436 10

129 1462 296 1512 scriptis
330 1473 437 1512 pene
474 1460 580 1500 nihil
614 1459 969 1511 deprehendimus
1004 1459 1120 1510 quod
1154 1463 1265 1498 esset
1299 1459 1607 1510 corrigendum.
1682 1459 1733 1498 In

128 1516 283 1555 nostris
299 1514 467 1555 scholiis
483 1514 687 1554 nonnulla
704 1514 974 1560 correximus,
993 1513 1205 1564 quaedam
1222 1513 1484 1561 sustulimus,
1503 1514 1733 1554 adiecimus

129 1582 216 1609 non
235 1581 384 1621 pauca.
441 1568 626 1608 Restant
645 1573 792 1607 tamen
812 1568 951 1606 adhuc
971 1567 1077 1614 loca,
1100 1567 1174 1606 sed
1194 1581 1243 1606 ea
1264 1581 1490 1619 perpauca,
1512 1569 1557 1607 in
1577 1568 1732 1619 quibus

129 1636 223 1662 mea
247 1623 457 1662 diuinatio
480 1636 567 1662 non
592 1623 764 1662 omnino
789 1621 996 1661 satisfecit
1020 1622 1163 1660 animo
1188 1635 1282 1660 meo
1303 1636 1310 1661 :
1352 1635 1461 1673 quae
1487 1623 1521 1660 si
1546 1623 1640 1673 quis
1666 1636 1732 1661 me

128 1677 301 1724 felicior,
325 1677 393 1716 vel
411 1678 580 1729 ingenio
601 1677 669 1716 vel
689 1676 1043 1727 exemplariorum
1065 1677 1199 1726 copia,
1221 1677 1471 1723 restituerit,
1487 1676 1669 1715 libenter
1689 1683 1730 1715 et
1756 1687 1790 1719 13

129 1731 312 1771 hominis
325 1731 581 1770 industriam
597 1731 938 1770 exosculabimur
950 1735 993 1769 et
1006 1730 1201 1781 publicae
1214 1730 1525 1781 gratulabimur
1538 1731 1731 1770 vtilitati.

182 1785 236 1825 In
258 1786 337 1825 hoc
360 1785 504 1825 labore
527 1785 637 1824 duae
660 1785 871 1836 quaedam
895 1798 960 1823 res
983 1788 1156 1823 exortae
1180 1797 1379 1835 magnam
1402 1789 1573 1825 nostrae
1595 1785 1734 1823 laudis

128 1841 368 1892 portionem
403 1840 716 1892 decerpserunt.
782 1839 972 1878 Primum
1008 1838 1124 1889 quod
1159 1851 1233 1889 per
1269 1851 1414 1877 omnes
1450 1839 1585 1878 totius
1621 1839 1732 1879 orbis

128 1895 317 1946 regiones
340 1895 399 1934 sic
420 1894 695 1934 effloruerunt
716 1893 885 1944 linguae
906 1906 1003 1932 cum
1027 1893 1149 1931 bonis
1168 1893 1313 1939 literis,
1339 1897 1389 1931 vt
1410 1894 1454 1931 in
1478 1892 1624 1932 multis
1646 1907 1732 1932 non

128 1949 301 2000 perinde
324 1950 558 1987 necessaria
581 1948 779 1987 videatur
802 1960 930 1999 opera
952 1951 1111 1986 nostra.
1164 1947 1327 1985 Deinde
1351 1947 1467 1998 quod
1490 1947 1569 1986 hoc
1592 1948 1732 1986 seculo
1750 1959 1792 1981 20

129 2003 409 2054 plurimorum
441 2004 620 2054 ingeniis
653 2002 709 2041 ad
743 2006 940 2041 cruentas
972 2002 1077 2040 istas
1111 2005 1156 2040 et
1189 2001 1463 2053 gladiatorias
1501 2006 1733 2056 λογομαχίας

127 2058 333 2104 auocatis,
358 2069 495 2108 neque
519 2057 662 2096 studio
685 2069 823 2108 neque
846 2056 1086 2107 frequentia
1109 2057 1202 2106 pari
1226 2060 1451 2094 versantur
1474 2056 1666 2095 homines
1689 2058 1733 2095 in

128 2112 262 2163 pratis
297 2111 582 2150 saluberrimis
617 2124 666 2150 ac
701 2111 911 2149 viridariis
946 2110 1253 2149 amoenissimis
1289 2114 1482 2149 veterum
1517 2115 1731 2149 autorum.

129 2165 355 2205 Caeterum
398 2165 536 2204 laudis
581 2165 754 2216 quidem
798 2165 1009 2203 iacturam
1053 2164 1252 2202 facillime
1297 2164 1463 2211 ferrem,
1510 2166 1591 2203 nisi
1636 2178 1731 2203 cum

128 2219 299 2271 publico
332 2220 553 2271 dispendio
586 2219 826 2258 studiorum
859 2223 969 2257 esset
1002 2220 1242 2257 coniuncta.
1305 2218 1369 2257 De
1401 2232 1541 2257 rerum
1575 2224 1730 2258 euentu
1751 2229 1790 2261 25

129 2274 285 2314 viderit
300 2273 504 2314 Christus.
551 2274 639 2313 Nos
657 2278 769 2313 certe
786 2273 944 2312 bonam
960 2274 1252 2324 praestitimus
1270 2273 1539 2311 voluntatem
1561 2287 1568 2311 :
1603 2286 1731 2324 quam

128 2333 172 2367 et
191 2328 504 2379 praestabimus
524 2341 657 2379 vsque
677 2329 733 2366 ad
753 2333 992 2367 extremum
1013 2328 1128 2366 vitae
1149 2327 1274 2365 diem.
1325 2327 1439 2366 Bene
1460 2327 1567 2365 vale.

185 2382 388 2429 Basileae,
411 2382 475 2421 Id.
499 2382 629 2422 Iuliis.
652 2383 733 2421 An.
756 2392 1004 2421 M.D.XX1111.

417 2512 604 2566 14661480
663 2510 731 2551 To
763 2510 1044 2551 WILLIBALD
1078 2509 1436 2551 PIRcKHmMER.

176 2599 438 2634 Pirckheimeri
456 2599 576 2644 Opera
596 2611 630 2645 p.
649 2610 730 2643 277.
1495 2599 1612 2634 Basle.

178 2657 237 2692 02.
257 2668 292 2702 p.
315 2667 404 2701 179:
438 2657 554 2692 Lond.
575 2669 663 2693 xxx.
683 2659 750 2702 36:
787 2658 859 2693 LB.
877 2660 959 2701 684.
1408 2668 1446 2692 21
1470 2658 1561 2703 ‹July
1583 2667 1682 2701 1524.

175 2736 232 2777 [In
256 2746 425 2778 sequence
449 2736 535 2769 with
558 2737 623 2778 Ep.
654 2746 762 2778 1452;
800 2747 906 2778 many
931 2738 1048 2778 points
1073 2737 1109 2768 of
1132 2737 1243 2768 which
1267 2747 1325 2768 are
1350 2736 1513 2778 repeated
1538 2736 1628 2769 here.
1677 2736 1727 2769 Cf.

130 2780 204 2813 also
218 2779 283 2822 Ep.
305 2781 398 2821 1467.
440 2779 507 2812 For
522 2780 582 2812 the
597 2781 704 2812 forms
721 2780 757 2812 of
771 2780 920 2822 heading
936 2780 1006 2812 and
1021 2779 1164 2812 address
1180 2790 1235 2811 see
1251 2779 1315 2821 Ep.
1338 2781 1418 2820 1085
1437 2779 1583 2820 introd.]

187 2855 228 2896 S.
264 2855 337 2895 Vir
367 2856 646 2902 ornatissime,
678 2856 823 2905 scripsi
852 2868 986 2906 nuper
1015 2869 1088 2907 per
1118 2868 1214 2893 eum
1244 2856 1317 2905 qui
1351 2854 1494 2894 fusiles
1527 2857 1730 2907 imagines

479 2939 577 2970 1466.
602 2937 633 2970 S.
658 2937 711 2969 P:
746 2946 944 2970 BILIBALDO
967 2947 1033 2970 svo
1057 2946 1220 2969 ERAsmvs
1243 2947 1270 2969 s.
1285 2945 1316 2970 P.
1341 2936 1389 2970 0².

182 3019 275 3050 1465.
301 3026 331 3048 2.
360 3015 557 3057 prouerbio]
574 3014 623 3047 Cf.
644 3015 750 3055 Adaq.
770 3016 843 3054 238.
1032 3016 1123 3046 1466.
1156 3024 1180 3045 1.
1208 3015 1327 3056 scripsi
1347 3014 1470 3056 nuper]
1490 3016 1552 3057 Ep.
1577 3024 1669 3057 1452.
