2012 3370
661 128 733 167 ΤΟ
762 128 917 166 JOHN
947 127 1245 167 ΒΟΤΖΗΕῘΜ
1680 130 1753 167 159

158 131 281 180 1331]

156 240 301 288 literis,
322 241 395 280 sed
414 240 645 279 multorum
664 238 842 278 aliorum
862 237 1053 289 cognoui,
1074 235 1304 276 Gattinarii
1323 236 1567 276 Cancellarii
1587 238 1756 285 summi,

157 294 376 346 Glapionis
404 293 684 339 Franciscani,
715 293 788 343 qui
816 291 921 331 nihil
949 290 1065 342 apud
1093 290 1312 330 Caesarem
1340 304 1427 330 non
1454 295 1626 343 poterat
1654 291 1756 330 dum

157 350 335 395 viueret,
359 348 558 400 Episcopi
578 347 804 393 Palentini,
826 347 900 398 qui
923 349 967 384 et
988 346 1077 396 ipse
1101 345 1213 385 diem
1234 345 1354 392 obiit,
1377 345 1544 396 Georgii
1567 344 1754 392 Haloini,

157 403 334 443 Antonii
366 402 581 454 Sucqueti‚
615 414 699 452 quo
731 400 836 439 nihil
867 400 999 439 habet
1030 399 1133 438 haec
1166 404 1284 439 aetas
1316 399 1550 446 candidius,
1585 399 1758 439 Ioannis
1780 415 1816 448 15

156 457 427 503 Carondileti,
459 455 762 506 archiepiscopi
793 454 1099 501 panormitani,
1132 458 1182 493 Vt
1212 467 1266 493 ne
1297 467 1621 493 commemorem
1653 454 1757 493 alios

157 512 348 562 priuatos
369 510 539 550 amicos.

212 565 293 613 Qui
314 568 472 616 putant
493 577 536 603 se
556 563 669 603 idem
692 563 899 602 valituros
922 562 966 600 in
988 562 1161 613 negocio
1189 561 1357 609 Christi,
1385 562 1501 613 quod
1529 561 1584 601 ad
1611 575 1757 601 omnes

155 620 363 666 nationes,
393 618 449 658 ad
477 619 621 657 omnia
649 617 789 656 secula
818 617 1016 668 pertinet,
1047 615 1163 666 quod
1192 616 1338 655 valent
1366 617 1410 655 in
1440 617 1757 668 compotatione

155 673 405 725 theologica,
441 671 806 724 disputatiuncula
839 670 1104 716 scholastica,
1139 669 1262 721 longe
1295 670 1515 709 falluntur.
1574 671 1658 709 Res
1693 674 1759 710 est
1778 686 1820 709 20

155 727 303 766 efficax
335 731 379 766 et
408 727 571 766 inuicta
601 726 772 772 veritas,
805 724 879 764 sed
911 724 1168 775 Euangelica
1199 724 1427 775 prudentia
1459 724 1756 775 dispensanda.

156 781 246 832 Ego
265 782 323 820 sic
343 780 415 820 odi
434 780 669 827 dissidium,
692 780 749 819 sic
770 792 866 818 amo
887 778 1170 825 concordiam,
1185 782 1235 817 vt
1254 791 1401 817 verear
1420 792 1484 825 ne,
1508 779 1543 817 si
1562 778 1758 818 inciderit

154 834 371 882 articulus,
399 835 524 874 citius
551 834 792 874 deserturus
818 834 898 872 sim
925 832 1112 884 aliquam
1139 833 1335 872 veritatis
1361 834 1600 883 portionem
1628 839 1767 884 quam·

154 889 406 928 turbaturus
436 888 718 936 concordiam,
751 889 785 927 si
815 887 919 939 quid
949 891 1095 926 tamen
1125 900 1201 938 ego
1231 899 1418 938 possum.
1476 887 1759 927 Concionator

152 943 233 983 iste
253 947 378 991 certe,
400 943 465 982 vir
485 943 634 990 bonus,
656 943 790 994 magis
810 941 1016 993 profuerit
1035 941 1094 980 rei
1115 941 1409 993 Euangelicae,
1431 942 1498 980 cui
1518 942 1607 980 sine
1627 941 1757 980 dubio
1777 957 1816 990 25

152 997 347 1037 fauemus
361 1011 520 1040 omnes,
536 998 571 1036 si
585 997 850 1037 columbinae
865 996 1129 1047 simplicitati
1143 995 1278 1034 addat
1292 995 1537 1047 Euangelici
1551 996 1759 1047 serpentis

154 1051 440 1103 prudentiam.
498 1052 756 1103 Experiatur
793 1051 886 1098 hoc,
926 1054 970 1090 et
1008 1050 1184 1089 damnet
1221 1063 1363 1089 meum
1403 1050 1637 1097 consilium,
1676 1051 1758 1089 nisi

155 1107 407 1158 compererit
427 1119 519 1146 esse
541 1119 704 1145 verum.
765 1105 876 1153 Quid
905 1108 1036 1156 agant
1064 1103 1123 1143 dii
1151 1104 1308 1151 selecti,
1339 1104 1443 1155 quid
1472 1104 1531 1143 dii
1559 1105 1755 1151 minores,

153 1173 401 1212 quanquam
426 1160 499 1199 illa
524 1173 693 1211 quoque
719 1160 847 1198 variis
873 1172 895 1198 0
920 1159 1022 1198 locis
1048 1158 1103 1197 ad
1129 1171 1196 1198 me
1222 1158 1553 1210 perscribuntur,
1580 1171 1667 1198 non
1693 1163 1758 1198 est

154 1228 309 1261 meum,
341 1215 420 1254 hoc
451 1218 516 1254 est
542 1213 714 1253 infimae
743 1213 998 1265 plebeculae,
1034 1212 1234 1252 iudicare.
1293 1213 1384 1264 Ego
1417 1214 1463 1252 in
1496 1213 1576 1252 hac
1609 1212 1757 1252 fabula
1776 1228 1819 1260 30

153 1281 268 1308 meas
285 1282 385 1308 sane
401 1272 545 1320 partes
561 1268 792 1320 synceriter
807 1280 1007 1319 peragam
1027 1280 1037 1314 ;
1070 1266 1122 1306 de
1138 1267 1257 1306 exitu
1273 1267 1429 1307 viderit
1444 1268 1534 1319 ipse
1551 1267 1758 1319 choragus

155 1323 359 1363 Christus.

208 1376 383 1416 Gaudeo
432 1380 476 1416 te
525 1389 716 1416 mearum
764 1376 984 1415 literarum
1033 1375 1264 1426 pharmaco
1314 1375 1586 1415 subleuatum
1608 1388 1617 1422 ;
1683 1375 1757 1414 sed

152 1431 336 1470 demiror
358 1444 435 1470 vos
459 1430 804 1471 Constantienses
828 1443 880 1470 ex
903 1434 995 1469 tam
1019 1429 1103 1468 leui
1125 1443 1293 1469 rumore
1317 1430 1536 1481 concipere
1560 1429 1756 1468 morbum

152 1489 243 1524 tam
275 1489 475 1525 atrocem.
535 1485 627 1533 Quo
659 1485 801 1524 animo
831 1485 867 1524 si
897 1497 974 1536 ego
1005 1497 1152 1531 essem,
1184 1497 1271 1523 non
1302 1483 1578 1524 Constantiae
1609 1483 1683 1523 sed
1712 1484 1757 1522 in
1777 1500 1793 1531 3
1800 1500 1815 1532 5

153 1539 383 1579 Hollandia
417 1543 558 1587 natus,
596 1539 651 1579 ad
686 1553 814 1591 quem
849 1538 1041 1591 quotidie
1075 1538 1181 1578 talia
1216 1538 1438 1578 mendacia
1472 1538 1755 1590 perferuntur,

152 1594 237 1633 iam
268 1593 432 1645 pridem
463 1598 657 1634 mortuus
688 1607 835 1634 essem.
893 1593 987 1633 Hoc
1018 1593 1139 1640 scito,
1172 1592 1279 1632 duos
1309 1593 1402 1632 illos
1433 1592 1652 1644 theologos
1683 1593 1757 1643 qui

152 1649 332 1699 priuatis
361 1648 468 1687 odiis
499 1662 586 1688 non
618 1649 662 1688 in
694 1662 775 1696 me,
810 1661 835 1687 a
867 1661 952 1699 quo
985 1660 1207 1699 nunquam
1239 1647 1355 1687 fuere
1386 1647 1516 1687 verbo
1541 1647 1656 1694 laesi,
1683 1646 1757 1686 sed

152 1703 196 1741 in
234 1702 367 1741 bonas
403 1703 547 1742 literas
584 1716 691 1754 quas
727 1715 893 1754 semper
930 1701 1113 1748 defendi,
1149 1702 1400 1741 debacchati
1432 1701 1617 1748 fuerant,
1648 1714 1755 1740 nun-

152 1769 282 1808 quam
301 1757 430 1796 fuisse
453 1757 728 1797 modestiores
751 1770 882 1809 quam
906 1769 1019 1796 nunc
1043 1760 1158 1795 sunt.

150 1814 243 1850 erat
273 1815 465 1850 extrema
495 1825 678 1858 ancora;
728 1825 779 1851 ea
808 1815 1038 1863 postquam
1066 1810 1229 1857 fefellit,
1256 1810 1524 1862 despondent
1549 1810 1752 1849 animum.

704 1921 755 1951 39.
783 1909 989 1942 debacchati
1002 1909 1142 1942 fuerant
1154 1910 1230 1942 add.
1249 1910 1291 1941 N.

200 2016 252 2039 12.
279 2006 484 2046 Gattinarii]
511 2006 702 2048 answering
730 2006 790 2038 the
818 2006 921 2038 letter

155 2051 357 2083 mentioned
371 2052 408 2082 in
426 2051 491 2091 Ep.
514 2052 606 2082 1281.
625 2061 699 2092 2-3.

201 2103 253 2133 13.
281 2094 474 2136 Glapionis]
516 2094 581 2125 His
622 2094 692 2125 and
733 2092 792 2125 the
834 2097 920 2125 next

153 2137 257 2169 letter
285 2137 465 2180 evidently
493 2137 669 2169 answered
698 2137 789 2178 Epp.
824 2146 918 2178 1275,

159 2191 252 2223 1273.

202 2233 252 2263 14.
280 2224 436 2263 Haloini]
453 2225 519 2266 Ep.
541 2226 634 2262 1269.

202 2277 213 2299 1
224 2276 253 2308 5.
280 2267 462 2310 Suoqueti]
472 2267 544 2300 The
554 2267 658 2300 letter
666 2267 696 2299 is
707 2270 770 2299 not
781 2269 918 2300 extant.

156 2311 240 2343 Ant.
272 2310 426 2353 Sucquet
463 2312 498 2352 (†
511 2321 548 2352 31
584 2311 671 2353 Aug.
708 2312 805 2352 1524)
845 2321 915 2343 was

152 2366 173 2387 a
208 2355 345 2387 trusted
377 2355 577 2396 dependent
610 2355 645 2387 of
678 2354 725 2386 Le
759 2354 918 2396 Sauvage

154 2398 294 2440 (Henne
310 2399 332 2432 i.
352 2408 454 2437 220n‚
469 2399 504 2430 ii.
524 2399 616 2438 201),
634 2398 785 2439 through
803 2397 917 2430 whose

153 2441 323 2473 influence
354 2441 396 2473 he
426 2452 501 2474 rose
531 2445 569 2473 10
600 2441 641 2473 be
672 2452 692 2473 a
721 2441 853 2473 Master
882 2442 917 2473 of

155 2485 340 2527 Requests,
369 2485 440 2517 and
468 2496 489 2516 a
518 2485 673 2517 member
701 2485 736 2517 of
765 2484 914 2517 Charles’

155 2529 275 2560 Grand
298 2528 439 2561 Council
462 2529 498 2560 in
526 2538 618 2570 1517.
667 2529 805 2561 Jerome
830 2529 915 2560 Bus-

154 2571 277 2611 leiden‚
291 2572 399 2613 dying
411 2576 449 2604 at
462 2573 646 2604 Bordeaux
659 2582 701 2613 27
714 2572 802 2611 Aug.
821 2581 915 2612 1517,

155 2615 256 2646 made
294 2615 434 2647 codicils
472 2619 510 2647 to
548 2616 601 2647 his
638 2615 707 2647 will
744 2615 831 2647 with
868 2615 915 2646 Le

155 2658 313 2699 Sauvage
359 2659 393 2699 (†
410 2661 507 2699 1518)
554 2658 623 2690 and
671 2658 825 2699 Suoquet
879 2668 917 2689 as

154 2704 336 2733 cxecutors
371 2702 482 2742 (Neve
516 2712 550 2742 p.
585 2703 653 2742 43).
712 2702 796 2733 This
829 2712 916 2741 gave

155 2744 310 2785 Sucquet
334 2755 379 2776 an
402 2745 597 2786 important
621 2745 773 2786 position
797 2745 833 2775 in
858 2744 917 2775 the

155 2788 307 2820 conduct
343 2788 379 2819 of
413 2788 472 2819 the
508 2787 696 2829 Collegium
731 2787 915 2828 trilingue:

155 2831 199 2864 cf.
231 2831 320 2873 Epp.
361 2840 452 2872 1051.
478 2834 537 2868 8n‚
571 2839 652 2872 1057
675 2831 804 2862 introd.
851 2831 919 2862 For

156 2874 331 2906 Erasmus'
358 2874 441 2916 high
463 2874 604 2916 opinion
627 2874 662 2906 of
683 2874 754 2906 him
775 2884 830 2905 soc
850 2874 914 2915 Ep.

158 2922 241 2960 1556
264 2918 334 2950 and
360 2917 470 2950 Lond.
496 2918 592 2949 xxiii.
630 2928 679 2955 12,
713 2918 783 2949 Lss.
821 2920 916 2958 1063,

156 2963 294 2993 written
309 2964 346 2993 to
361 2961 414 2993 his
428 2961 572 2993 brother
585 2961 654 2993 and
669 2971 742 2993 son.
781 2960 833 2992 Ην
847 2971 918 2993 was

157 3004 276 3036 buriod
307 3006 341 3036 in
372 3005 422 3037 St.
459 3004 666 3037 Donatian⁷s
697 3008 736 3036 at
766 3004 917 3045 Bruges:

990 2016 1045 2038 see
1079 2007 1110 2039 J.
1148 2006 1327 2044 Gailliard,
1361 2007 1468 2039 Inscr.
1499 2006 1611 2048 suner.
1647 2008 1685 2040 dp
1719 2008 1753 2041 la

992 2050 1148 2088 Flandre,
1168 2052 1263 2088 1861,
1277 2051 1301 2089 i,
1318 2061 1352 2091 p.
1372 2060 1444 2091 140.

1038 2093 1088 2125 16.
1116 2093 1343 2133 Carondileti]
1360 2094 1551 2135 answering
1571 2095 1636 2136 Ep.
1660 2097 1752 2136 1276.

1034 2145 1089 2177 23.
1116 2137 1314 2169 deserturus
1348 2137 1430 2177 sim]
1465 2137 1514 2170 Cf.
1553 2138 1618 2180 Ep.
1660 2147 1752 2177 1110.

989 2190 1069 2221 4011.

1033 2232 1089 2263 24.
1115 2223 1362 2264 Ooncionator]
1383 2224 1477 2257 John
1502 2225 1663 2263 Vanner3
1698 2235 1753 2257 see

991 2267 1056 2309 Ep.
1080 2276 1173 2309 1335.
1191 2277 1273 2307 44n.

1036 2320 1054 2351 3
1060 2320 1090 2351 3.
1115 2311 1311 2351 literarum]
1326 2311 1399 2344 Not
1416 2315 1550 2344 extant.

1077 2354 1281 2396 pharmaco]
1345 2355 1511 2387 Erasmus
1569 2365 1651 2396 may
1711 2356 1754 2387 be

987 2399 1136 2440 quoting
1174 2398 1387 2430 Botzheim's
1425 2409 1501 2431 own
1538 2399 1656 2431 word:
1707 2399 1750 2430 cf.

990 2441 1095 2473 BRE.
1114 2451 1188 2483 227.

1033 2494 1087 2525 34.
1114 2485 1266 2524 rumore]
1314 2485 1467 2526 Perhaps
1515 2484 1595 2516 that
1642 2484 1754 2516 which

988 2528 1239 2570 Hummelberg
1263 2529 1333 2560 had
1358 2528 1521 2569 reported
1546 2531 1584 2559 to
1609 2527 1753 2569 Zwingli

985 2572 1022 2603 in
1035 2572 1103 2604 Zw.
1118 2573 1171 2603 E2.
1185 2574 1261 2611 246,
1275 2572 1356 2603 that
1367 2572 1500 2603 Adrian
1513 2571 1582 2603 had
1594 2571 1754 2603 declared

989 2616 1154 2647 Erasmus
1181 2626 1202 2646 a
1226 2615 1379 2646 heretic:
1414 2615 1456 2646 cf.
1484 2615 1548 2656 Ep.
1576 2624 1668 2656 1327.
1693 2619 1751 2650 611.

988 2669 1027 2690 01·
1039 2658 1190 2700 perhaps
1204 2659 1246 2690 cf.
1265 2658 1331 2699 Ep.
1350 2668 1442 2698 1342.
1464 2667 1516 2689 111.

1032 2710 1087 2741 35.
1111 2702 1148 2733 in
1168 2701 1356 2733 Hollandia
1373 2701 1493 2741 natus]
1512 2701 1572 2733 See
1592 2701 1657 2743 Ep.
1675 2704 1751 2740 906.

984 2755 1063 2785 43¹1·

1034 2797 1087 2829 37.
1114 2787 1308 2829 theologos]
1371 2787 1546 2830 Probably
1608 2788 1753 2821 Stunica

989 2831 1095 2872 (App.
1135 2833 1188 2872 15)
1224 2831 1294 2862 and
1329 2831 1501 2863 Carranza
1536 2832 1617 2873 (Ep.
1659 2842 1751 2873 1277.

989 2876 1094 2917 24n):
1134 2874 1189 2906 for
1214 2875 1380 2907 Erasmus
1406 2885 1516 2907 seems
1541 2885 1621 2907 now
1647 2879 1685 2907 1ο
1712 2875 1753 2907 be

990 2917 1152 2959 thinking
1167 2918 1201 2949 of
1215 2918 1336 2950 Rome.
1377 2918 1445 2950 For
1458 2918 1517 2950 the
1531 2919 1751 2961 suppression

988 2961 1024 2992 of
1052 2961 1148 2992 them
1178 2961 1224 3004 by
1252 2961 1333 3004 high
1362 2962 1544 3004 authority
1573 2962 1669 2994 there
1697 2973 1751 2993 see

992 3005 1054 3046 Ep.
1080 3014 1171 3045 1302.
1193 3016 1270 3047 59¹¹·

1217 1756 1299 1795 Hic
1323 1756 1523 1795 Pontifex
1543 1755 1755 1795 Adrianus
1772 1771 1818 1802 40
