2012 3370
137 155 256 201 1353]
656 150 728 189 To
759 149 976 188 ULRICH
1008 147 1202 188 ZAsms
1649 144 1726 182 265

134 275 283 300 suasus
297 276 321 300 a
337 261 656 301 Dominicastris
671 264 713 297 et
728 259 1029 303 Franciscanis,
1046 257 1179 296 credit
1192 258 1236 295 in
1249 256 1361 295 hisee
1382 255 1504 293 rebus
1526 264 1727 304 magnum

134 330 222 354 esse
248 321 511 355 momentum
536 315 797 354 Christianae
822 313 1044 364 religionis.
1098 311 1180 351 sed
1205 311 1326 349 aliter
1351 310 1487 360 sapiet
1512 308 1585 346 vbi
1611 311 1729 345 aetas

136 374 180 408 et
202 383 341 409 rerum
363 384 464 409 Vsus
484 370 651 408 auxerit
671 368 887 406 iudicium.
939 366 1081 417 Atque
1104 367 1269 404 vtinam
1292 365 1365 415 qui
1387 364 1496 402 hanc
1518 362 1728 413 religionis

137 425 363 463 scintillam
400 425 444 463 in
478 424 589 463 illius
626 423 815 460 animum
853 424 1087 472 potuerunt
1122 421 1366 465 immittere,
1405 417 1648 456 docuissent
1685 419 1729 453 et

137 480 441 528 persuasissent
465 478 561 525 alia,
581 490 690 528 quae
720 477 852 526 magis
878 475 1123 513 conducunt
1146 473 1325 512 vtilitati
1351 472 1543 523 publicae
1564 470 1571 508 i
1631 470 1727 508 Non

137 532 288 572 dubito
322 534 425 584 quin
459 532 513 571 ad
546 532 649 570 haec
683 543 853 582 quoque
887 543 930 568 se
959 529 1137 568 docilem
1167 527 1389 578 praeberet
1417 527 1580 577 optimo
1610 537 1726 575 prae-

137 586 253 626 ditus
286 588 454 638 ingenio
488 586 666 624 iuuenis.
722 584 894 631 Quanta
929 584 1257 634 magistratuum
1289 581 1446 631 vbique
1474 578 1726 629 corruptela,

137 645 300 691 quanta
331 640 562 692 praedandi
591 639 775 685 licentia,
808 642 996 688 quantae
1027 637 1293 675 calamitates
1323 635 1592 673 innoxiorum
1623 633 1727 683 agri-

137 695 338 742 colarum,
378 708 507 746 quam
544 693 723 733 crudelis
760 692 963 742 expilatio
1000 690 1160 741 populi,
1200 701 1330 740 quam
1367 689 1486 738 impii
1524 687 1729 726 bellorum

137 749 360 796 tumultus,
390 753 496 800 quot
522 748 670 787 caedes
696 746 944 785 hominum!
1001 745 1119 783 Haec
1146 743 1361 795 quomodo
1388 743 1515 781 vitari
1542 744 1728 792 possent,

138 816 307 842 monere
328 803 575 849 debuerant,
600 803 673 854 qui
696 801 750 840 ob
773 813 891 839 esum
914 801 1104 838 carnium
1127 798 1289 837 coelum
1312 802 1449 836 terrae
1473 797 1663 840 miscent,
1688 798 1732 832 et

136 858 180 896 in
199 859 321 909 nugis
340 859 530 897 excitant
549 856 800 908 tragoedias.
850 855 1004 905 Itaque
1023 866 1109 892 non
1128 865 1301 904 possum
1320 851 1475 890 adduci
1495 854 1544 888 vt
1564 849 1732 888 credam

138 913 250 950 viros
273 925 434 963 graues,
460 911 690 962 prudentes
714 914 758 949 et
781 922 919 948 rerum
944 922 1024 947 vsu
1048 909 1219 959 peritos,
1246 907 1445 957 cuiquam
1469 904 1733 943 exhibituros

136 967 367 1017 negotium,
395 968 430 1005 si
456 967 551 1017 quis
577 965 631 1005 ob
659 964 930 1003 manifestam
957 963 1141 1013 eorporis
1167 961 1464 1000 necessitatem
1491 958 1607 997 dorni
1633 969 1734 996 suae

137 1033 390 1071 quocunque
413 1020 480 1059 die
502 1023 741 1059 vesceretur
762 1020 813 1057 iis
835 1031 944 1068 quae
966 1016 1169 1056 valetudo
1192 1015 1440 1067 postularet.
1493 1013 1552 1051 At
1574 1013 1607 1051 si
1630 1010 1733 1063 quid

137 1076 448 1125 superstitionis
484 1075 717 1113 hauserunt
752 1086 804 1112 ex
841 1072 1092 1111 Pharisaicis
1128 1070 1353 1121 magistris,
1391 1066 1631 1107 laudandus
1668 1070 1733 1104 est

136 1128 303 1167 illorum
327 1131 505 1168 animus.
559 1128 641 1168 Sed
665 1141 690 1166 a
712 1128 775 1166 tui
800 1126 1019 1172 similibus,
1045 1125 1182 1164 doctis
1205 1129 1249 1163 et
1271 1124 1445 1174 integris
1468 1123 1582 1167 viris,
1608 1121 1730 1159 corri-

137 1183 322 1233 gendum
344 1188 409 1222 est
428 1183 644 1222 iudicium.

193 1237 316 1284 Quod
345 1238 379 1276 si
408 1250 458 1276 eo
486 1250 551 1276 res
580 1237 765 1282 deuenit,
797 1239 846 1274 vt
875 1247 950 1286 per
979 1234 1220 1285 prophanos
1250 1233 1526 1283 magistratus
1555 1228 1731 1280 cogendi

137 1291 269 1330 simus
286 1291 341 1330 ad
359 1293 577 1342 pietatem,
598 1292 763 1329 vtinam
787 1290 841 1328 ab
862 1289 926 1327 his
947 1289 1215 1339 potissimum
1236 1287 1366 1325 arceri
1384 1286 1518 1336 possit
1536 1283 1731 1335 populus,

138 1358 247 1396 quae
294 1359 418 1384 verae
464 1346 638 1396 pietatis
685 1348 848 1395 pestem
894 1343 1104 1381 inuehunt
1125 1343 1131 1379 ἵ
1210 1341 1477 1389 Quantorum
1525 1338 1734 1377 malorum

138 1401 341 1450 magistra
354 1404 419 1438 est
433 1399 684 1438 temulentia
704 1398 711 1436 l
756 1397 838 1437 Sed
853 1397 920 1436 vel
934 1398 978 1435 in
992 1397 1059 1435 die
1074 1396 1328 1434 Parasceues
1341 1395 1440 1433 licet
1455 1393 1510 1432 ad
1524 1393 1736 1431 vomitum

138 1467 186 1492 ac
210 1466 425 1505 syncopen
446 1453 657 1499 inebriari,
681 1456 725 1491 et
748 1455 920 1502 aegroto
943 1464 992 1489 ac
1015 1450 1273 1502 periclitanti
1295 1449 1348 1488 de
1370 1450 1463 1487 vita
1485 1448 1598 1486 vesci
1621 1445 1737 1497 pullo

139 1508 320 1559 capitale
358 1512 436 1547 est.
506 1507 616 1547 Olim
656 1507 944 1558 magistratus,
986 1506 1020 1544 si
1059 1504 1232 1556 quando
1271 1517 1315 1542 se
1354 1501 1642 1541 demittebant
1680 1499 1735 1538 ad

139 1562 410 1601 humiliorum
439 1575 579 1601 rerum
610 1574 767 1608 curam,
799 1560 871 1599 illa
900 1559 1228 1611 prospiciebant,
1259 1571 1312 1597 ne
1342 1558 1633 1596 minuerentur
1662 1567 1736 1605 per

138 1617 332 1656 fraudem
361 1616 549 1668 pondera
579 1629 680 1655 suae
709 1627 945 1661 mensurae,
976 1627 1029 1652 ne
1059 1626 1199 1652 rerum
1229 1613 1417 1664 precium
1447 1623 1576 1662 supra
1605 1621 1734 1660 quam

139 1685 215 1722 par
248 1675 359 1710 esset
391 1671 632 1710 intenderet
665 1669 876 1716 venditor,
906 1682 959 1707 ne
995 1668 1237 1719 monopolia
1269 1667 1419 1705 fierent
1451 1667 1562 1704 inter
1596 1676 1735 1702 rerum

140 1725 394 1772 venditores,
413 1739 466 1764 ne
482 1726 582 1764 vina
600 1725 867 1770 vitiarentur,
889 1736 942 1762 ne
961 1736 1107 1761 carnes
1127 1723 1315 1773 piscesue
1335 1720 1517 1759 morbidi
1536 1723 1737 1770 putresue

142 1780 437 1827 venderentur,
462 1793 514 1818 ne
538 1780 735 1818 conuiuia
758 1778 907 1817 fierent
931 1778 1246 1828 sumptuosiora
1274 1788 1404 1827 quam
1428 1773 1659 1825 expediret,
1684 1785 1737 1810 ne

139 1836 234 1886 quis
260 1834 503 1873 aedificaret
528 1838 604 1872 aut
630 1834 857 1872 vestiretur
882 1832 1172 1882 sumptuosius
1197 1843 1327 1881 quam
1352 1842 1429 1880 pro
1455 1827 1582 1867 modo
1606 1826 1736 1865 facul-

140 1893 294 1928 tatum.
349 1889 466 1927 Haec
486 1889 612 1934 enim,
637 1888 811 1926 tametsi
835 1887 1078 1932 minutiora,
1103 1887 1320 1936 pertinent
1339 1889 1485 1923 tamen
1505 1882 1560 1920 ad
1581 1882 1737 1920 ciuium

142 1944 386 1982 vtilitatem.
446 1943 668 1982 Caeterum
696 1941 799 1992 quid
828 1942 1007 1991 quisque
1034 1940 1149 1978 domi
1176 1953 1276 1978 suae
1303 1939 1467 1977 biberet
1496 1941 1572 1975 aut
1595 1935 1738 1974 ederet

141 2011 217 2048 pro
246 1997 502 2036 valetudinis
531 1998 794 2042 necessitate,
825 1995 975 2033 medici
1007 1995 1288 2045 praescribere
1319 1993 1468 2038 solent,
1496 2004 1581 2030 non
1609 1990 1737 2040 magi-

142 2057 314 2091 stratus.

197 2106 320 2153 Quod
356 2107 389 2144 si
425 2107 543 2156 pium
579 2110 643 2144 est
687 2104 829 2143 ciuiles
867 2105 1141 2154 magistratus
1179 2104 1264 2142 suis
1300 2101 1536 2140 rationibus
1574 2099 1739 2150 adigere

142 2161 347 2212 populum
388 2160 443 2199 ad
483 2160 765 2198 humanarum
807 2159 1162 2197 constitutionum
1208 2157 1561 2201 obseruationem,
1604 2153 1740 2192 multo

143 2216 276 2267 magis
293 2215 337 2253 id
352 2214 441 2253 fieri
457 2214 738 2253 conueniebat
755 2214 798 2251 in
811 2213 876 2251 his
888 2226 997 2264 quae
1011 2213 1280 2263 praescripsit
1293 2212 1420 2249 Deus.
1469 2209 1741 2248 Moechamur

142 2271 315 2321 impune
334 2269 537 2316 valentes,
559 2273 602 2307 et
621 2269 803 2319 aegrotis
822 2280 907 2306 non
927 2267 1024 2305 licet
1043 2268 1216 2317 impune
1236 2267 1348 2304 vesci
1367 2278 1477 2316 quae
1497 2263 1742 2303 conducunt

144 2324 391 2363 valetudini.
445 2323 604 2370 Quodsi
632 2322 852 2374 prophano
880 2322 1149 2371 magistratui
1178 2334 1264 2359 non
1286 2325 1351 2359 est
1374 2332 1474 2358 cura
1499 2318 1741 2356 diuinarum

143 2379 499 2417 constitutionum
520 2378 600 2416 nisi
622 2390 718 2416 cum
739 2376 856 2422 libet,
880 2389 953 2414 cur
973 2377 1017 2413 in
1039 2375 1235 2413 humanis
1257 2372 1636 2413 constitutionibus
1657 2383 1742 2408 non

144 2437 317 2472 seruant
340 2433 405 2471 ius
429 2445 611 2483 aequum
635 2436 650 2469 Υ
691 2433 777 2470 imo
802 2444 875 2468 eur
900 2430 1039 2480 placet
1064 2430 1166 2468 ordo
1191 2433 1488 2480 praeposterus
1510 2433 1524 2463 ζ’
1582 2426 1741 2463 Passim

190 2513 261 2542 108.
288 2508 446 2550 publicae
464 2512 521 2548 Βγ,
539 2513 570 2541 vt
591 2509 629 2540 1ίη
645 2510 734 2550 Epp.
762 2511 852 2550 1358.
872 2519 924 2549 39,
952 2511 1042 2548 1365.
1067 2514 1150 2537 120:
1186 2502 1412 2544 Reipublicae
1438 2515 1468 2532 «ι.
1574 2512 1645 2533 110.
1672 2501 1740 2538 137:

144 2552 303 2593 praedito
318 2566 347 2583 α.
462 2562 523 2584 112
560 2563 667 2594 quam
686 2556 749 2586 1213:
775 2562 864 2593 quac
881 2564 914 2591 γ.
991 2559 1097 2590 quam
1114 2552 1177 2582 αβι
1205 2548 1266 2588 qui
1283 2561 1313 2587 γ.
1426 2557 1493 2586 113·
1522 2546 1667 2585 possunt
1683 2545 1739 2582 67.

147 2608 216 2638 114.
244 2599 336 2626 terra
368 2609 401 2636 γ.
602 2606 671 2639 117.
698 2598 775 2637 quis
798 2600 864 2628 043:
890 2604 976 2634 quos
995 2607 1025 2633 γ.
1226 2594 1295 2624 118.
1323 2589 1378 2620 dic
1413 2595 1480 2623 <1152
1519 2592 1674 2627 temporo
1706 2599 1740 2626 γ.

150 2651 219 2671 130.
247 2639 303 2669 tui
327 2651 368 2670 a:
398 2638 452 2670 sui
473 2643 529 2678 βγ.
672 2651 742 2672 122.
771 2642 838 2677 &7¹
875 2635 1044 2677 congaudi
1067 2649 1097 2665 ιι.
1256 2643 1325 2675 123.
1352 2634 1460 2664 simus
1479 2644 1520 2664 (ις
1547 2641 1665 2663 sumus
1683 2634 1739 2669 337.

148 2695 218 2724 124.
245 2692 334 2722 quae
355 2685 424 2722 [372
460 2682 520 2723 qui
542 2695 572 2712 (ι.
753 2691 853 2712 verae
875 2680 1020 2718 scripsi:
1065 2687 1182 2709 veram
1212 2681 1290 2716 (ιβγ.
1529 2673 1672 2715 pietatis
1700 2685 1739 2713 7:

145 2725 305 2756 veritatis
334 2728 389 2759 (ιβ.
531 2725 703 2756 inuehunt
732 2728 800 2764 By:
830 2723 966 2755 inuehit
980 2736 1010 2753 cz.
1187 2722 1406 2758 Quantorum
1418 2731 1461 2759 7:
1491 2718 1671 2756 Quantum
1686 2720 1741 2751 «ιβ.

150 2773 220 2802 126.
247 2780 285 2800 ac
303 2773 378 2801 ante
395 2779 571 2811 syncopen
588 2772 632 2802 (133
649 2783 655 2801 :
681 2769 725 2800 nd
741 2781 773 2808 γ.
963 2778 1032 2809 127.
1061 2778 1104 2804 (νγ
1120 2776 1126 2795 :
1155 2763 1368 2794 demittebat
1382 2769 1415 2796 β.
1576 2773 1647 2803 130.
1674 2773 1718 2798 <17
1733 2773 1740 2791 :

145 2815 261 2844 essent
278 2816 311 2846 β.
406 2824 478 2855 135.
504 2825 548 2852 (ιγ
564 2824 571 2843 z
602 2812 788 2853 quisquam
807 2814 839 2845 β.
947 2814 1017 2852 136.
1045 2822 1088 2849 (ιγ
1104 2820 1110 2838 :
1136 2805 1360 2849 praescribcri
1378 2810 1411 2840 β.
1519 2817 1590 2848 139.
1616 2804 1744 2836 eonsti-

147 2856 326 2887 tutionum
344 2869 362 2886 a
379 2867 386 2886 :
416 2855 684 2887 institutionum
702 2858 759 2895 β-γ.

196 2956 264 2987 104.
292 2943 545 2982 Francisoanis]
577 2944 667 2975 Such
692 2954 729 2974 as
754 2943 806 2974 his
829 2953 907 2973 con-
1022 2952 1093 2983 124.
1119 2951 1220 2971 verae
1249 2940 1407 2980 pietatis]
1434 2939 1483 2971 Cf.
1514 2938 1546 2969 11.
1576 2950 1628 2980 35.
1658 2947 1742 2976 101,-

147 2987 263 3025 fessor,
295 2987 469 3029 Glapion3
520 2998 575 3018 sec
606 2999 638 3029 p.
673 2999 725 3030 47,
756 2987 826 3018 and
861 2986 903 3017 cf.
974 2985 1045 3016 and
1076 2984 1330 3025 Pyrckinaicr's
1360 2983 1509 3024 prefaco,
1534 2982 1574 3013 fo,
1602 2983 1643 3013 A³
1678 2987 1739 3013 1⁰:

149 3032 230 3063 LE2.
247 3033 309 3072 548
336 3034 432 3071 24-6.
472 3031 532 3063 Sec
547 3032 619 3063 also
632 3032 714 3063 LE2.
732 3040 904 3073 352,quo-
976 3032 983 3040 ⁸
998 3029 1160 3066 ebrietas,
1186 3038 1276 3070 quae
1301 3028 1367 3059 ctsi
1391 3030 1445 3059 cst
1470 3036 1571 3059 verae
1597 3026 1741 3067 pietatis

151 3075 209 3108 ted
222 3075 257 3107 in
275 3075 339 3117 Ep.
365 3084 456 3117 1141.
479 3084 553 3115 1511,
568 3076 637 3107 and
656 3075 719 3118 Ep.
742 3077 832 3117 1148.
848 3084 903 3114 911.
974 3073 1082 3114 pestis
1097 3072 1116 3103 ³.
1133 3095 1140 3102 .
1158 3095 1165 3103 .

1752 316 1809 349 105

1755 587 1815 609 110

1757 857 1812 890 115

1758 1128 1818 1152 120

1761 1401 1816 1433 125

1761 1673 1822 1704 130

1764 1945 1818 1977 135

1766 2218 1827 2248 140
