2012 3370
228 142 281 180 94
701 136 956 177 LETTERS
988 136 1060 175 OF
1090 135 1353 175 ERASMUS
1703 135 1825 186 [1522

282 251 399 291 Haec
430 251 485 290 ad
516 261 727 289 rumorem
758 248 976 287 delatum:
1024 246 1097 286 vbi
1128 247 1307 285 certiora
1337 257 1532 297 cognom,
1564 244 1828 296 respondebo

226 306 479 345 accuratius.
537 304 661 344 Nunc
698 302 796 342 Vide
833 315 888 341 an
924 301 1121 341 ferendus
1158 302 1214 340 sit
1249 301 1284 340 is
1320 301 1406 352 qui,
1445 299 1694 351 lymphatus
1731 298 1828 338 odio

223 359 382 408 fratris,
410 361 454 399 in
481 358 686 399 conuiuiis
712 361 757 397 et
783 356 1055 396 concionibus
1082 359 1210 395 vocat
1236 355 1462 395 Erasmum
1488 354 1749 393 haereticum
1775 366 1828 392 ex

225 414 468 454 huiusmodi
488 413 713 453 lemmatis.

272 519 326 549 81.
363 518 458 549 Haec
484 543 491 550 .
520 541 527 549 .
555 541 563 549 .
594 518 649 555 84.
684 515 860 547 lemmatis
886 515 934 547 O:
983 514 1050 546 Sed
1087 513 1245 545 ridentur
1278 513 1345 544 illic
1374 516 1471 550 vota,
1502 513 1573 543 imo
1604 511 1762 543 ridentur
1792 515 1828 544 et

226 561 460 593 admonentur
484 561 556 598 isti,
582 569 731 602 quorum
758 559 909 600 plurima
937 557 1041 590 turba
1069 561 1134 595 est,
1158 558 1218 599 qui
1240 557 1334 588 domi
1358 556 1485 588 relictis
1507 555 1623 587 liberis
1649 559 1685 587 et
1708 566 1826 592 vxore,

227 608 312 636 voto
338 608 466 637 temere
495 605 587 636 inter
617 603 742 645 pocula
772 605 942 644 concepto
971 611 1051 633 cum
1081 600 1216 643 aliquot
1241 600 1507 632 combibonibus
1538 599 1702 636 Romam,
1727 598 1827 631 Com-

224 647 408 689 postellam
428 652 491 679 aut
511 647 789 688 Hierosolymam
810 649 1028 688 procurrunt.
1073 645 1293 686 Quanquam,
1315 648 1355 675 vt
1374 654 1466 675 nunc
1486 646 1569 675 sunt
1590 653 1712 680 morea
1737 642 1825 674 arbi-

226 695 299 723 tror
331 692 487 723 sanctius
520 693 556 723 in
599 694 715 723 totum
754 690 910 722 homines
945 699 966 720 a
996 688 1125 720 talibus
1160 689 1252 720 votis
1287 687 1463 718 dehortari
1497 697 1604 728 quam
1635 686 1824 718 adhortari.

227 735 304 767 Hae
327 735 490 767 videlicet
513 738 596 767 sunt
618 734 827 767 execrabiles
851 733 1019 769 haereses,
1037 742 1124 774 quas
1147 731 1203 762 ille
1228 731 1386 772 Lynceus
1402 731 1493 762 vidit
1508 732 1544 762 in
1559 729 1674 762 libello
1691 729 1823 771 puerili.

224 779 351 811 Mirum
373 782 493 811 autem
515 789 606 820 quur
635 788 706 810 non
735 777 894 809 excutiat
926 780 963 808 et
991 775 1223 808 Catunculum
1255 785 1370 806 meum
1401 778 1437 806 et
1470 774 1595 806 Mimos
1626 773 1823 805 Publianos.

225 822 309 861 Quis
339 833 409 854 non
436 822 601 864 intelligit
628 822 697 853 ista
726 821 894 863 proficisci
925 831 946 851 a
974 821 1114 861 priuato
1140 818 1293 860 quodam
1323 818 1429 850 odio?
1486 818 1695 859 Quanquam
1723 827 1744 848 a
1771 827 1825 849 me

222 866 364 908 quidem
388 866 484 898 nulla
507 867 543 898 in
568 876 602 897 re
627 865 739 897 laesus
763 868 829 902 est,
852 864 918 895 nisi
942 863 1037 905 quod
1061 863 1134 894 faui
1160 862 1258 894 bonis
1280 861 1400 899 literis,
1425 871 1512 902 quas
1536 861 1592 892 ille
1616 860 1694 902 plus
1718 871 1825 902 quam

222 909 420 951 capitaliter
437 910 525 948 odit,
541 920 603 941 nec
621 910 686 940 scit
703 907 942 950 quamobrem.
984 907 1031 938 Et
1047 907 1186 938 interim
1204 905 1371 946 gloriatur
1387 905 1452 936 sibi
1470 915 1609 946 quoque
1627 904 1735 936 telum
1753 914 1825 936 esse

221 963 292 995 quo
304 963 339 985 se
352 953 547 985 vlciscatur.
585 953 620 985 Si
631 953 709 994 quis
720 952 818 983 illum
830 952 865 982 in
878 951 1040 982 conuiuio
1051 950 1179 981 dixerit
1190 949 1360 981 Corebum
1373 952 1435 980 aut
1447 949 1594 985 ebrium,
1605 948 1661 979 ille
1674 948 1824 980 vicissim

219 997 258 1029 in
278 997 442 1029 concione
463 997 630 1028 clamabit
649 1006 730 1027 eum
751 995 964 1026 haereticum
985 997 1048 1025 aut
1068 993 1247 1024 falsarium
1268 996 1331 1023 aut
1351 991 1622 1023 schismaticum.
1667 991 1776 1023 Credo
1797 993 1825 1023 si

221 1050 334 1083 coqua
356 1041 393 1072 in
417 1051 524 1072 coena
548 1042 692 1081 poneret
715 1048 834 1070 carnes
858 1038 1013 1075 adustas,
1038 1036 1204 1077 postridie
1226 1036 1262 1067 in
1286 1036 1449 1066 concione
1473 1035 1641 1066 clamaret
1662 1034 1758 1066 illam
1783 1035 1825 1066 de

222 1083 355 1115 haeresi
381 1088 590 1125 suspectam.
642 1083 714 1115 Nec
743 1081 902 1123 pudescit
930 1084 993 1112 aut
1020 1080 1203 1121 resipiscit,
1230 1080 1335 1110 toties
1361 1079 1437 1120 ipsa
1465 1088 1500 1110 re
1528 1077 1761 1120 deprehensus
1788 1079 1823 1110 in

223 1127 410 1158 manifesto
427 1127 618 1158 mendacio.

266 1170 421 1202 Primum
443 1180 550 1212 quam
571 1169 694 1207 stulta,
715 1178 823 1210 quam
842 1168 966 1199 insana
987 1166 1176 1199 blaterauit
1200 1167 1237 1198 in
1263 1165 1405 1198 Nouum
1431 1165 1696 1197 Testamentum
1722 1175 1743 1197 a
1770 1176 1824 1197 me

219 1215 446 1255 recognitum.
487 1213 620 1245 Deinde
636 1212 722 1255 quid
736 1212 892 1244 insanius
906 1211 965 1242 illa
981 1221 1065 1242 voce
1081 1220 1188 1252 quam
1203 1210 1284 1241 iecit
1299 1210 1335 1240 in
1352 1209 1520 1241 Iacobum
1536 1209 1689 1241 Fabrum
1705 1212 1741 1240 et
1757 1219 1823 1247 me,

218 1267 329 1300 quum
350 1258 427 1299 ipsa
449 1267 501 1289 res
523 1257 724 1299 loqueretur
741 1256 842 1287 illum
864 1265 935 1286 non
956 1253 1144 1295 intelligere
1167 1253 1252 1295 quid
1274 1253 1359 1284 mihi
1381 1263 1461 1284 cum
1483 1253 1598 1284 Fabro
1624 1253 1823 1284 conueniret

220 1304 284 1333 aut
300 1302 385 1343 quid
401 1304 492 1333 esset
509 1302 545 1332 in
565 1300 826 1333 controuersia?
860 1298 952 1337 Quid
969 1297 1208 1339 impudentius
1227 1307 1334 1338 quam
1352 1296 1447 1338 quod
1465 1297 1501 1328 in
1519 1296 1659 1338 publica
1677 1295 1823 1328 lectione

221 1345 300 1376 falsi
312 1345 442 1376 crimen
454 1348 491 1376 et
503 1344 671 1376 haeresim
684 1343 830 1384 impegit
842 1342 937 1384 quod
949 1342 1049 1373 iuxta
1062 1341 1210 1373 Graecos
1223 1341 1399 1378 verterim,
1425 1338 1433 1352 ‘
1447 1340 1574 1372 Omnes
1595 1339 1736 1381 quidem
1752 1350 1822 1372 non

221 1398 449 1430 resurgemus,
472 1388 533 1420 sed
557 1397 676 1419 omnes
698 1385 1012 1418 immutabimur?’
1061 1384 1152 1423 Quid
1176 1384 1338 1416 furiosius
1365 1393 1473 1425 quam
1497 1383 1593 1425 quod
1619 1383 1823 1415 Mechliniae

220 1433 257 1464 in
279 1431 420 1473 publica
443 1433 606 1463 concione
630 1431 767 1462 monuit
789 1429 958 1471 populum
981 1432 1022 1460 vt
1045 1431 1184 1460 caueret
1206 1427 1250 1459 ab
1275 1427 1406 1458 haeresi
1429 1427 1573 1459 Lutheri
1595 1430 1631 1458 et
1654 1427 1821 1459 Erasmi'!

221 1475 313 1514 Quid
329 1475 422 1507 enim
438 1485 530 1507 nunc
547 1484 815 1506 commemorem
832 1483 919 1514 quas
936 1482 1037 1504 voces
1053 1474 1195 1504 euomat
1212 1472 1326 1503 verius
1342 1481 1449 1512 quam
1466 1470 1650 1512 eloquatur
1664 1471 1701 1502 in
1718 1469 1824 1502 lautis

220 1519 402 1557 conuiuiis,
425 1520 563 1560 quoties
585 1529 604 1550 e
627 1517 760 1560 poculis
783 1517 948 1548 accrescit
970 1516 1062 1547 zelus
1086 1515 1210 1547 domus
1234 1515 1329 1546 Dei?
1367 1514 1487 1555 Nuper
1510 1514 1605 1556 apud
1630 1514 1822 1546 Hollandos

221 1562 313 1594 dixit
331 1572 386 1594 me
408 1562 504 1604 apud
527 1561 705 1603 theologos
722 1561 955 1593 Louanienses
978 1559 1097 1590 haberi
1120 1568 1182 1600 pro
1205 1558 1355 1590 falsario.
1402 1558 1593 1599 Descripsit
1615 1557 1661 1588 ad
1685 1567 1739 1588 me
1762 1559 1821 1599 qui

221 1615 382 1647 praesens
403 1606 551 1637 audiuit.
595 1606 754 1646 Rogat-us
775 1603 1016 1645 quamobrem,
1040 1601 1048 1615 ‘
1064 1602 1177 1641 Quare
1192 1602 1199 1614 ’
1222 1602 1338 1643 inquit
1361 1599 1368 1613 ⁶
1384 1602 1489 1633 toties
1509 1601 1660 1642 castigat
1680 1601 1821 1633 Nouum

221 1650 487 1681 Testamentum
499 1649 518 1681 '.
563 1649 591 1681 Ο
604 1648 768 1680 stolidam
784 1648 962 1688 linguam!
1004 1646 1238 1688 Hieronymus
1263 1646 1367 1676 toties
1385 1645 1572 1686 castigauit
1590 1644 1797 1676 Psalterium
1813 1657 1820 1677 :

221 1703 266 1725 an
282 1693 361 1725 ideo
378 1692 537 1724 falsarius
553 1696 607 1724 est
624 1695 637 1724 ἱ)
678 1692 836 1733 Denique
854 1691 883 1722 si
899 1690 1058 1722 falsarius
1075 1693 1129 1721 est
1145 1690 1205 1731 qui
1223 1688 1277 1720 vel
1294 1688 1496 1730 imprudens
1513 1688 1568 1720 vel
1587 1687 1630 1720 ob
1647 1689 1822 1720 inscitiam

222 1737 331 1768 vertit
358 1736 491 1777 aliquid
520 1746 618 1768 secus
646 1745 754 1778 quam
784 1737 935 1776 oportet,
964 1733 1124 1765 falsarius
1153 1733 1222 1764 fuit
1250 1732 1305 1764 hic
1334 1733 1432 1764 cuius
1462 1731 1564 1764 hodie
1594 1731 1822 1764 translatione

221 1780 334 1812 vtitur
350 1780 513 1811 Ecclesia.

266 1823 446 1863 Quantum
463 1827 583 1855 autem
598 1822 736 1865 proficit
750 1821 949 1853 istiusmodi
966 1820 1119 1852 moribus
1133 1823 1146 1852 ?
1173 1820 1299 1852 Omnes
1316 1819 1431 1851 rident
1447 1822 1488 1850 vt
1506 1818 1724 1861 Morychum,
1744 1819 1819 1850 hor-

220 1871 298 1899 rent
314 1870 355 1899 vt
371 1867 595 1907 cer<r>itum,
611 1867 767 1907 fugitant
783 1869 824 1897 vt
841 1875 1017 1896 morosum
1033 1867 1070 1896 et
1084 1863 1353 1895 intractabilem.
1394 1863 1467 1895 Nec
1484 1866 1630 1904 possunt
1646 1873 1717 1894 non
1734 1862 1821 1894 bene

219 1911 346 1942 sentire
365 1910 408 1942 de
427 1921 468 1943 eo
486 1911 528 1942 de
548 1921 619 1952 quo
635 1910 692 1941 ille
711 1914 786 1941 tam
806 1909 922 1941 odiose
941 1907 1130 1950 praedicat.
1174 1908 1221 1939 Et
1239 1917 1349 1948 quum
1369 1906 1529 1938 omnibus
1548 1905 1742 1947 displiceat,
1761 1907 1821 1938 vni

219 1954 285 1986 sibi
302 1954 481 1996 displicere
498 1965 569 1986 non
587 1957 715 1995 potest.
757 1953 833 1984 Hoc
851 1952 981 1984 scilicet
999 1951 1106 1983 habet
1123 1950 1277 1983 edictum
1295 1950 1460 1988 Caesaris,
1478 1953 1520 1981 vt
1536 1949 1667 1981 furiosa
1683 1949 1821 1991 linguae

220 1998 417 2039 petulantia
432 1999 469 2029 in
485 2007 728 2039 quemcunque
741 1996 847 2028 vellet
858 1995 1140 2028 debaccharetur.
1183 1994 1237 2027 Sic
1250 1994 1399 2026 sustinet
1411 1994 1592 2035 negocium
1606 1992 1820 2025 orthodoxae

219 2041 301 2073 fidei
318 2042 373 2073 vir
390 2041 527 2083 sapiens
546 2044 583 2073 et
601 2041 725 2082 grauis.
768 2040 850 2072 Non
868 2042 922 2071 cst
939 2039 1005 2070 iste
1024 2038 1116 2070 zelus
1136 2038 1212 2076 Dei,
1231 2037 1365 2069 laedere
1383 2037 1555 2075 innoxios,
1575 2036 1635 2068 sed
1653 2036 1750 2068 furor
1767 2041 1821 2068 est

219 2084 359 2116 diaboli.
404 2084 513 2117 Semel
535 2083 754 2116 collaudatus
773 2087 828 2115 est
846 2082 1010 2115 Iudaicus
1030 2082 1122 2114 zelus
1143 2081 1300 2119 Phinees,
1321 2080 1382 2113 sed
1399 2081 1452 2112 ita
1471 2084 1513 2112 vt
1531 2079 1730 2122 exemplum
1750 2090 1820 2112 non

219 2130 376 2160 transeat
398 2127 444 2159 ad
463 2127 686 2160 Christianos.
731 2127 779 2158 Et
798 2130 918 2158 tamen
936 2126 993 2158 ille
1012 2125 1130 2167 palam
1148 2126 1275 2167 impios
1295 2124 1432 2157 occidit.
1474 2124 1542 2156 Isti
1559 2123 1727 2166 quicquid
1747 2123 1822 2156 odit

219 2171 460 2203 Lutheranum
475 2174 529 2203 est
544 2174 581 2202 et
596 2170 820 2202 haereticum.
861 2169 927 2208 Sic,
945 2170 1079 2211 opinor,
1095 2172 1199 2201 tenue
1215 2168 1376 2206 zuthum,
1392 2168 1561 2209 vapidum
1577 2168 1699 2199 vinum
1715 2171 1752 2199 et
1766 2168 1820 2199 ius

218 2214 408 2256 insipidum
423 2215 483 2246 isti
499 2214 739 2246 Lutheranum
755 2213 940 2245 vocabitur
953 2225 962 2251 ;
991 2216 1028 2244 et
1042 2212 1161 2254 lingua
1178 2212 1462 2253 Graeca—quam
1478 2211 1578 2243 vniee
1595 2211 1683 2249 odit,
1699 2211 1821 2252 opinor

218 2258 263 2290 ob
291 2258 331 2290 id
360 2257 456 2300 quod
481 2258 570 2289 hanc
595 2257 755 2299 Apostoli
780 2260 882 2288 tanto
907 2256 1036 2288 honore
1061 2256 1199 2297 dignati
1222 2256 1294 2287 sint
1319 2259 1360 2287 vt
1383 2265 1455 2287 non
1480 2254 1548 2286 alia
1576 2255 1820 2296 scripserint——

219 2301 420 2334 Lutherana
440 2301 646 2339 vocabitur;
681 2301 946 2342 poetica-nam
967 2303 1003 2331 et
1023 2299 1112 2331 hanc
1135 2299 1222 2337 odit,
1242 2299 1352 2340 magis
1372 2308 1494 2330 amans
1514 2298 1819 2339 potaticam—erit

218 2345 414 2377 Lutherica.
457 2345 594 2377 Clamat
606 2355 667 2386 per
678 2354 740 2376 nos
757 2344 866 2375 minui
882 2353 982 2375 suam
1001 2343 1240 2379 autoritatem,
1257 2352 1360 2383 seque
1384 2342 1469 2373 meis
1492 2342 1630 2383 scriptis
1646 2341 1818 2372 ludicrum

220 2389 306 2428 fieri,
319 2389 392 2420 imo
402 2389 476 2430 ipse
489 2399 561 2420 sese
574 2389 739 2429 propinat
751 2388 864 2419 doctis
875 2390 912 2419 et
926 2386 1079 2418 cordatis
1095 2386 1256 2418 omnibus
1272 2385 1512 2422 deridendum,
1527 2395 1590 2416 nec
1607 2384 1716 2416 vllum
1733 2384 1817 2416 facit

219 2432 333 2464 finem.
380 2432 455 2473 Ego
476 2431 687 2463 calumniam
709 2441 731 2463 a
752 2441 808 2463 me
830 2430 974 2472 depello.
1022 2430 1123 2468 Quod
1144 2430 1173 2461 si
1195 2429 1291 2461 docti
1311 2428 1462 2470 bonique
1485 2427 1574 2460 male
1596 2428 1754 2460 sentiunt
1775 2428 1818 2460 de

218 2486 259 2507 eo
277 2476 337 2518 qui
354 2475 553 2507 immerenti
570 2475 781 2507 calumniam
798 2474 965 2512 intendit,
982 2474 1053 2505 vtri
1070 2483 1134 2514 par
1151 2477 1205 2504 est
1221 2474 1408 2514 imputare,
1426 2473 1499 2504 iure
1519 2471 1705 2513 depellenti
1723 2472 1817 2513 quod

217 2529 401 2560 agnoscere
422 2529 494 2551 non
516 2519 634 2556 debet,
655 2529 700 2550 an
722 2529 784 2560 per
803 2518 967 2550 iniuriam
988 2517 1215 2548 intendenti?
1262 2516 1297 2548 Si
1319 2516 1396 2557 quis
1419 2515 1595 2547 affirmans
1618 2515 1722 2546 asinis
1744 2525 1817 2547 esse

218 2563 291 2595 alas
318 2563 356 2594 in
386 2562 579 2594 Brabantia
607 2562 788 2600 rideretur,
816 2571 932 2593 nonne
960 2561 1033 2602 ipse
1062 2571 1098 2592 se
1127 2560 1236 2592 faciat
1263 2559 1478 2591 ridiculum?
1534 2558 1671 2591 Clamat
1701 2562 1816 2590 totum

218 2605 410 2638 Lutherum
424 2616 496 2638 esse
509 2607 546 2638 in
557 2605 654 2638 libris
668 2606 763 2642 meis,
779 2606 896 2637 omnia
908 2605 1062 2646 vndique
1076 2608 1207 2635 scatere
1221 2603 1401 2635 haereticis
1414 2601 1596 2634 erroribus.
1633 2602 1816 2634 Caeterum

218 2649 278 2681 vbi
294 2650 352 2691 qui
372 2659 449 2681 mea
465 2649 598 2691 legunt,
612 2649 699 2681 nihil
716 2648 785 2681 tale
802 2648 991 2690 reperiunt,
1006 2648 1114 2679 etiam
1130 2648 1159 2679 si
1176 2646 1379 2678 dialecticen
1395 2646 1565 2684 nesciant,
1580 2649 1700 2677 tamen
1717 2645 1817 2677 facile

217 2692 384 2734 colligunt
403 2693 499 2734 quod
518 2693 751 2734 consequitur.
796 2692 915 2724 Habet
934 2692 1163 2723 autoritatem
1183 2701 1204 2722 a
1224 2690 1376 2722 Caesare.
1421 2689 1511 2721 Rem
1530 2690 1637 2731 igitur
1655 2692 1754 2730 gerat
1773 2699 1815 2721 ex

215 2736 334 2768 animo
351 2736 517 2775 Caesaris,
535 2737 595 2778 qui
612 2739 777 2768 nocentes
794 2735 910 2768 sanari
928 2734 1065 2766 mauult
1082 2744 1189 2776 quam
1207 2733 1334 2775 puniri,
1352 2736 1444 2765 certe
1460 2733 1620 2765 innoxios
1637 2732 1728 2764 laedi
1745 2743 1816 2764 non

218 2778 305 2811 vult.
346 2778 567 2811 Concredidit
583 2780 647 2811 hoc
666 2779 818 2811 muneris
833 2780 954 2820 ignoto
969 2791 976 2810 :
1008 2778 1068 2810 vbi
1086 2778 1238 2809 rescierit
1254 2777 1366 2819 qualis
1383 2777 1430 2808 sit
1446 2776 1564 2814 homo,
1581 2776 1727 2808 dubium
1744 2786 1814 2807 non

216 2825 270 2853 est
291 2822 376 2863 quin
398 2823 493 2863 quod
515 2823 662 2855 credidit
683 2824 729 2855 sit
750 2823 967 2864 repetiturus.
1017 2821 1089 2853 Nec
1112 2821 1266 2854 Caesaris
1288 2820 1462 2852 mitissimi
1483 2830 1545 2851 nec
1567 2819 1741 2860 pontificis
1762 2819 1814 2850 in-

215 2865 390 2906 tegerrimi
411 2875 507 2897 mens
528 2870 594 2905 est,
614 2870 655 2898 vt
675 2867 736 2908 qui
756 2867 826 2898 suis
847 2866 972 2907 vigiliis
992 2868 1028 2896 et
1049 2875 1170 2897 ornare
1191 2863 1336 2896 student
1355 2867 1392 2895 et
1410 2864 1530 2895 iuuare
1551 2861 1812 2903 rempublicam,

215 2907 390 2940 dedantur
407 2908 494 2940 odiis
510 2909 647 2948 talium,
662 2910 771 2941 etiam
787 2910 816 2941 si
832 2909 918 2951 quid
934 2908 1079 2940 humani
1094 2908 1212 2950 lapsus
1228 2910 1341 2939 esset:
1372 2909 1513 2938 tantum
1529 2905 1630 2937 abest
1646 2910 1687 2937 vt
1704 2905 1813 2937 bonos

217 2955 254 2984 et
267 2951 420 2992 integros
437 2951 547 2983 velint
563 2952 705 2984 alienari
720 2956 757 2984 et
771 2953 809 2985 in
825 2953 999 2984 diuersam
1015 2955 1153 2993 partem
1168 2950 1337 2992 protrudi.

260 2993 356 3026 Haec
373 2994 482 3035 magis
497 2994 543 3026 ad
558 3005 621 3027 vos
636 2996 813 3036 pertinent
827 3006 935 3037 quam
951 2995 997 3027 ad
1012 3005 1077 3026 me.
1116 2994 1209 3027 Nam
1225 2993 1327 3025 huius
1342 3002 1454 3024 mores
1470 2991 1620 3023 multum
1636 2991 1813 3025 dedecon's

221 3037 407 3070 conciliant
426 3037 536 3069 ord'mi
558 3043 685 3077 vestro,
712 3039 795 3070 dum
822 3039 945 3080 vulgus
971 3049 1013 3070 ex
1039 3039 1103 3070 hoc
1131 3048 1199 3069 vno
1224 3047 1286 3069 vos
1313 3047 1429 3068 omnes
1455 3037 1639 3067 aestimat:
1679 3037 1805 3069 iniuria
