2012 3370
134 159 254 208 1460]
684 157 756 198 TO
785 158 904 196 THE
934 157 1174 196 READER
1650 157 1726 192 485

186 267 344 314 Habes,
375 267 519 312 lector,
548 267 592 305 in
625 266 704 305 hoc
733 265 948 305 volumine
977 267 1181 318 quicquid
1210 266 1386 305 diuersis
1414 265 1516 305 locis
1545 279 1593 304 ac
1622 270 1727 305 tem·

131 321 305 372 poribus
338 321 393 360 ab
426 321 518 360 aliis
549 320 690 359 fuerat
728 320 954 367 additu1n3
1001 334 1054 359 ne
1092 321 1157 360 his
1196 320 1369 372 quidem
1406 320 1727 372 praetermissis,
1751 332 1786 363 15

131 388 240 427 quae
260 377 399 415 nescio
419 376 513 427 quis
531 375 681 420 ociose,
702 378 752 413 vt
771 374 969 421 diximus,
991 375 1216 413 adiecerat.
1265 374 1333 412 Ad
1352 387 1564 413 summam
1583 377 1727 413 autem

131 430 246 480 prius
266 429 504 469 aeditorum
530 429 706 468 accessit
731 429 878 479 ingens
904 428 1210 467 vocabulorum
1235 441 1449 474 numerus,
1478 442 1530 467 ex
1557 429 1730 480 optimis

130 483 352 523 autoribus
377 483 555 523 selectus
580 495 654 534 per
680 482 885 521 Iacobum
911 482 1155 522 Ceratinum
1176 495 1184 528 ;
1227 483 1313 533 qui,
1341 482 1456 533 quod
1482 486 1548 521 est
1571 483 1730 521 rarissi-

132 550 262 584 mum,
309 542 505 577 exactam
550 537 771 587 Vtriusque
816 536 1063 575 literaturae
1108 537 1306 587 peritiam
1353 549 1449 575 00111
1494 536 1730 575 incredibili

131 592 340 631 modestia
381 591 610 643 copulauit.
681 590 820 629 Huius
861 592 1143 629 accessionem
1184 603 1317 641 quum
1360 590 1592 629 conferrem
1634 603 1729 629 eum
1748 604 1791 626 20

131 645 309 684 aliorum
339 646 551 692 auctariis,
583 657 692 696 quae
725 645 769 683 in
801 645 997 695 proxima
1031 643 1277 683 Gurmuntii
1310 644 1523 683 aeditione
1560 644 1731 683 fuerant

130 699 280 738 addita
311 701 426 749 (nam
455 700 565 739 110110
594 699 815 738 0010111103
845 702 989 737 noster
1017 711 1104 737 non
1134 698 1332 746 viderat),
1365 699 1470 737 miro
1501 698 1628 737 modo
1658 699 1731 737 vix

130 753 260 792 vllam
283 767 430 793 vocem
453 753 508 792 ab
530 754 609 792 hoc
632 757 886 792 annotatam
909 754 1094 804 comperi
1117 765 1246 803 quam
1268 752 1328 791 illi
1351 753 1509 803 priores
1532 765 1730 803 occupas-

129 812 237 846 sent.
297 807 500 859 Pauperis
530 812 595 846 est
625 819 846 846 numerare
877 819 1018 858 pecus,
1052 806 1125 845 sed
1156 807 1384 858 pauperius
1415 810 1479 845 est
1509 819 1731 845 numerare

129 861 348 901 dictiones.
402 862 514 902 Satis
539 861 696 900 multas
721 861 877 900 adiecit
901 861 1122 900 Ceratinus
1143 874 1151 907 3
1193 861 1267 899 sed
1290 861 1506 911 ingentem
1531 860 1732 899 fateberis
1749 876 1767 897 2
1775 875 1789 907 5

129 916 389 962 thesaurum,
413 917 446 955 si
469 916 683 967 expendas
705 915 821 966 quod
842 915 1018 954 accessit
1039 916 1183 966 potius
1204 927 1334 965 quam
1356 927 1563 953 numeres.

184 969 265 1009 Hic
289 970 393 1009 mihi
416 970 635 1021 obstrepet
658 969 822 1021 aliquiS,
849 970 1011 1020 opinor,
1039 970 1047 984 ‘
1069 969 1125 1009 Os
1148 969 1386 1020 impudens,
1412 968 1517 1020 quid
1540 972 1589 1007 tu
1612 981 1730 1019 prae-

128 1022 229 1063 faris
251 1025 295 1063 in
317 1024 460 1063 labore
483 1024 620 1063 alieno
641 1027 656 1063 ⁶?
679 1024 688 1039 '
739 1024 903 1063 Dicam.
956 1023 1177 1063 Ceratinus
1198 1023 1384 1074 impulsu
1407 1027 1554 1062 nostro
1577 1022 1733 1062 laboris

128 1078 207 1116 hoc
238 1083 493 1130 susceperat,
527 1078 715 1129 alioquin
746 1091 771 1116 a
800 1077 917 1117 nullo
948 1079 1081 1130 magis
1113 1077 1356 1116 abhorrens.
1418 1077 1499 1125 Qui
1529 1077 1611 1116 nisi
1640 1080 1732 1116 tam

128 1132 275 1182 procul
312 1132 492 1179 abesset,
532 1132 708 1171 haberes
746 1132 1054 1184 praefationem
1093 1132 1315 1183 aliquanto
1353 1132 1493 1170 11111103
1530 1132 1730 1170 ieiunam.
1750 1146 1792 1178 30

129 1186 385 1238 Quanquam
416 1191 461 1226 et
489 1188 571 1238 ipsi
601 1187 808 1226 dictiones
839 1187 1069 1225 adiecimus
1100 1185 1354 1232 nonnullas;
1402 1186 1609 1225 adiecturi
1639 1198 1730 1237 per-

128 1240 298 1288 multas,
334 1242 368 1281 si
401 1242 469 1280 vel
500 1254 734 1293 paucorum
767 1241 931 1280 dierum
965 1242 1100 1280 otium
1134 1241 1392 1292 contigisset.
1455 1240 1619 1280 Scimus
1652 1240 1732 1279 hoo

128 1295 284 1335 laboris
327 1309 458 1348 genus
501 1308 590 1335 esse
633 1296 806 1335 minime
849 1295 1090 1347 gloriosum,
1136 1296 1385 1347 praesertim
1429 1308 1563 1346 quum
1605 1295 1732 1347 pauci

127 1353 328 1401 reputent
361 1354 468 1402 quot
500 1354 670 1389 autores
703 1351 790 1389 sint
822 1350 1078 1396 excutiendi,
1114 1354 1163 1388 vt
1196 1362 1321 1389 voces
1353 1349 1518 1400 aliquot
1552 1348 1606 1387 ab
1639 1348 1733 1388 aliis

127 1404 379 1454 praeteritas
418 1403 582 1455 seligas.
652 1404 808 1443 Verum
848 1403 927 1443 hoo
967 1403 1062 1455 plus
1101 1403 1282 1442 debetur
1320 1402 1402 1442 illis
1441 1404 1616 1454 gratiae,
1658 1403 1732 1453 qui
1750 1418 1789 1451 35

126 1457 321 1508 publicae
357 1458 559 1497 vtilitatis
594 1459 732 1510 gratia
767 1471 854 1497 non
889 1458 1134 1498 detrectant
1168 1458 1391 1510 ingloriam
1428 1470 1476 1496 ac
1513 1457 1733 1496 molestiae

126 1512 296 1563 plenam
319 1512 587 1552 industriam.

180 1567 377 1606 Veterem
394 1567 589 1613 indicem,
610 1568 684 1618 qui
702 1580 823 1606 verso
842 1567 1077 1606 dictionum
1097 1567 1242 1605 ordine
1261 1580 1313 1605 ex
1332 1566 1496 1605 Latinis
1513 1565 1733 1605 indicabat

127 1620 321 1668 Graecas,
348 1622 566 1660 omisimus
595 1621 714 1660 velut
742 1621 937 1660 inutilem
967 1634 1015 1660 ac
1044 1621 1150 1660 nihil
1178 1621 1294 1660 aliud
1323 1633 1453 1672 quam
1483 1624 1731 1659 onera-ntem

126 1675 339 1714 volumen.
400 1675 590 1714 Primum
617 1674 700 1721 ille,
727 1674 865 1726 qualis
894 1674 1031 1726 qualis
1060 1679 1165 1721 erat,
1192 1674 1368 1713 mutilus
1397 1678 1502 1721 erat,
1528 1674 1729 1713 nimirum
1747 1681 1791 1713 40

128 1732 300 1767 tantum
313 1741 383 1768 eas
403 1729 610 1768 dictiones
630 1728 928 1779 complectens,
946 1741 1052 1780 quas
1066 1729 1199 1767 Aldus
1214 1729 1351 1779 prima
1367 1727 1486 1766 dedit
1502 1728 1728 1767 aeditione.

129 1782 209 1829 Qui
222 1784 257 1821 si
271 1782 528 1834 perficiatur,
543 1782 749 1834 duplicari
762 1783 990 1822 voluminis
1003 1783 1342 1833 magnitudinem
1354 1795 1521 1821 necesse
1534 1786 1613 1821 est.
1643 1781 1732 1821 Nec

127 1841 273 1876 tamen
286 1837 411 1876 huius
426 1837 560 1876 vllum
574 1849 699 1876 vsum
713 1837 851 1884 video,
867 1837 948 1876 nisi
962 1838 997 1875 si
1011 1837 1105 1888 quis
1120 1836 1351 1876 meditetur
1365 1835 1523 1876 Graece
1537 1835 1730 1875 seribere.

127 1890 261 1942 Atqui
289 1904 339 1930 ea
367 1891 550 1930 facultas
580 1904 632 1930 ex
662 1891 883 1930 autoribus
912 1891 1099 1943 petenda
1127 1895 1205 1937 est,
1237 1903 1346 1943 quae
1375 1904 1428 1930 ex
1458 1890 1731 1929 Dictionariis

125 1944 349 1985 infeliciter
365 1949 594 1997 peteretur.
640 1945 774 1984 Aldus
790 1946 893 1997 ipse,
913 1945 1131 1997 quondam
1149 1958 1174 1984 a
1191 1958 1259 1984 me
1274 1949 1450 1996 rogatus
1467 1957 1577 1996 quur
1592 1944 1731 1984 indice
1748 1954 1788 1986 45

126 2004 218 2038 10111
248 2012 424 2051 operoso
454 2000 614 2051 pariter
644 2003 688 2038 et
719 2000 858 2039 ocioso
889 2000 1082 2039 duxisset
1111 1999 1376 2039 onerandum
1406 2012 1496 2038 esse
1526 1998 1727 2044 codicem,

126 2053 229 2092 nihil
260 2053 376 2093 aliud
404 2054 624 2106 respondit
653 2067 783 2105 quam
814 2054 892 2093 hac
923 2053 1175 2093 difficultate
1205 2053 1430 2093 deterritos
1459 2052 1588 2092 fuisse
1619 2053 1732 2092 aedi·

126 2108 254 2146 tionis
294 2107 494 2147 aemulos.
563 2107 744 2147 Proinde
783 2121 908 2147 nemo
947 2109 1121 2147 minoris
1160 2109 1358 2147 aestimet
1395 2107 1476 2147 hoc
1514 2107 1727 2155 volumen,

127 2163 245 2201 cuius
279 2163 467 2201 sarcinae
502 2162 694 2201 nonnihil
728 2162 970 2202 detractum
1004 2167 1082 2210 est,
1112 2162 1293 2202 vtilitati
1323 2161 1508 2201 multum
1538 2162 1727 2201 accessit.

127 2216 241 2256 Bene
262 2215 369 2255 vale.
421 2215 622 2256 Basileae.
646 2216 817 2256 Calend.
841 2216 952 2258 Iulii.
995 2218 1129 2257 ANNO
1149 2228 1197 2256 M.
1217 2227 1260 2255 D.
1280 2227 1431 2255 xxnn.
1750 2225 1792 2258 50

496 2360 617 2399 1461.
680 2358 821 2400 FROM
852 2358 1027 2400 GmLEs
1060 2358 1358 2399 BUSLEIDEN.

174 2425 322 2470 Leipzig
338 2425 413 2461 MS.
1472 2422 1648 2458 BrusseIS.

174 2484 250 2519 ΕΕ.
270 2486 327 2520 28.
1430 2493 1441 2516 1
1466 2482 1556 2526 July
1578 2489 1677 2525 1524.

130 2563 240 2638 E[An
276 2564 421 2647 ori]ginal
455 2564 568 2602 letter,
604 2565 802 2607 autograph
837 2564 1076 2606 throughout:
1125 2561 1305 2603 evidently
1340 2564 1608 2602 contemporary
1643 2560 1728 2592 with

161 2617 193 2648 1³-
222 2615 313 2648 1457-

183 2682 391 2722 SALVTEM
408 2682 646 2733 plurimam.
693 2682 945 2721 Gratissima
961 2682 1062 2719 mihi
1079 2681 1161 2719 fuit
1178 2679 1358 2731 epistola
1373 2683 1463 2725 100,
1482 2678 1534 2717 D.
1554 2678 1728 2716 Erasme

724 2760 818 2792 1460.
849 2768 899 2799 50.
926 2759 1040 2791 valeto
1056 2758 1124 2790 LB.

129 2846 222 2875 tents
245 2852 290 2874 on
312 2842 371 2874 tit.
394 2844 433 2872 v0
456 2841 492 2873 of
515 2840 740 2873 Gourmont’s
761 2841 894 2873 edition
1010 2841 1103 2873 1⁴60.
1130 2849 1181 2879 24.
1209 2839 1390 2881 Pauperis]
1404 2839 1466 2872 Ov.
1484 2839 1534 2871 M.
1555 2849 1601 2880 13.
1616 2840 1692 2880 824.

129 2886 302 2918 mentions
322 2885 330 2898 ⁴
344 2885 451 2917 Maini
468 2884 666 2916 additiones
684 2884 776 2916 mille
794 2885 892 2926 quin·
1004 2892 1057 2923 45.
1084 2882 1278 2924 quondam]
1307 2884 1440 2925 During
1468 2882 1644 2915 Erasmus'
1673 2893 1725 2915 so-

126 2934 252 2972 gentae
279 2933 317 2961 et
343 2928 504 2970 amplius,
530 2938 591 2970 per
613 2928 797 2960 aduersam
820 2929 894 2960 eius
961 2928 1063 2969 journ
1078 2931 1117 2959 at
1132 2927 1257 2959 Venice
1271 2928 1307 2958 in
1326 2928 1419 2967 1508.

128 2973 367 3006 valetudinem
410 2976 614 3014 pestemque
658 2975 794 3005 aestate
837 2982 892 3004 su-
1002 2974 1056 3012 48.
1083 2971 1254 3012 aemulos]
1270 2971 1320 3004 Cf.
1339 2971 1404 3012 Ep.
1424 2971 1489 3003 602
1507 2971 1637 3004 introd.

129 3018 261 3059 periore
307 3020 525 3059 grassantem
573 3016 644 3048 suis
692 3015 775 3048 loeis
824 3025 892 3047 non
1008 3015 1100 3047 1461.
1131 3023 1157 3046 1.
1184 3014 1442 3056 0111310101010.
1460 3024 1495 3054 31
1516 3014 1656 3051 Maroh;
1683 3015 1724 3046 cf.

129 3060 311 3101 appositae
326 3059 333 3072 ⁷
960 3060 1024 3100 Ep.
1048 3067 1139 3099 1437.
1166 3062 1262 3091 15811.
1284 3057 1343 3101 {It
1361 3058 1468 3101 is-‘not
1489 3062 1625 3091 extant.
