2033 3395
345 191 396 228 34
817 188 1071 228 LETTERS
1103 188 1174 228 OF
1204 186 1468 227 ERASMUS
1818 186 1941 235 [1522

280 312 327 344 40
344 297 500 348 partim
530 310 579 336 eo
608 297 856 336 insolentiae
886 297 1092 347 progressi
1121 301 1234 344 sunt,
1266 301 1316 336 vt
1345 297 1542 337 omnibus
1570 296 1730 336 fuerint
1758 296 1943 336 intoller-

343 351 486 391 abiles.
546 351 635 399 Que
655 351 862 402 paulatim
883 351 1083 402 collegere
1101 351 1243 398 robur,
1263 364 1350 390 non
1378 355 1557 403 possunt
1577 351 1718 390 subito
1739 351 1916 390 conuelli
1934 365 1942 397 ;

342 410 386 445 et
418 410 667 457 magnatum
700 406 977 444 autoritatem
1011 405 1152 456 palam
1185 410 1452 446 contemnere
1484 420 1560 445 nec
1592 408 1737 444 tutum
1770 409 1836 445 est
1866 419 1942 444 nec

342 460 458 506 vtile,
482 473 575 499 mea
595 460 819 499 sententia.
878 459 1002 498 Nunc
1023 473 1075 499 ex
1095 473 1181 498 vna
1201 464 1322 510 parte
1341 474 1406 499 res
1427 461 1566 511 agitur
1586 460 1711 499 bullis
1731 463 1775 499 et
1794 459 1943 499 edictis

342 515 573 565 minisque:
601 527 653 553 ex
680 514 813 552 altera
837 513 1078 560 licentiosis,
1105 527 1157 553 ne
1183 514 1321 553 dicam
1347 515 1570 561 sediciosis,
1597 514 1759 553 libellis.
1820 513 1943 561 Quod

278 584 320 617 45
342 569 375 607 si
398 569 605 619 principes
627 568 718 606 aliis
739 568 864 607 rebus
886 569 1082 619 occupati
1103 582 1188 607 non
1209 573 1389 619 possunt
1409 570 1473 608 his
1495 570 1684 608 animum
1707 568 1941 615 aduertere,

342 623 523 662 demiror
546 635 631 661 non
655 623 833 661 existere
857 622 990 661 bonos
1014 623 1126 661 viros
1149 624 1223 674 qui
1246 623 1446 674 prudenti
1469 623 1640 662 consilio
1664 623 1798 662 tantis
1821 622 1943 661 malis

340 680 577 716 occurrant.

394 730 490 770 Mea
510 744 574 770 res
596 744 682 769 non
703 730 935 769 admodum
959 731 1111 781 agitur.

340 786 558 824 morientis
574 785 703 824 etiam
719 790 784 824 est
799 785 905 824 bene
921 785 1027 825 velle
1048 787 1107 825 rei
1129 785 1365 826 Christiane
1385 800 1393 833 ;
1433 787 1466 824 si
1489 786 1616 824 modo
1637 790 1750 825 recte
1772 798 1940 836 persua-

281 854 323 888 50
340 852 434 878 sum
471 844 536 879 est
570 839 693 878 nobis
729 839 943 879 Christum
979 853 1068 879 esse
1104 845 1235 891 caput
1270 841 1509 879 immortale
1545 840 1679 879 totius
1715 840 1940 879 Ecclesiae.

339 894 458 933 Alius
483 894 665 933 consulit
690 895 775 932 suis
799 895 978 945 priuatis
1003 895 1191 934 comodis
1211 909 1219 941 ;
1261 895 1367 934 alius
1393 895 1548 934 metuit
1572 908 1624 933 ne
1649 894 1802 945 perdat
1825 894 1941 945 quod

339 948 498 994 habet;
543 948 648 987 alius
676 948 877 988 abhorret
903 962 928 988 a
954 949 1158 995 tumultu,
1187 953 1231 988 et
1257 950 1464 1001 quiescit;
1508 949 1582 988 sed
1607 949 1777 988 interim
1804 948 1942 1000 gliscit

339 1003 620 1053 periculosum
652 1003 906 1042 incendium.
965 1003 1033 1043 Me
1064 1003 1332 1055 quorundam
1365 1004 1664 1043 maleuolentia
1694 1007 1820 1042 tanta
1850 1016 1940 1053 gra-

339 1058 462 1096 uauit
485 1057 660 1103 inuidia,
685 1061 736 1096 vt
759 1057 919 1096 frustra
942 1058 1021 1096 sim
1046 1062 1289 1105 conaturus,
1315 1059 1350 1097 si
1373 1058 1477 1109 quid
1506 1062 1682 1097 tentem.
1740 1057 1940 1108 Theologi

280 1127 294 1159 5
302 1127 317 1159 5
340 1111 515 1162 quidam
557 1112 786 1150 sentientes
827 1112 1145 1151 renascentibus
1186 1126 1260 1163 per
1301 1126 1377 1151 nos
1419 1113 1606 1163 antiquis
1648 1111 1799 1150 studiis
1840 1124 1941 1150 suae

339 1166 563 1204 autoritati
602 1166 811 1216 paulatim
852 1166 1013 1216 aliquid
1052 1166 1266 1213 decedere,
1307 1167 1437 1205 etiam
1477 1167 1725 1218 priusquam
1765 1165 1942 1205 Lutheri

338 1233 493 1258 nomen
517 1219 705 1258 audisset
728 1220 853 1267 orbis,
878 1220 983 1259 nihil
1005 1234 1091 1259 non
1115 1221 1400 1260 moliebantur
1422 1222 1466 1259 in
1490 1234 1569 1260 me.
1628 1220 1708 1259 His
1730 1220 1942 1259 Lutherus

338 1274 472 1313 telum
513 1275 702 1324 porrexit
743 1287 828 1325 quo
869 1288 946 1313 nos
988 1275 1242 1314 conficerent
1262 1289 1270 1314 :
1328 1276 1501 1315 tametsi
1548 1288 1712 1326 semper
1753 1275 1940 1314 abstinui

339 1341 364 1367 a
388 1328 632 1368 Lutherano
656 1329 842 1380 negocio,
867 1329 948 1368 nisi
971 1329 1087 1380 quod
1110 1330 1315 1369 hortabar
1338 1329 1483 1369 sedulo
1506 1334 1557 1369 vt
1580 1329 1702 1369 aliter
1725 1329 1938 1377 scriberet,

277 1391 323 1422 60
337 1383 372 1421 si
397 1382 525 1422 vellet
549 1382 762 1433 proficere.

393 1436 602 1476 Successit
629 1437 851 1484 Aleander,
881 1441 926 1476 et
953 1442 1053 1477 ante
1081 1437 1257 1477 Lutheri
1285 1451 1440 1478 nomen
1467 1438 1547 1478 hoc
1574 1438 1732 1478 faciens
1761 1438 1940 1477 Erasmo

338 1491 454 1542 quod
474 1490 626 1542 figulus
646 1490 787 1543 figulo,
809 1495 965 1530 natura
985 1492 1185 1539 excelsus,
1207 1492 1339 1539 ferox,
1361 1493 1569 1539 iritabilis,
1592 1493 1659 1532 cui
1678 1492 1783 1531 nihil
1803 1505 1940 1543 neque

338 1544 443 1584 lueri
471 1558 608 1596 neque
636 1545 792 1596 gloriae
821 1546 924 1585 satis
950 1550 1027 1586 est.
1086 1546 1212 1586 Hunc
1242 1547 1417 1598 quidam
1446 1547 1678 1598 implerunt
1704 1546 1939 1586 falsissimis

339 1599 581 1646 mendaciis,
608 1603 652 1638 et
671 1600 729 1639 sic
753 1601 1012 1651 instigarunt
1035 1601 1263 1648 hominem,
1289 1606 1340 1640 vt
1363 1601 1468 1640 nihil
1491 1601 1668 1641 haberet
1691 1601 1811 1652 pensi
1835 1601 1939 1652 quid

277 1663 316 1703 65
338 1653 391 1693 de
415 1666 482 1694 me
505 1653 755 1705 predicaret,
781 1654 911 1694 etiam
941 1655 1056 1706 apud
1085 1669 1273 1694 summos
1302 1656 1428 1702 viros,
1459 1655 1586 1695 modo
1614 1655 1822 1706 perderet.
1880 1655 1940 1695 Et

337 1712 484 1747 tamen
504 1708 619 1759 apud
640 1721 707 1748 me
727 1708 945 1748 deierabat
964 1722 1051 1748 non
1070 1710 1213 1749 viuere
1233 1723 1477 1762 quenquam
1498 1711 1739 1749 amiciorem
1760 1710 1938 1749 Erasmo

338 1775 468 1813 quam
497 1766 608 1801 esset
635 1763 737 1814 ipse.
795 1763 1026 1803 Discedens
1054 1764 1226 1815 reliquit
1253 1778 1413 1817 organa
1441 1778 1518 1804 sua
1549 1765 1680 1816 probe
1712 1765 1935 1811 instructa,

338 1816 445 1855 duos
482 1817 700 1868 theologos
739 1817 1036 1865 Louanienses,
1077 1818 1297 1858 dominum
1335 1818 1632 1866 Caracciolam,
1677 1818 1937 1870 Episcopum

338 1870 627 1918 Leoffiensem,
648 1871 863 1911 hominem
882 1872 1050 1924 linguae
1069 1874 1248 1912 nimium
1276 1873 1423 1921 facilis,
1454 1877 1498 1913 et
1527 1873 1768 1925 Hispanum
1797 1874 1937 1913 nescio

275 1941 321 1975 70
338 1938 465 1976 quem
487 1926 532 1964 in
556 1925 653 1965 aula
672 1925 845 1973 Cesaris,
866 1928 1055 1978 suspicor
1079 1940 1168 1967 esse
1191 1927 1450 1979 Episcopum
1472 1927 1744 1967 Mottensem.
1792 1927 1938 1967 Habet

338 1980 502 2019 Romae
522 1979 756 2027 Stunicam,
786 1981 1002 2021 hominem
1030 1982 1220 2021 omnium
1248 1982 1401 2021 iuditio
1428 1983 1626 2021 insanum
1655 1986 1699 2021 et
1727 1981 1782 2020 ad
1810 1982 1936 2021 male-

337 2034 567 2073 dicentiam
588 2038 752 2074 natum.
811 2035 855 2074 Is
875 2036 1126 2076 exhibuerat
1145 2036 1277 2076 Leoni
1294 2036 1483 2076 libellum
1503 2037 1578 2088 qui
1597 2036 1846 2076 continebat
1865 2049 1939 2075 sex

1860 731 1941 771 Sed

1169 731 1312 771 Instat
1334 732 1449 771 vitae
1470 745 1561 771 mee
1582 731 1801 771 terminus

382 2114 438 2144 40.
465 2106 668 2139 insolentiae
683 2108 706 2140 β
721 2119 729 2139 2
759 2108 794 2139 in
809 2107 957 2139 solentia
973 2121 1004 2138 a.

337 2157 394 2190 47.
420 2161 465 2189 γε
492 2152 678 2182 occurrunt
691 2162 722 2183 a.
802 2159 858 2189 49.
883 2152 990 2185 reis:
1016 2152 1101 2192 reip,
1116 2165 1145 2184 α,
1720 2158 1771 2191 54.
1798 2151 1862 2183 sim
1880 2153 1936 2184 a²:

338 2193 410 2224 sint
425 2195 467 2225 αἱ.
529 2194 551 2227 β
567 2205 575 2225 :
600 2195 734 2225 temten
751 2205 780 2226 a.
833 2202 884 2234 55.
911 2204 993 2226 suae
1009 2196 1031 2228 B
1047 2205 1055 2226 ε
1080 2204 1143 2226 sua
1160 2206 1190 2227 0.
1658 2195 1698 2235 58
1736 2195 1879 2226 tametsi
1895 2205 1934 2225 a:

338 2239 459 2268 tamen
477 2247 510 2275 γ.
673 2236 726 2268 61.
756 2249 799 2276 αγ
815 2249 822 2269 :
856 2238 1053 2270 Alexander
1073 2239 1105 2271 Β.
1174 2241 1210 2269 et
1231 2240 1263 2268 α2
1275 2238 1334 2269 LB
1349 2250 1357 2270 ε
1378 2241 1419 2270 vt
1431 2241 1497 2278 (1¹7.
1550 2239 1680 2270 faciens
1692 2238 1840 2270 Erasmo
1852 2238 1911 2269 LB
1926 2250 1933 2270 ε

338 2280 469 2311 faciens
483 2291 526 2311 a:
550 2279 698 2311 Erasmo
721 2293 754 2320 γ.
902 2281 957 2319 64.
984 2282 1082 2322 pensi
1106 2293 1125 2310 a
1142 2281 1222 2313 LB:
1265 2291 1326 2314 om.
1340 2294 1372 2321 γ.
1534 2281 1590 2314 66.
1616 2283 1661 2315 6:
1691 2282 1886 2314 amitiorem
1903 2293 1933 2314 α.

338 2323 394 2363 67.
420 2324 466 2356 B:
490 2322 705 2355 Discendens
721 2336 750 2356 α.
826 2324 882 2356 68.
908 2327 954 2358 B:
979 2325 1212 2356 Louonienses
1228 2337 1258 2358 α.
1328 2337 1374 2364 ’γε
1403 2323 1616 2357 Carociolam
1632 2337 1662 2358 a.
1737 2324 1793 2362 69.
1820 2324 1911 2356 aLB
1925 2337 1934 2357 z

337 2365 565 2398 Laodiensem
580 2379 613 2406 γ.
749 2368 896 2400 nimium
913 2380 932 2398 α
943 2368 1004 2400 LB
1018 2380 1027 2402 :
1055 2378 1119 2400 om.
1135 2380 1167 2408 γ.
1350 2376 1404 2409 70.
1430 2370 1631 2410 episcopum
1648 2380 1667 2397 α
1678 2368 1738 2399 LB
1753 2380 1762 2400 ι
1790 2367 1885 2408 apud
1901 2380 1934 2408 γ.

1113 2116 1156 2148 45
1182 2110 1228 2142 B:
1258 2109 1444 2150 occupanti
1461 2121 1492 2142 α.
1587 2107 1643 2146 46.
1669 2110 1715 2142 13:
1744 2108 1889 2140 concilio
1905 2119 1936 2140 α.

1240 2159 1291 2191 51.
1318 2152 1411 2193 quod
1426 2154 1472 2186 B:
1498 2152 1583 2193 quid
1596 2164 1626 2184 a.

1249 2199 1301 2236 56.
1327 2208 1369 2235 ’γε
1393 2194 1550 2227 decidere
1567 2207 1598 2225 α.

339 2417 393 2451 71.
423 2412 436 2441 ¹?
454 2408 579 2447 Roma,
592 2409 678 2442 sicut
692 2410 804 2451 z'nE'p.
822 2412 1002 2450 1342.602.
1048 2412 1204 2443 omnium
1216 2424 1235 2441 α
1248 2412 1326 2444 LB:
1343 2413 1438 2444 omni
1448 2424 1479 2452 γ.

381 2480 439 2518 48.
464 2481 594 2522 agitur]
617 2481 666 2514 cf.
687 2481 771 2513 Hor.
790 2481 853 2522 Ep.
875 2492 900 2514 1.
924 2484 972 2514 18.
991 2485 1044 2523 84.

383 2523 438 2556 68.
466 2523 715 2564 Louanienses]
732 2525 782 2557 Cf.
802 2525 868 2567 Ep.
891 2527 984 2566 1263.
1003 2537 1058 2559 211.

427 2567 677 2608 Caracciolam]
690 2569 753 2601 See
767 2568 832 2609 Ep.
848 2570 923 2610 865.
939 2570 1020 2611 67n‚
1034 2569 1104 2602 and

339 2610 382 2642 cf.
401 2610 491 2652 Epp.
513 2612 606 2652 1263.
628 2622 658 2651 1,
678 2621 770 2651 1302.
788 2611 842 2650 48.

382 2653 437 2691 69.
464 2654 704 2694 Leodiensem]
721 2654 833 2686 Erard
849 2655 892 2687 de
907 2655 943 2687 la
959 2655 1079 2688 Marck
1095 2668 1102 2688 ε

337 2706 393 2728 see
427 2696 492 2738 Ep.
528 2700 589 2740 738
626 2697 753 2730 introd.
811 2698 841 2730 A
873 2698 979 2730 letter
1010 2699 1101 2731 from

338 2739 522 2780 Aleander,
555 2743 619 2773 not
652 2744 788 2780 extant,
821 2741 892 2773 had
926 2742 1102 2783 produced

338 2792 361 2814 a.
382 2785 585 2825 temporary
608 2787 866 2826 estrangement
891 2785 927 2816 of
949 2785 1010 2817 the
1035 2786 1100 2827 Bp.

337 2825 427 2857 from
461 2826 639 2867 Erasmus,
671 2837 754 2859 over
784 2828 846 2860 the
877 2829 1035 2861 mention
1067 2829 1103 2861 of

337 2867 410 2900 him
442 2868 478 2901 in
509 2869 574 2911 Ep.
613 2872 689 2908 980.
730 2872 841 2911 36-7:
893 2882 950 2903 see
987 2871 1101 2905 Balan

337 2922 393 2944 no.
407 2910 533 2953 89fand
550 2913 593 2944 cf.
613 2913 776 2954 Sponqia‚
793 2914 863 2947 LB.
883 2926 915 2946 x.
938 2916 1019 2956 1645
1033 2925 1054 2947 Β
1065 2931 1093 2941 =

312 2976 315 2978 -
338 2954 416 2987 HE.
441 2965 518 2996 333,
542 2956 556 2995 §
576 2965 650 2995 129,
672 2956 746 2988 also
769 2957 858 2998 Epp.
881 2959 977 3000 1467,
1003 2961 1099 2998 1482,

338 2997 409 3030 and
465 3006 546 3040 1195
602 2999 729 3032 introd.
807 3000 977 3033 Erasmus
1028 3001 1099 3033 had

338 3041 477 3074 written
502 3044 540 3073 to
566 3041 637 3074 him
663 3043 830 3084 recently,
861 3054 888 3075 c.
906 3053 950 3075 20
980 3044 1098 3076 March

341 3085 398 3124 (cf.
426 3084 492 3126 Ep.
526 3087 618 3118 1281.
650 3088 742 3125 2111),
782 3086 866 3119 with
898 3086 958 3119 the
989 3087 1097 3119 result

1542 2414 1565 2446 β
1582 2424 1591 2444 :
1608 2411 1886 2443 maleditentiam
1903 2423 1933 2444 n.

1172 2482 1252 2514 that
1293 2483 1353 2515 the
1394 2483 1459 2524 Bp.
1502 2493 1580 2516 now
1621 2482 1797 2524 professed
1837 2486 1935 2524 great

1173 2529 1308 2567 respect
1333 2527 1388 2558 for
1412 2527 1484 2559 him
1512 2527 1570 2567 (cf.
1590 2526 1681 2568 Epp.
1702 2528 1795 2558 1281.
1814 2528 1934 2570 73—81,

1177 2572 1235 2601 128
1263 2595 1270 2602 .
1332 2589 1355 2594 -
1380 2571 1402 2609 ).

1218 2580 1271 2653 7c7).
1289 2581 1525 2654 4lv3102tensem]
1538 2614 1593 2645 De
1606 2613 1641 2645 la
1656 2612 1776 2644 Mota:
1794 2622 1850 2644 see
1866 2612 1932 2654 Ep.

1175 2666 1270 2697 1273,
1286 2656 1355 2688 and
1372 2657 1415 2689 cf.
1433 2657 1499 2698 Ep.
1519 2666 1613 2698 1302.
1633 2664 1727 2696 54-5.
1766 2656 1934 2688 Erasmus

1171 2710 1254 2741 may
1283 2700 1373 2732 have
1402 2700 1505 2732 made
1535 2710 1556 2731 a
1586 2700 1735 2732 mistake
1765 2699 1851 2732 with
1872 2699 1933 2731 the

1169 2752 1284 2782 name,
1311 2743 1425 2775 which
1449 2743 1540 2775 later
1565 2743 1608 2776 he
1635 2743 1750 2784 forgot
1777 2743 1835 2782 (cf.
1865 2742 1930 2784 Ep.

1172 2796 1265 2827 1342.
1285 2795 1303 2816 2
1309 2793 1324 2826 5
1331 2788 1363 2826 3)
1379 2799 1388 2825 ;
1418 2797 1456 2818 or
1470 2786 1513 2819 he
1530 2797 1600 2819 was
1615 2786 1765 2828 perhaps
1786 2785 1930 2825 disguis-

1169 2830 1227 2871 ing
1250 2830 1278 2861 it
1294 2840 1339 2862 on
1356 2840 1517 2872 purpose,
1540 2840 1579 2862 as
1600 2829 1686 2862 with
1700 2829 1801 2861 other
1822 2829 1929 2870 digni-

1167 2873 1273 2905 taries
1287 2873 1323 2905 in
1335 2873 1400 2914 Ep.
1423 2873 1515 2913 1585.

1214 2924 1267 2957 71.
1295 2917 1491 2957 Stunicam]
1507 2917 1569 2950 See
1584 2916 1674 2957 App.
1696 2924 1731 2956 15
1750 2927 1759 2953 ;
1789 2914 1861 2947 and
1885 2915 1929 2948 cf.

1168 2958 1264 3008 Epp.·
1276 2968 1367 2999 1213.
1386 2968 1480 2999 33—7‚
1499 2960 1593 2991 1260.
1605 2958 1729 2998 88—94,
1745 2968 1838 2999 1342.
1853 2958 1929 2989 602.

1209 3000 1622 3119 ffiffissffllfiffitf?
1628 3001 1717 3087 {Z}
1728 3005 1927 3087 {2⁶5²138'5,

1170 3097 1205 3119 12
1255 3113 1262 3121 .
1282 3099 1377 3128 9-10.
