2012 3370
117 112 239 162 1526]
462 112 535 152 TO
565 112 731 152 DUKE
760 111 994 152 GEORGE
1026 111 1098 151 OF
1126 110 1362 152 SAXONY
1631 111 1707 150 607

114 222 363 269 amiciciam,
401 221 544 273 quoad
577 221 710 269 licuit,
749 222 847 269 alui,
885 222 959 260 sed
994 222 1052 260 sic
1089 225 1139 260 vt
1174 221 1386 272 dogmatis
1420 219 1588 258 illorum
1624 233 1709 258 non

114 275 369 315 accederem.
444 275 568 315 Hanc
613 289 752 314 meam
798 276 1049 315 ciuilitatem
1094 275 1289 314 laudauit
1334 276 1464 313 etiam
1511 273 1710 313 Pontifex

113 329 326 369 Adrianus
362 334 407 369 et
443 330 495 368 R.
534 330 586 369 D.
626 329 748 368 Card.
787 329 1051 381 Campegius,
1084 331 1284 368 nimirum
1316 328 1599 380 intelligentes
1630 328 1710 366 hoc
1728 337 1792 359 210

113 384 332 435 expedisse
362 397 525 423 causae.
585 383 780 423 Fortasse
810 397 896 422 non
925 383 1113 422 defuturi
1143 388 1243 422 sunt
1273 384 1346 434 qui
1376 383 1711 421 moderationem

115 451 267 486 meam,
309 450 395 489 qua
434 439 478 476 in
519 437 751 477 Collatione
793 451 886 476 sum
927 451 1041 485 vsus,
1085 437 1430 483 calumnientur3
1487 449 1619 487 quum
1662 448 1710 474 ea

114 492 385 531 vehementer
409 491 624 543 probetur,
650 496 744 530 tum
769 492 944 530 eruditis
969 491 1203 542 permultis,
1228 496 1323 529 tum
1349 490 1454 541 Regi
1478 490 1711 541 Anglorum

113 550 157 585 et
189 546 314 584 huius
345 545 569 585 Cardinali.
631 545 695 584 Ea
727 546 961 584 moderatio
994 547 1127 596 magis
1159 549 1312 596 grauat
1344 544 1549 583 Luterum
1581 556 1711 594 quam

113 601 257 639 omnia
291 601 493 638 conuicia.
557 599 712 639 Videor
744 600 958 638 nonnullis
993 612 1083 638 sero
1118 599 1382 638 descendisse
1416 600 1459 637 in
1494 598 1790 639 harenam.215

113 653 289 693 Vtinam
320 657 411 692 tam
442 653 619 692 feliciter
650 654 958 692 descendissem
991 666 1121 704 quam
1153 653 1351 692 descendi
1383 652 1578 691 mature!
1627 651 1713 690 Res

112 709 205 759 ipsa
231 707 465 747 declarabit
492 720 558 746 me
585 720 797 759 nusquam
825 707 1006 746 defuisse
1035 720 1186 747 causae
1215 707 1439 746 Ecclesiae.

166 762 273 801 Erat
297 763 342 801 in
367 775 456 800 rem
483 762 722 800 studiorum
748 761 1027 801 Mosellanum
1054 775 1184 812 quam
1211 762 1448 800 diutissime
1474 760 1596 800 nobis
1624 773 1712 799 esse

112 816 413 867 superstitem;
463 815 535 854 sed
568 816 693 855 huius
726 821 908 855 mortem
941 817 1020 855 hoc
1054 817 1251 867 aequiore
1285 817 1426 854 animo
1459 815 1561 862 fero,
1597 814 1713 866 quod

111 870 209 909 huic
228 870 610 909 tumultuosissime
631 870 770 910 seculo
791 870 1035 910 subtractus
1056 875 1133 909 est.
1183 870 1247 909 De
1268 883 1504 909 successore
1525 870 1714 920 suspicor
1730 879 1795 902 220

110 925 197 964 iam
225 938 313 963 esse
341 929 626 975 prospectum,
657 925 1004 977 quandoquidem
1031 926 1118 963 iam
1147 929 1271 963 vetus
1299 928 1392 963 erat
1419 923 1600 974 epistola
1628 936 1714 974 qua

110 978 155 1017 id
176 992 201 1017 a
221 992 288 1018 me
308 979 511 1030 postulas.
562 979 791 1031 Vtriusque
811 980 952 1031 lingue
973 980 1031 1018 sic
1052 980 1236 1030 peritum
1258 983 1307 1017 vt
1327 980 1462 1030 possit
1482 977 1713 1017 Mosellano

113 1032 345 1080 succedere,
364 1033 530 1072 difficile
546 1037 611 1072 est
626 1035 806 1084 reperire
826 1047 835 1081 3
871 1033 945 1072 sed
962 1033 1085 1085 longe
1104 1033 1314 1072 difficilius
1333 1034 1419 1084 qui,
1441 1032 1556 1083 quod
1575 1031 1712 1077 addis,

113 1099 282 1138 prorsus
312 1088 369 1126 sit
398 1087 559 1126 alienus
589 1101 614 1126 a
643 1087 829 1127 factione
860 1087 1088 1127 Luterana.
1148 1087 1190 1127 Si
1221 1088 1315 1139 quis
1345 1092 1491 1126 tamen
1522 1090 1714 1125 occurret

112 1142 282 1193 qualem
304 1145 441 1192 optas,
464 1141 722 1193 significabo.
1731 1151 1791 1183 225

167 1196 387 1234 Hactenus
417 1196 473 1234 ad
502 1196 609 1235 duas
639 1197 840 1248 epistolas
870 1200 968 1235 tuas
998 1197 1185 1248 priores:
1232 1208 1346 1235 nunc
1376 1196 1432 1234 ad
1462 1200 1712 1234 extremam.

112 1249 389 1289 Collationem
434 1255 625 1289 nostram
669 1256 743 1290 tue
789 1251 1050 1290 celsitudinis
1096 1250 1256 1290 calculo
1302 1250 1568 1301 comprobari
1614 1261 1713 1287 sane

111 1303 288 1355 gaudeo.
345 1304 532 1343 Veniunt
559 1318 584 1343 a
611 1305 756 1344 multis
783 1305 999 1357 epistolae,
1028 1305 1126 1344 huic
1153 1318 1247 1344 meo
1273 1304 1408 1343 labori
1434 1303 1712 1356 gratulantes.

111 1358 220 1397 Sunt
235 1359 309 1409 qui
323 1358 542 1398 fateantur
557 1372 645 1398 sese
660 1359 740 1398 hoc
754 1359 895 1398 libello
909 1359 1019 1399 lecto
1035 1364 1222 1398 mutasse
1238 1363 1426 1398 veterem
1442 1358 1712 1397 sententiam.

111 1411 312 1451 Scribant
342 1414 472 1451 etiam
503 1413 822 1464 WVittenbergae
853 1414 1117 1465 aequissimis
1148 1414 1300 1452 animis
1331 1416 1572 1463 exceptum.
1633 1411 1714 1449 Hic
1732 1423 1797 1454 230

110 1470 256 1504 tamen
292 1465 493 1505 fremunt.
558 1466 910 1518 Oecolampadius
947 1468 991 1506 in
1028 1467 1202 1518 singulis
1239 1467 1511 1505 concionibus
1554 1465 1715 1516 aliquid

109 1520 320 1559 iaculatur
339 1521 383 1559 in
403 1533 501 1559 eum
520 1520 723 1560 libellum.
772 1521 928 1572 Accepi
947 1521 1136 1560 libellum
1157 1521 1222 1559 De
1241 1521 1368 1568 votis,
1390 1525 1434 1559 et
1454 1521 1545 1570 cepi
1566 1520 1714 1570 legere.

111 1573 244 1613 Video
264 1573 610 1625 loquacissimum
631 1588 733 1614 esse.
784 1574 866 1614 Sed
886 1575 946 1614 illi
966 1576 1052 1614 iam
1074 1579 1271 1614 accurate
1292 1574 1513 1625 respondit
1534 1573 1716 1612 Iodocus

111 1627 370 1675 Clithoueus,
414 1627 637 1680 theologus
680 1629 939 1668 Parisiensis.
1012 1629 1207 1667 Arbitror
1248 1628 1439 1667 libellum
1481 1627 1545 1666 De
1588 1627 1716 1666 modo

112 1682 261 1721 orandi
286 1682 373 1720 iam
398 1682 524 1721 isthic
552 1695 669 1721 esse:
712 1683 871 1734 alioqui
898 1684 1117 1721 misissem.
1175 1683 1233 1721 Et
1259 1681 1439 1721 fortasse
1466 1683 1652 1728 mittam,
1682 1682 1716 1719 si
1734 1695 1794 1726 235

112 1736 185 1787 qui
206 1736 282 1774 has
303 1735 456 1782 reddit,
479 1740 652 1775 tantum
673 1738 861 1775 sarcinae
882 1737 998 1776 volet
1019 1738 1241 1787 suscipere.

168 1789 320 1828 Precor
345 1794 395 1829 vt
421 1790 630 1829 Dominus
650 1790 769 1830 Iesus
791 1791 1165 1843 illustriss<imam>
1186 1790 1478 1829 celsitudinem
1499 1794 1618 1828 tuam
1641 1789 1713 1828 diu

113 1848 254 1883 seruet
272 1843 540 1884 incolumem.

168 1898 358 1937 Basileae
378 1898 485 1949 prid.
507 1898 572 1937 Id.
594 1899 794 1938 Decemb.
816 1899 896 1938 An.
921 1908 1038 1950 1524.

847 1954 1050 1993 Erasmus
1070 1954 1172 1993 Rot.
1735 1966 1798 1996 240

901 2008 950 2047 F..
972 2007 1213 2047 celsitudini
1231 2012 1333 2047 tuae
1353 2007 1569 2046 addictiss.

160 2108 235 2137 208.
261 2105 454 2137 amiciciam
479 2108 559 2140 ‹tl-3²:
598 2117 660 2138 om.
689 2108 734 2141 15¹.
898 2106 1122 2149 dogmatibus
1148 2106 1190 2137 II.
1347 2114 1422 2137 210.
1448 2105 1490 2138 R..
1507 2105 1549 2137 D.
1577 2114 1639 2136 om.
1668 2104 1712 2136 H.

116 2158 190 2180 212.
216 2151 262 2182 B:
297 2147 529 2182 calumnietur
551 2162 581 2181 α.
765 2159 839 2190 213.
866 2154 943 2183 tum
965 2154 1040 2182 ante
1061 2150 1208 2182 eruditis
1230 2149 1311 2182 aH:
1347 2159 1425 2181 cum
1448 2151 1481 2183 β.
1636 2150 1710 2179 216.

116 2191 278 2224 descendi
292 2191 368 2224 add.
391 2192 436 2224 H.
532 2192 612 2225 aH:
638 2196 774 2234 mature
796 2197 829 2228 β.
923 2193 993 2225 Res
1015 2195 1096 2229 012³:
1119 2203 1172 2226 res
1193 2195 1239 2228 βὶ.
1332 2202 1406 2224 221.
1433 2193 1503 2224 iam
1520 2195 1595 2224 ante
1612 2195 1714 2223 vetur<

116 2234 191 2267 add.
209 2235 254 2267 H.
367 2244 441 2275 227.
468 2239 490 2271 β
507 2248 515 2268 :
545 2236 735 2277 calculoslo
751 2249 781 2269 α.
891 2247 966 2277 220.
991 2237 1151 2269 fatentur
1165 2237 1210 2269 H.
1324 2244 1397 2276 231.
1426 2234 1714 2276 Oeeolampadius

120 2290 137 2307 υ.
155 2291 163 2310 :
194 2278 343 2317 Quidam
361 2279 404 2311 H.
518 2289 592 2320 232.
618 2279 817 2313 iaculantur
832 2280 877 2313 H.
975 2290 1049 2320 234.
1076 2280 1253 2313 Clitoueus
1270 2279 1313 2312 N.
1429 2289 1444 2310 2
1451 2281 1501 2319 36.
1529 2278 1651 2310 reddet
1666 2277 1710 2309 H.

116 2323 288 2364 suscipere
307 2336 325 2353 α
343 2334 350 2354 :
381 2324 530 2364 recipere
547 2323 592 2356 H.
715 2333 733 2356 2
739 2333 791 2363 39.
819 2324 888 2357 σΝ2
905 2337 911 2356 :
943 2324 1143 2356 Decembris
1162 2323 1254 2355 HN’.
1364 2332 1438 2362 240.
1465 2321 1630 2354 Erasmus
1648 2346 1654 2353 .
1674 2345 1681 2353 .
1702 2345 1710 2353 .

118 2374 190 2405 241.
216 2365 394 2399 addictiss.
412 2366 486 2399 add.
505 2368 540 2402 [³²
557 2380 563 2399 :
594 2378 656 2400 om.
677 2367 719 2400 H.

161 2503 238 2525 212.
264 2490 550 2531 Collatione]The
560 2492 722 2525 Delibero
731 2493 880 2525 arbitrio.
951 2504 1027 2535 74n,
1049 2502 1106 2534 152
1113 2502 1142 2532 3.
1164 2502 1300 2531 104-10.

164 2545 241 2568 221.
269 2537 432 2578 epistola]
450 2537 514 2578 Ep.
533 2537 626 2575 1448.
992 2546 1068 2576 234.
1094 2534 1310 2573 Clithoueus]
1332 2535 1374 2567 In
1396 2536 1448 2566 his
1470 2534 1714 2571 Antilutherne,

162 2582 237 2612 226.
263 2579 408 2620 priores]
422 2579 511 2621 Epp.
532 2588 627 2620 1340,
647 2581 740 2620 1448.
949 2580 1056 2617 Paris,
1096 2580 1129 2612 S.
1170 2579 1362 2615 Colinaeus,
1407 2587 1442 2618 13
1484 2578 1562 2610 Oet..
1606 2587 1689 2619 1524
1706 2592 1712 2611 :

205 2621 413 2661 extremam]
430 2622 495 2664 Ep.
518 2632 610 2664 1503.
949 2623 1006 2655 bk.
1027 2632 1043 2663 3
1063 2622 1099 2654 of
1115 2623 1227 2654 which
1243 2623 1272 2654 is
1291 2621 1300 2635 ⁴
1314 2625 1435 2654 contra
1452 2622 1713 2654 eneruationem

165 2667 238 2698 228.
269 2666 553 2708 epistolaefflpp.
568 2676 686 2707 1509st
697 2675 771 2707 511.
787 2676 796 2697 1
807 2676 839 2707 51
851 2676 877 2706 3.
949 2670 1112 2698 votorum
1133 2666 1405 2698 monasticorum
1425 2675 1532 2708 quam
1551 2666 1713 2697 inuehcre

163 2718 240 2750 230.
265 2709 538 2752 Wittenbergnc]
576 2710 638 2742 Sec
677 2709 741 2750 Ep.
786 2718 880 2749 1500.
948 2710 1132 2742 contendit
1148 2709 1321 2741 Lutherus
1336 2709 1356 2741 '.

119 2763 218 2793 4.7-3.
1036 2754 1088 2786 De
1105 2753 1209 2785 modo
1225 2751 1363 2791 orandi]
1379 2753 1442 2786 See
1459 2752 1522 2793 Ep.
1546 2761 1637 2793 1502.

164 2805 238 2835 231.
266 2795 568 2837 Oeoolmnpadius]
592 2796 642 2828 Cf.
668 2796 756 2837 Epp.
788 2802 879 2837 1400.
992 2807 1067 2837 241.
1093 2796 1150 2834 R]
1164 2797 1284 2829 cidem.
