2012 3370
227 136 306 174 574
707 133 961 173 LETTERS
993 133 1065 171 oF
1094 132 1357 173 ERAsMUs
1706 137 1829 186 [1524

229 241 473 281 Bonifacius
502 243 588 280 suis
622 240 886 279 amicissimis
919 240 1066 280 officiis
1098 240 1207 280 hanc
1241 241 1545 280 salutationem
1578 241 1828 281 littera-riam

170 309 209 333 10
225 296 337 336 inter
355 308 431 334 nos
451 295 728 333 conciliasset.

282 349 499 388 Pontificis
522 350 565 387 in
589 353 633 387 te
657 347 824 387 vberior
847 348 998 388 fuisset
1020 348 1265 397 liberalitas,
1290 351 1334 388 ni
1357 350 1422 390 his
1445 349 1701 389 difficillimis
1724 353 1828 389 tem-

228 403 400 454 poribus
424 404 513 453 ipse
537 416 707 453 quoque
731 402 787 441 ad
811 404 1030 454 angustias
1053 403 1251 442 redactus
1275 408 1386 443 esset
1405 416 1413 443 :
1454 408 1580 443 tanta
1603 408 1669 443 est
1691 416 1831 443 rerum

227 458 417 496 omnium
435 456 716 507 perturbatio,
737 461 781 496 et
799 457 1147 507 quotidianorum
1165 462 1416 509 sumptuum
1434 457 1831 509 impendiorumque

226 510 387 557 effusio,
409 515 459 550 vt
478 511 675 550 sustineri
694 524 789 562 egre
808 512 955 563 possit.
1005 510 1087 552 Sed
1106 513 1185 551 erit
1204 511 1320 551 locus
1340 512 1571 563 aliquando
1589 516 1634 551 et
1653 512 1832 551 ornandi

171 580 206 612 15
226 569 271 604 et
291 564 474 616 augendi
494 565 572 604 tui.

282 617 457 658 Librum
476 623 601 658 tuum
621 619 761 658 adhuc
780 632 867 658 non
886 619 966 671 legi
987 634 996 667 ;
1031 633 1132 659 nam
1152 633 1288 672 neque
1309 620 1411 659 dum
1432 620 1563 660 habui
1583 621 1672 659 eius
1692 624 1829 671 potes-

227 677 376 720 tatem,
411 677 456 713 et
487 686 603 712 eram
636 674 834 712 maximis
866 674 1218 725 occupationibus
1250 675 1493 726 impeditus.
1557 673 1705 714 Certus
1737 687 1831 713 sum

228 731 422 766 attamen
444 727 623 766 similem
645 741 741 767 eum
763 741 852 767 esse
872 728 1131 779 reliquorum
1152 733 1326 768 tuorum
1347 743 1354 776 ;
1393 742 1503 779 quae
1525 729 1627 768 mihi
1650 728 1831 779 plurima

227 785 272 820 et
297 780 409 821 lecta
436 785 480 821 et
507 782 690 833 probata
717 787 830 821 sunt.
887 782 1067 834 Tibique
1095 796 1171 834 ego
1198 785 1242 822 in
1270 796 1319 822 eo
1347 796 1601 835 magnopere
1629 782 1830 834 gratulor,

167 852 210 874 20
227 836 343 887 quod
373 837 541 884 ingenio
572 841 649 876 tuo
679 838 889 887 prestanti
920 842 965 876 et
995 837 1195 888 singulari
1227 839 1366 876 ocium
1398 837 1722 889 suppeditatum
1754 842 1831 884 est.

227 903 312 942 quo
344 890 466 930 facile
497 905 642 944 posses
673 895 774 930 tuae
800 891 1018 930 doctrinae
1050 891 1239 942 preclara
1271 896 1550 931 monumenta
1580 893 1625 930 in
1656 893 1831 942 posteri-

226 949 364 984 tatem
386 958 633 997 pmpagare,
657 958 709 984 ex
731 945 886 996 quibus
907 950 1032 984 tuum
1054 959 1209 986 nomen
1231 951 1485 997 perpetuum
1507 946 1701 985 futurum
1724 946 1792 985 sit.

283 998 569 1046 Quamobrem
602 999 730 1050 quod⁴
751 1004 793 1038 te
827 999 940 1038 solus
972 1001 1058 1038 iam
1092 1000 1207 1039 Deus
1241 1000 1364 1039 beare
1398 1001 1545 1051 possit,
1582 1004 1630 1039 vt
1662 1004 1711 1039 tu
1744 1001 1832 1051 ipse

226 1053 384 1101 scribis,
411 1053 478 1092 hic
501 1055 587 1092 iarn
611 1052 891 1100 deficientem,
917 1067 1100 1105 agnosco
1124 1055 1330 1105 pietatem
1353 1059 1475 1093 tuam
1499 1059 1543 1094 et
1567 1066 1833 1105 summopere

167 1123 184 1145 2
192 1123 207 1155 3
226 1106 355 1146 laudo
375 1121 383 1146 :
421 1107 527 1146 illud
549 1120 635 1146 non
657 1108 831 1159 accipio,
855 1112 899 1147 te
921 1112 971 1147 vt
993 1107 1260 1147 deficientem
1284 1109 1438 1148 debeas
1461 1108 1688 1160 appellare,
1713 1109 1832 1147 cuius

227 1162 364 1200 virtus
412 1163 616 1201 memoria
662 1163 855 1201 omnium
910 1162 1174 1202 saeculorum
1232 1162 1514 1202 celebrabitur
1560 1163 1831 1214 sempiterna.

228 1214 309 1263 Qui
334 1215 499 1255 fructus
525 1217 605 1255 etsi
631 1217 838 1267 posterior
864 1221 930 1255 est
954 1216 1077 1268 longe
1104 1216 1329 1256 celestibus
1355 1218 1539 1268 premiis,
1567 1222 1713 1255 tamen
1740 1229 1765 1255 a
1790 1220 1833 1255 te

227 1282 500 1321 nequaquam
538 1275 604 1309 est
641 1271 991 1310 contemnendus.
1059 1271 1163 1323 Ego,
1204 1272 1319 1322 quod
1359 1285 1501 1310 meum
1539 1275 1617 1318 est,
1657 1272 1691 1310 si
1729 1270 1833 1321 quid

227 1323 400 1363 obtineo
421 1326 692 1364 auctoritatis
712 1329 757 1364 et
776 1326 951 1377 gratiae,
974 1325 1090 1377 quod
1098 1303 1284 1376 0(1111(16111
1305 1339 1512 1378 perquam
1533 1325 1733 1377 pusillum
1755 1329 1832 1371 est,

170 1394 210 1425 30
226 1377 307 1417 tibi
334 1382 481 1418 tamen
509 1383 652 1418 totum
679 1380 743 1418 ita
769 1379 968 1429 polliceor
996 1384 1040 1419 et
1068 1379 1223 1426 defero,
1255 1384 1317 1427 vt,
1347 1381 1381 1419 si
1409 1381 1490 1421 erit
1517 1379 1729 1431 agendum
1758 1384 1834 1418 tua

227 1445 356 1471 causa
375 1434 609 1496 quippiam,
630 1433 735 1472 nihil
754 1433 833 1472 tibi
854 1447 948 1473 meo
967 1433 1110 1473 studio
1129 1438 1173 1473 et
1191 1447 1320 1485 opera
1339 1434 1533 1473 futurum
1553 1435 1608 1473 sit
1627 1434 1832 1485 paratius.

284 1486 399 1526 Vale.
451 1488 538 1527 viii.
559 1487 656 1526 idus
676 1487 875 1535 nouemb,
898 1489 1023 1528 Anno
1042 1499 1293 1528 M.D.XX1111.
1316 1502 1368 1527 ex
1390 1489 1514 1528 Vrbe.

581 1649 784 1691 ¹⁴5⁰l5l2.
847 1648 917 1691 To
949 1649 1191 1690 RUDBERT
1223 1661 1282 1691 or
1312 1649 1536 1691 MOSHAM.

276 1749 378 1794 Opus
396 1749 648 1794 Epistolarum
668 1761 702 1794 p.
719 1751 803 1793 619.
1536 1750 1656 1784 Basle.

274 1807 322 1843 N.
340 1818 376 1852 p.
396 1816 487 1852 590:
522 1807 638 1843 Lond.
658 1808 762 1843 xviii.
782 1818 823 1852 37
843 1823 849 1842 :
885 1809 959 1844 LB.
978 1820 1060 1853 709.
1394 1819 1433 1843 12
1452 1807 1664 1844 November
1685 1816 1785 1852 1524.

273 1899 361 1941 [Not
376 1875 583 1941 dispatched
600 1899 656 1932 till
669 1901 689 1933 8
706 1900 787 1932 Jan.
812 1909 905 1942 1525,
924 1900 1009 1932 with
1026 1899 1090 1941 Ep.
1115 1901 1197 1941 1536
1214 1913 1221 1932 ε
1251 1910 1308 1932 see
1325 1899 1413 1941 Epp.
1438 1900 1530 1940 1536.
1551 1909 1606 1937 2n‚
1631 1901 1723 1940 1560.
1748 1902 1818 1941 1n.]

269 1996 472 2025 ERASMvs
501 1997 724 2026 ROTEROD.
755 1998 995 2027 RVDBERTO
1026 2000 1053 2026 A
1083 1997 1284 2033 MOSHAM,
1318 1997 1498 2025 DECANO
1528 1996 1797 2024 PATAVIENSI

820 2052 870 2080 m
899 2052 1110 2088 BAvAmA,
1143 2052 1176 2080 s.
1197 2052 1240 2080 D.

285 2105 476 2144 HAERET
514 2107 657 2145 animo
696 2106 842 2145 vultus
879 2111 981 2146 tuus
1019 2106 1301 2145 humanitatis
1340 2110 1440 2144 tuae
1479 2105 1620 2151 index,
1662 2106 1833 2143 memini

230 2159 518 2211 frequentium
569 2159 875 2211 colloquiorum
925 2165 969 2199 et
1019 2160 1252 2199 officiorum
1301 2164 1488 2205 tuorum,
1539 2172 1625 2198 non
1675 2159 1834 2198 excidit

233 2214 472 2253 venationis
503 2213 792 2265 fragmentum
825 2214 901 2253 abs
945 2219 989 2253 te
1034 2227 1216 2261 versum,
1264 2226 1359 2252 mea
1403 2213 1575 2264 quidem
1620 2214 1833 2252 sententia

232 2267 432 2307 feliciter:
464 2267 646 2319 denique
669 2272 788 2308 totus
813 2268 1061 2308 Rudbertus
1091 2270 1148 2307 sic
1173 2281 1370 2320 praesens
1399 2271 1465 2306 est
1493 2268 1636 2306 animo
1665 2281 1758 2308 meo
1783 2273 1835 2307 vt

195 2328 211 2361 5
230 2323 389 2374 possim
420 2321 540 2361 illum
574 2322 640 2362 vel
674 2322 884 2362 coloribus
917 2324 1163 2374 exprimere.
1227 2321 1373 2362 Solum
1404 2321 1510 2361 illud
1542 2334 1628 2360 non
1662 2323 1833 2360 memini

281 2422 373 2453 1511.
399 2431 430 2459 9.
455 2421 663 2454 litterariam
685 2434 704 2452 α
720 2421 810 2454 Mn:
843 2421 1024 2454 literarum
1038 2421 1119 2453 HN.
1245 2429 1293 2460 13.
1321 2420 1444 2452 ‹1an
1475 2420 1731 2462 impendiorum
1748 2420 1830 2453 HN.

238 2473 285 2503 14.
299 2465 480 2496 -sustinere
494 2475 527 2497 n.
766 2475 816 2503 19.
841 2476 905 2504 ego
919 2477 937 2495 α
952 2465 1038 2497 Mn:
1062 2475 1124 2497 om.
1145 2464 1226 2496 HN.
1458 2472 1510 2494 20.
1528 2463 1622 2505 quod
1639 2476 1657 2493 α
1675 2476 1682 2496 :
1711 2473 1782 2505 quo
1797 2475 1829 2497 n.

235 2516 287 2547 23.
315 2507 549 2546 Quamobrem
561 2520 579 2537 α
594 2508 680 2541 Mn:
711 2508 1015 2547 Quemadmodum
1028 2508 1109 2540 HN.
1203 2510 1254 2540 28.
1281 2517 1504 2549 nequaquam
1517 2518 1556 2539 a:
1580 2508 1787 2548 neutiquam
1797 2518 1831 2540 π.

232 2555 287 2583 est
301 2555 376 2592 post
392 2561 508 2584 meum
525 2563 543 2581 α
562 2551 652 2584 Mn:
682 2562 742 2584 om.
766 2552 847 2585 HN.
934 2561 985 2592 32.
1012 2565 1029 2582 n
1047 2552 1133 2584 Mn:
1160 2551 1369 2583 Nouembris
1384 2551 1464 2582 HN.
1527 2549 1629 2583 Anno
1646 2551 1720 2583 add.
1740 2551 1830 2583 HN:

232 2604 296 2626 om.
314 2594 392 2627 Mn.
532 2604 611 2628 mm.
632 2605 752 2629 xxnn.
771 2606 814 2628 ex
831 2595 916 2629 vrbe
932 2596 1008 2628 add.
1028 2595 1063 2628 H
1081 2596 1317 2635 (mnxxxnn
1334 2596 1394 2635 72³).

280 2720 372 2751 1511.
403 2729 452 2751 11.
477 2718 683 2758 liberalitas]
712 2719 775 2752 See
805 2720 869 2762 Ep.
903 2721 997 2760 1438.
1064 2720 1139 2751 tion
1162 2720 1198 2751 in
1222 2718 1333 2750 Rome
1357 2717 1457 2749 when
1481 2717 1541 2749 the
1564 2728 1657 2749 news
1680 2718 1830 2755 arrived,

236 2771 311 2793 3111.
1063 2764 1105 2795 38
1132 2762 1223 2800 Oct„
1248 2761 1285 2793 of
1308 2761 1369 2794 the
1393 2762 1639 2802 reoccupation
1664 2761 1701 2793 of
1722 2760 1831 2793 Milan

281 2814 331 2837 12
356 2805 402 2837 ad
444 2804 639 2847 angustias]
682 2804 870 2838 Clements
912 2807 998 2838 diffi-
1066 2805 1113 2847 by
1145 2805 1206 2838 the
1239 2804 1373 2838 French
1407 2804 1487 2846 (Ep.
1525 2813 1620 2846 1519.
1660 2807 1742 2846 93n)
1777 2815 1831 2837 see

234 2847 358 2879 culties
391 2848 447 2881 for
483 2859 610 2891 money
645 2859 733 2881 were
767 2849 931 2891 reported
963 2854 1001 2882 to
1066 2848 1192 2881 Pastor
1207 2849 1253 2881 ix.
1272 2849 1349 2889 265.

235 2889 374 2922 charles
400 2891 449 2933 by
472 2891 526 2924 his
548 2892 776 2925 ambassador
806 2894 843 2925 in
876 2893 999 2930 Rome,
1114 2893 1163 2924 16.
1189 2891 1348 2930 Librum]
1372 2890 1550 2933 Probably
1572 2891 1633 2923 the
1656 2891 1706 2923 De
1730 2890 1830 2923 libero

234 2932 294 2965 the
312 2933 413 2966 Duke
429 2934 466 2967 of
480 2934 592 2973 sessa,
607 2936 645 2968 in
660 2946 682 2968 a
696 2935 802 2969 letter
816 2936 853 2969 of
876 2945 888 2968 1
908 2936 999 2969 Nov.
1065 2935 1204 2968 arbitrio
1219 2948 1227 2968 ε
1257 2946 1313 2968 see
1328 2935 1351 2967 l.
1374 2944 1427 2967 111.

238 2985 322 3018 1524
342 2977 596 3020 (Bergenroth'
587 2979 623 3011 11.
640 2980 733 3019 692).
1111 2989 1163 3011 22.
1191 2989 1316 3011 nomen
1340 2977 1563 3020 perpetuum]
1586 2977 1633 3009 Of.
1662 2977 1726 3018 Ep.
1750 2987 1827 3017 423.

284 3028 333 3060 13.
359 3021 594 3061 perturbatio]
623 3022 689 3054 For
717 3023 777 3055 the
806 3028 1002 3056 consterna·
1066 3024 1165 3062 46—8.
