2012 3370
189 601 232 632 70
250 578 381 618 faciat
423 579 655 630 optabilem
677 594 683 619 ε

253 153 331 192 592

251 268 397 295 omnes
432 256 553 294 diuos
589 257 755 294 eiecisse
791 270 812 294 e
849 257 1030 307 templis.

726 151 981 191 LETTERS
1012 152 1084 191 OF
1114 152 1377 193 ERASMUS

1727 159 1851 208 [1524

1097 257 1450 297 Vualshoetenses
1485 261 1614 298 etiam
1650 274 1671 298 e
1707 262 1853 300 vitreis

191 324 231 363 65
250 309 445 349 fenestris
468 311 732 359 priuatarum
756 310 938 350 aedium.
991 310 1203 350 Phallicus
1224 313 1267 352 in
1291 312 1436 352 Monte
1459 312 1681 353 Bellicardi
1704 320 1853 366 regnat

252 377 328 415 pro
352 377 429 402 sua·
452 362 639 402 libidine.
693 363 775 404 Sed
799 378 878 404 nae
903 378 979 416 ego
1003 366 1187 417 ineptuS,
1213 368 1285 417 qui
1310 367 1413 407 haec
1438 367 1493 406 aael
1518 368 1584 407 te!
1625 369 1698 419 qui
1722 370 1851 420 prius,

251 420 412 468 opinor,
440 417 543 456 hacc
569 417 691 456 audis
716 431 845 469 quam
873 419 939 458 hic
966 419 1084 459 fiant.

1141 420 1282 459 Bellus
1309 435 1408 460 vcro
1434 423 1550 461 iocus
1575 423 1754 461 istorum
1780 424 1852 474 qui

251 473 415 511 iactant
443 484 509 510 me
536 471 776 511 detractare
804 474 1070 524 martyrium,
1100 476 1221 526 quasi
1249 475 1351 514 mihi
1379 476 1563 515 multum
1590 476 1715 515 huius
1736 478 1851 516 vitae

250 527 446 575 supersit,
468 530 545 564 aut
565 527 687 578 quasi
709 526 893 566 calculus
914 540 999 566 non
1020 528 1105 567 tale
1127 529 1285 568 malum
1307 531 1363 569 sit
1384 535 1433 569 vt
1453 531 1650 581 quamuis
1671 534 1852 570 mortem

743 594 797 619 an
840 583 1093 632 martyrium
1134 582 1363 630 detractat,
1407 586 1479 635 qui
1522 596 1695 635 syncere
1737 584 1852 635 quod

249 635 381 672 sentit
412 633 674 684 profitetur?
723 634 920 674 Affirmas
952 641 995 675 te
1028 649 1194 676 mecum
1226 638 1381 676 sentire
1413 638 1465 677 de
1496 637 1628 677 libero
1660 638 1850 677 arbitrio.

250 687 347 726 Non
372 689 520 727 statim
546 688 824 740 Euangelium
850 694 914 729 est
943 691 1146 741 quicquid
1174 692 1246 730 isti
1270 692 1437 738 docent,
1469 697 1511 731 et
1541 705 1626 731 non
1654 705 1749 731 raro
1778 692 1849 731 do-

249 741 371 781 cendi
403 742 554 781 modus
586 747 663 782 aut
694 743 886 783 docentis
918 757 1054 783 mores
1086 746 1277 784 excitant
1309 746 1533 785 tumultus.

1596 746 1686 797 Ego
1718 759 1851 798 quum

248 795 353 835 nihil
378 796 566 835 ambiam
591 798 635 835 in
661 797 739 836 hac
767 799 870 845 vita,
899 799 957 837 sic
983 799 1234 839 moderabor
1261 813 1354 838 mea
1381 805 1429 839 vt
1456 801 1612 851 prosim
1639 800 1849 846 omnibus,

187 866 204 895 7
212 863 227 895 5
247 849 363 901 quod
386 850 558 902 quidem
581 850 737 897 licebit,
762 857 806 891 et
829 853 1088 903 principibus
1112 859 1155 893 et
1178 853 1450 904 pontificibus
1473 859 1517 893 et
1540 854 1783 906 pharisaeiS,
1808 860 1849 894 et

247 904 448 955 sophistis
470 905 706 956 quamlibet
728 907 771 945 in
795 919 860 945 me
883 908 1051 958 iniquis,
1076 913 1118 946 01
1141 908 1299 946 rabulis
1323 908 1601 960 Euangelicis.
1654 909 1850 948 Fortasse

246 960 385 1010 gratia
419 972 528 1010 quae
563 964 742 1010 negatur
778 962 905 1007 vitae,
942 961 1143 1000 reddetur
1179 964 1432 1001 memoriae:

247 1018 360 1052 certe
380 1013 484 1052 nihil
505 1013 628 1053 officii
650 1016 783 1064 perire
804 1020 960 1065 potest.

1485 963 1600 1014 apud
1635 963 1849 1002 Christum

302 1066 443 1115 Quum
463 1067 566 1106 haec
586 1069 823 1116 scriberem,
846 1069 1025 1120 epistola
1046 1075 1122 1109 tua
1142 1071 1196 1109 ad
1217 1084 1391 1110 manum
1412 1084 1496 1111 non
1517 1078 1608 1111 erat
1629 1086 1637 1118 ;
1675 1071 1850 1123 proinde

186 1126 227 1156 80
246 1133 331 1160 non
353 1121 571 1161 miraberis
595 1124 629 1161 si
656 1124 795 1162 minus
822 1123 877 1162 ad
898 1125 1041 1163 omnia
1060 1125 1271 1176 respondi.
1323 1126 1437 1164 Bene
1459 1126 1565 1173 vale,
1590 1127 1654 1164 vir
1675 1127 1848 1177 optime.

301 1176 491 1215 Basileae
514 1188 552 1226 4.
578 1176 680 1216 Idus
703 1177 904 1217 Decemb.
956 1178 1093 1218 Anno.
1118 1189 1212 1218 M.D.
1233 1191 1382 1219 XXIIII.

300 1251 553 1303 Priusquam
580 1252 656 1292 has
682 1253 962 1306 obsignarem,
990 1254 1099 1294 forte
1126 1257 1243 1295 venit
1271 1255 1325 1294 ad
1353 1269 1526 1295 manum
1553 1256 1733 1308 epistola
1758 1260 1848 1296 tua.

246 1305 467 1346 Festiuum
499 1311 565 1346 est
597 1307 713 1359 quod
744 1321 891 1347 narras
923 1309 976 1347 de
1009 1310 1201 1356 medico:
1250 1323 1326 1349 nec
1360 1311 1542 1350 multum
1576 1311 1792 1350 aberrauit
1825 1324 1849 1350 a

244 1373 371 1412 scopo
398 1364 476 1400 tua
500 1361 722 1401 diuinatio.
776 1362 834 1402 Et
858 1367 1004 1402 tamen
1029 1368 1093 1403 est
1118 1364 1184 1403 hic
1210 1364 1483 1412 ecclesiastes,
1510 1366 1583 1417 qui
1607 1366 1652 1404 in
1676 1365 1850 1417 singulis

185 1420 223 1461 85
245 1416 517 1454 concionibus
535 1415 696 1467 aliquid
713 1417 882 1456 disserit
899 1422 1049 1456 contra
1065 1417 1253 1457 libellum
1272 1432 1413 1458 meum
1432 1420 1545 1471 apud
1564 1421 1847 1470 promiscuam

246 1469 578 1509 multitudinem.
628 1470 766 1518 Quam
782 1472 847 1510 vir
861 1473 917 1510 sit
932 1471 1055 1511 fortis
1072 1472 1295 1519 Lutherus,
1313 1474 1467 1512 nescio.
1520 1473 1601 1512 Hic
1623 1473 1746 1513 nobis
1768 1473 1847 1513 hoc

244 1536 405 1562 nouum
416 1524 695 1575 Euangelium
709 1526 844 1576 gignit
856 1538 1017 1564 nouum
1031 1526 1251 1565 hominum
1264 1540 1408 1578 genus,
1420 1527 1695 1578 praefractos,
1710 1529 1845 1579 impu-

243 1577 405 1625 dentes,
420 1577 600 1625 fucatos,
617 1579 856 1626 maledicos
872 1580 1108 1627 mendaces,
1124 1581 1424 1632 sycophantas,
1439 1582 1550 1621 inter
1563 1595 1605 1620 se
1619 1582 1845 1630 discordes,

243 1631 347 1670 nulli
364 1632 621 1678 commodos,
639 1633 837 1672 omnibus
856 1634 1160 1681 incommodos,
1178 1635 1413 1682 seditiosos,
1434 1635 1627 1683 furiosos,
1650 1636 1820 1675 rabulas
1837 1649 1844 1682 ;

182 1701 225 1732 90
244 1686 317 1737 qui
332 1686 435 1725 mihi
455 1686 562 1725 adeo
580 1686 806 1737 displicent
822 1692 884 1735 vt,
900 1689 933 1726 si
949 1701 1079 1739 quam
1099 1702 1265 1727 nossem
1283 1690 1503 1728 ciuitatem
1524 1689 1578 1728 ab
1598 1690 1677 1729 hoc
1697 1703 1846 1741 genere

242 1739 431 1787 liberam,
466 1753 515 1779 eo
547 1740 837 1792 demigrarem.
900 1742 963 1781 De
994 1742 1126 1781 libero
1158 1743 1334 1782 arbitrio
1365 1744 1469 1782 nihil
1502 1745 1647 1795 scripsi
1679 1749 1848 1795 praeter

243 1795 373 1833 animi
393 1796 649 1834 sententiam
670 1809 678 1842 ;
713 1797 757 1834 in
776 1795 922 1835 multis
941 1797 1032 1835 aliis
1052 1810 1076 1835 a
1096 1797 1282 1836 Luthero
1301 1797 1617 1845 dissentiebam,
1638 1798 1712 1837 sed
1732 1812 1844 1837 vere-

244 1847 319 1887 bar
344 1849 606 1900 impugnare,
633 1862 686 1888 ne
712 1849 876 1889 fructus
902 1850 1027 1890 huius
1053 1852 1265 1890 tumultus
1291 1865 1385 1891 mea
1411 1854 1566 1904 periret
1593 1865 1732 1904 opera.
1789 1852 1844 1892 Et

243 1903 314 1942 isti
355 1903 499 1942 stolidi
538 1905 741 1943 iactitant
782 1917 849 1943 me
890 1906 1045 1944 sentire
1087 1919 1183 1945 cum
1225 1906 1425 1953 Luthero,
1469 1911 1684 1946 caeterum
1726 1912 1843 1946 metu

180 1971 221 2003 95
241 1956 518 1997 dissimulare.
566 1957 768 2010 Egregius
786 1972 886 1998 vero
902 1959 1073 1999 futurus
1091 1961 1169 1999 sim
1187 1965 1364 2012 martyr,
1383 1962 1417 2000 si
1434 1962 1475 2000 in
1494 1962 1676 2013 gratiam
1693 1960 1844 2000 talium

242 2010 502 2051 nebulonum
527 2013 709 2052 mentiar
731 2014 775 2052 in
800 2018 930 2065 caput
955 2027 1109 2053 meum.
1164 2014 1274 2054 Sunt
1297 2015 1413 2066 apud
1436 2020 1650 2055 nostrates
1674 2015 1844 2067 plurimi

570 2122 622 2160 64.
650 2119 923 2154 Vualshutenses
942 2121 984 2153 N.

285 2267 339 2304 64.
365 2264 673 2304 Vualshoetenses]
692 2264 764 2297 The
782 2264 954 2297 followers
975 2266 1011 2297 01

243 2308 360 2341 Balth.
385 2308 579 2341 Hubmaier
601 2309 670 2347 (see
691 2308 756 2350 Ep.
779 2311 914 2349 154on)‚
934 2310 1011 2341 who

241 2352 296 2384 till
329 2361 409 2393 1525
442 2362 512 2384 was
542 2356 663 2394 pastor
685 2352 722 2384 of
751 2351 939 2385 Waldshut
967 2364 1010 2385 on

242 2395 303 2428 the
319 2396 433 2428 Rhine
448 2395 561 2428 above
578 2395 691 2427 Basle.

285 2441 338 2480 65.
366 2438 555 2477 Phallicus]
570 2438 619 2471 Cf.
635 2439 700 2480 Ep.
720 2447 813 2479 1510.
831 2440 885 2470 811.

328 2482 450 2515 Monte
488 2482 688 2521 Bellicardi]
727 2482 830 2514 From
869 2483 932 2514 xic.
972 2488 1010 2515 to

244 2534 327 2567 1397
343 2525 578 2558 Montbeliard
594 2526 663 2558 had
681 2526 767 2558 been
783 2536 827 2558 an
843 2526 1007 2568 indepen-

238 2569 325 2601 dent
338 2574 472 2610 county
488 2581 496 2607 ;
524 2570 589 2601 but
600 2570 630 2601 it
643 2580 713 2601 was
726 2579 803 2601 now
817 2570 1009 2602 connected

239 2612 325 2645 with
341 2613 401 2645 the
417 2613 577 2645 domains
593 2612 629 2645 01
645 2613 705 2645 1110
722 2612 841 2644 Dukes
857 2612 893 2644 01
909 2613 1006 2645 Wur-

238 2656 393 2698 temberg
412 2668 419 2688 :
449 2656 491 2687 01.
511 2656 574 2696 Ep.
596 2665 690 2697 1519.
707 2665 782 2695 9411.

283 2702 336 2739 83.
352 2699 395 2731 de
410 2699 559 2738 medico]
574 2699 767 2740 Evidently
779 2709 875 2731 some
890 2700 1007 2741 physi-

237 2743 315 2774 cian
329 2746 369 2775 at
384 2742 485 2775 Basle
499 2743 537 2775 of
550 2743 663 2775 whom
680 2742 846 2775 Erasmus
861 2743 931 2775 had
945 2747 1010 2775 not

239 2786 342 2818 much
356 2787 522 2828 opinion:
552 2786 594 2818 cf.
614 2786 702 2828 Epp.
724 2787 819 2827 1564,
839 2794 933 2827 1735.

283 2832 336 2869 84.
362 2828 593 2868 ecclesiastes]
608 2829 922 2871 oecolampadius:
951 2840 1007 2862 see

240 2871 329 2913 Epp.
352 2882 444 2914 1523.
469 2883 606 2912 104—10,
627 2875 721 2914 1526.
741 2882 814 2912 231.

284 2916 336 2956 87.
361 2925 493 2948 nouum
536 2914 784 2958 Euangelium]
827 2915 1003 2948 Erasmus’

1123 2122 1176 2161 83.
1202 2122 1254 2154 N:
1284 2122 1452 2156 aberrarit
1470 2123 1515 2155 H.

1074 2266 1185 2298 which
1199 2265 1235 2298 01
1249 2275 1367 2298 course
1381 2266 1543 2299 offended
1558 2266 1617 2299 the
1631 2266 1840 2300 Reformers.

1074 2308 1184 2341 When
1201 2309 1369 2342 attacked
1385 2319 1481 2342 some
1496 2320 1597 2352 years
1611 2310 1701 2343 later
1718 2310 1765 2352 by
1781 2310 1841 2344 the

1071 2352 1259 2394 Strasburg
1284 2357 1402 2395 party,
1429 2353 1470 2385 he
1494 2358 1631 2395 reports
1654 2353 1707 2386 his
1730 2354 1841 2387 words

1072 2396 1151 2428 here
1167 2406 1205 2428 as
1221 2396 1365 2433 follows,
1383 2396 1556 2438 probably
1572 2397 1723 2429 without
1739 2397 1839 2440 being

1072 2441 1253 2471 conscious
1272 2439 1309 2471 of
1329 2439 1388 2472 the
1409 2441 1542 2482 change
1562 2440 1604 2472 he
1623 2441 1693 2472 had
1714 2441 1838 2473 made:

1074 2482 1081 2495 ⁴
1096 2482 1138 2514 In
1151 2483 1301 2524 epistola
1313 2483 1358 2515 ad
1372 2483 1609 2516 Aurbachium
1623 2484 1838 2517 Stromerum

1071 2527 1203 2567 scripsi,
1228 2527 1330 2558 nobis
1357 2537 1399 2558 ex
1427 2527 1491 2559 hoc
1523 2527 1715 2569 Euangelio
1745 2537 1839 2560 nouo

1068 2571 1165 2612 gigni
1175 2580 1285 2612 genus
1298 2570 1477 2602 hominum
1491 2570 1585 2611 quod
1599 2570 1683 2602 mihi
1696 2571 1837 2603 minime

1070 2613 1233 2654 placeret.
1284 2613 1350 2645 Hic
1376 2613 1480 2645 homo
1505 2613 1708 2646 dialecticus
1732 2619 1838 2656 putat

1068 2667 1176 2698 graue
1221 2658 1349 2688 crimen
1393 2657 1584 2689 admissum
1628 2657 1723 2698 quod
1766 2668 1836 2690 non

1069 2700 1215 2732 dixerim
1243 2711 1286 2732 ex
1314 2701 1493 2732 occasione
1521 2700 1704 2743 Euangelii
1729 2702 1836 2743 gigni,

1069 2754 1177 2785 quum
1200 2744 1355 2784 ipsorum
1378 2743 1610 2785 Euangelium
1632 2745 1706 2776 sine
1729 2744 1836 2777 dubio

1068 2788 1115 2819 sit
1148 2786 1380 2828 Euangelium
1414 2786 1554 2819 Christi.
1589 2811 1596 2819 .
1633 2811 1641 2818 .
1677 2811 1684 2819 .
1721 2787 1834 2820 Deum

1067 2829 1312 2867 immortalem,
1388 2834 1524 2871 quanta
1599 2829 1835 2863 calumniandi

1066 2873 1200 2906 scabies
1245 2874 1337 2906 hunc
1380 2878 1491 2909 tenet,
1525 2874 1586 2916 qui
1630 2884 1648 2905 0
1692 2873 1836 2915 syllabis

1067 2921 1217 2949 venatur
1258 2915 1353 2959 quod
1395 2916 1537 2949 arrodat
1554 2919 1562 2948 !
1578 2916 1586 2929 ’
1631 2916 1746 2958 (Resp.
1789 2914 1834 2947 ad

238 2967 370 2999 powers
388 2959 425 2990 of
441 2959 706 3001 sels-deception
723 2961 759 2992 in
779 2963 1006 3001 controversy
1059 2959 1186 3000 fratres
1199 2959 1304 2992 Germ.
1321 2959 1433 3001 infer„
1451 2959 1628 3002 Freiburg,
1645 2958 1670 2992 J
1671 2970 1702 2992 o.
1722 2959 1834 2992 Faber

239 3001 321 3086 igiiy
338 3001 605 3077 {pglhmtraoed
628 3046 717 3077 from
742 3047 813 3078 this
835 3057 1004 3088 passage3

420 3026 426 3033 .
465 3004 541 3040 936.
584 3004 702 3040 16-18‚
740 3011 815 3043 950.
859 3005 1004 3043 11—12n)
1066 3003 1244 3042 Emmeus,
1267 3013 1342 3041 aa„
1365 3006 1416 3043 <0.
1442 3012 1454 3035 1
1481 3003 1569 3046 Aug.
1596 3005 1725 3045 ¹530>³
1760 3002 1830 3036 LB.

1065 3049 1189 3086 x.1619
1203 3049 1268 3087 1111.)
