2012 3370
128 177 251 227 1362]
555 174 714 214 FROM
742 173 897 214 JOHN
927 173 1095 213 LOUIS
1125 171 1293 211 VIVES
1640 169 1719 209 283

126 288 283 338 alioqui
299 287 486 339 significa
502 299 575 338 per
591 286 748 337 primas
764 285 906 323 literas
927 297 935 330 3
969 283 1188 322 mittemus
1205 282 1300 321 alio.
1345 281 1494 331 Neque
1511 292 1610 318 vero
1627 283 1718 318 tam

126 355 193 381 me
208 342 432 381 immodice
448 342 538 393 ipse
553 353 650 379 amo
667 343 718 379 vt
733 352 830 378 cum
848 338 1004 377 damno
1022 337 1219 376 Frobenii
1234 335 1361 375 velim
1378 348 1430 374 ex
1447 335 1536 373 eius
1553 333 1720 372 officina
1738 343 1777 382 65

127 396 292 447 prodire
309 397 537 447 quicquam
554 406 696 433 meum
716 406 724 432 z
758 406 845 432 non
862 397 927 432 est
944 393 1002 431 sic
1019 391 1087 430 ille
1105 391 1157 430 de
1175 404 1242 430 me
1260 390 1448 429 meritus.
1495 388 1650 439 Itaque
1667 400 1720 426 ne

127 454 250 501 putet
268 463 335 490 me
353 450 432 489 sibi
448 450 605 488 iratum
622 447 724 494 fore,
744 448 779 486 si
797 461 891 486 mea
908 460 994 486 non
1012 445 1191 485 ediderit
1211 458 1219 491 ;
1253 445 1385 483 faciat
1401 442 1518 494 quod
1535 442 1720 482 maxime

125 505 168 542 in
187 517 276 544 rem
295 517 416 543 suam
435 516 522 543 esse
541 502 695 542 credet.

180 559 262 599 Sed
286 559 415 597 nimio
440 558 561 609 plura
584 556 636 595 de
661 556 782 607 nugis
807 559 850 594 et
875 555 930 594 ad
954 558 1010 593 te.
1064 554 1129 593 De
1153 553 1280 592 titulo
1307 554 1343 601 <,
1370 564 1516 591 vereor
1540 563 1593 590 ne
1616 550 1721 589 liber

126 626 244 652 meus
267 612 437 652 recedat
456 612 722 662 aliquantum
742 610 797 648 ab
816 609 1083 659 insstituto>.
1137 607 1227 658 Ego
1248 620 1347 645 vero
1367 609 1588 645 sexcentos
1608 617 1719 644 com·
1737 621 1782 653 70

126 667 276 707 misero
306 668 351 706 in
381 665 599 706 scribendo
629 664 894 703 soloecismos
926 663 1032 702 bene
1063 661 1246 707 adultos,
1278 661 1407 699 etiam
1440 658 1719 711 Egmondano

126 721 334 768 ridiculos,
355 720 481 760 modo
501 733 553 759 ne
575 721 759 760 Βασιλεὺς
777 730 910 756 vnum
929 717 974 755 in
993 715 1134 755 dando
1155 728 1163 754 ε
1199 728 1285 754 11011
1304 718 1395 753 16111
1415 714 1564 753 misere
1583 726 1718 765 gram-

125 775 303 815 maticos
322 778 479 814 metuo.
528 774 692 813 Romae
710 785 796 812 non
816 772 966 810 dubito
986 771 1090 822 quin
1109 770 1165 808 sis
1184 769 1328 808 omnia
1346 772 1588 819 reperturus
1608 780 1718 806 com-

126 833 244 869 mota
261 833 305 868 et
321 829 509 876 turbata,
528 827 774 880 praesertim
793 825 946 865 Rhodo
965 828 1104 876 capta.
1151 823 1216 862 De
1232 823 1370 862 Turca
1387 823 1543 861 timent
1560 834 1719 867 omnes,

124 897 177 923 ne
190 884 398 935 impetum
412 886 636 923 conuertat
648 882 693 920 in
707 881 890 921 Siciliam
905 884 949 919 et
963 879 1148 918 Italiam.
1191 877 1256 917 De
1270 876 1434 916 Budaei
1448 888 1620 915 munere
1635 889 1720 914 non
1739 894 1756 924 7
1763 893 1777 925 5

124 941 215 977 tam
234 938 393 977 laetum
413 941 479 976 est
497 950 626 988 quam
647 936 698 975 de
718 934 962 974 valetudine
982 934 1070 973 eius
1089 933 1211 972 triste
1230 945 1240 979 ;
1276 931 1331 971 ad
1350 931 1468 969 illum
1488 930 1553 969 his
1573 929 1721 968 diebus

124 1005 283 1043 scripsi.

179 1045 319 1094 Quum
344 1046 447 1085 haec
472 1045 742 1096 scripsissem,
767 1043 909 1083 faetus
932 1042 1063 1082 literis
1084 1041 1315 1080 amicorum
1335 1039 1487 1079 certior
1508 1037 1722 1090 Opuscula

125 1113 219 1139 mea
242 1113 327 1139 non
351 1113 440 1139 esse
464 1113 489 1138 a
513 1099 721 1138 Frobenio
746 1111 913 1144 excusa,
939 1100 984 1136 et
1006 1096 1060 1135 N.
1086 1095 1223 1135 dicere
1246 1098 1290 1134 te
1315 1094 1493 1133 authore
1517 1093 1720 1131 reiectum

124 1168 150 1193 a
163 1154 371 1194 Frobenio
385 1154 539 1193 librum
561 1167 568 1192 :
599 1166 685 1204 qua
698 1153 751 1192 de
765 1165 808 1192 re
822 1152 1078 1203 scripturum
1092 1154 1136 1189 te
1150 1149 1254 1189 mihi
1268 1161 1342 1200 per
1355 1147 1578 1194 famulum,
1593 1159 1720 1198 quem
1739 1156 1784 1187 80

124 1209 269 1258 paucis
290 1208 438 1248 diebus
459 1208 541 1247 huc
562 1209 720 1247 mittes.
771 1206 829 1245 Et
849 1218 1096 1257 quanquam
1116 1217 1204 1243 non
1223 1203 1367 1254 magni
1380 1206 1459 1241 tua
1472 1201 1602 1241 refert
1616 1201 1721 1252 quid

123 1263 212 1313 ipse
230 1262 281 1301 de
298 1263 377 1302 hoc
394 1263 509 1301 facto
528 1262 709 1308 credam,
729 1265 887 1307 tamen,
906 1261 941 1298 si
958 1272 1043 1310 qua
1060 1262 1126 1298 est
1142 1258 1246 1297 mihi
1263 1257 1379 1308 apud
1395 1260 1439 1296 te
1456 1255 1573 1303 fides,
1592 1255 1719 1294 velim

123 1317 337 1356 existimes
357 1330 424 1355 me
442 1316 547 1354 illud
559 1329 645 1354 non
657 1315 836 1361 credere,
851 1327 937 1353 non
949 1314 1029 1352 etsi
1040 1313 1135 1364 quis
1148 1312 1324 1351 dixisset
1336 1310 1718 1362 spectatiss<imae>

122 1369 233 1418 fidei,
267 1374 430 1422 quanto
467 1370 605 1409 minus
642 1383 668 1408 a
702 1369 756 1408 N.
789 1368 1040 1420 profectum.
1102 1367 1289 1406 Tantum
1321 1365 1467 1411 adieci,
1508 1368 1558 1403 vt
1593 1364 1718 1402 scires

122 1425 175 1464 N.
197 1424 388 1463 nondum
409 1428 596 1463 mutasse
616 1436 765 1462 mores.
815 1422 859 1462 Si
879 1422 1018 1461 dicam
1039 1434 1107 1460 me
1126 1433 1213 1459 non
1233 1419 1501 1470 aliquantum
1523 1417 1718 1464 doluisse,
1738 1427 1776 1468 85

123 1479 305 1518 mentiar
324 1492 332 1525 ;
371 1478 446 1518 sed
469 1479 609 1517 minus
630 1477 774 1516 forsan
797 1489 928 1528 quam
952 1475 1021 1514 alii
1045 1473 1252 1514 eiusmodi
1274 1473 1399 1512 rebus
1423 1472 1599 1511 soleant.
1652 1471 1719 1510 Ex

122 1533 208 1572 tuis
223 1533 354 1572 literis
370 1532 513 1584 aliqua
529 1536 621 1572 erat
636 1545 730 1584 spes
751 1545 759 1579 ;
791 1543 892 1570 nam
908 1529 1120 1569 scribebas
1136 1528 1393 1568 Frobenium
1408 1527 1609 1566 libentius
1625 1539 1720 1565 mea

121 1587 436 1639 impressurum,
481 1587 516 1626 si
559 1587 612 1626 N.
659 1586 867 1637 acciperet
911 1585 1171 1630 societatem,
1217 1583 1339 1634 quasi
1383 1580 1718 1633 subsignificares

121 1642 435 1694 impressurum.
484 1641 607 1681 Nunc
626 1640 814 1692 intelligo
833 1653 909 1678 nec
929 1652 996 1678 me
1015 1652 1092 1678 nec
1111 1651 1206 1677 mea
1225 1650 1314 1676 esse
1332 1636 1446 1676 tanti
1464 1640 1515 1674 vt
1532 1636 1576 1674 in
1595 1639 1720 1674 tanta

121 1696 324 1736 librorum
347 1696 555 1735 varietate
577 1696 693 1735 locus
716 1695 772 1734 sit
794 1698 884 1733 tam
908 1694 1058 1745 exiguo
1081 1692 1188 1731 libro
1211 1691 1334 1738 vllus,
1358 1691 1439 1729 nisi
1462 1690 1516 1728 ad
1539 1690 1720 1740 primam
1739 1707 1785 1739 90

123 1751 339 1802 praeconis
353 1763 501 1790 vocem
514 1749 726 1789 vendatur
746 1763 753 1788 ε
784 1749 864 1788 6161
876 1747 995 1786 11111111
1009 1746 1329 1786 vendibiliorem
1342 1744 1510 1784 fecisset
1522 1744 1721 1783 Frobenii

122 1805 301 1852 officina,
323 1809 374 1844 Vt
392 1804 611 1845 Somnium
630 1803 745 1850 fecit,
766 1807 810 1842 et
827 1803 872 1841 in
891 1801 1118 1842 Germania
1136 1805 1228 1839 tam
1247 1799 1337 1838 lata
1355 1803 1531 1849 tamque
1551 1797 1722 1837 differta

122 1859 334 1905 studiosis,
364 1859 409 1898 in
437 1872 522 1910 qua
550 1858 654 1910 quid
682 1871 768 1896 non
797 1856 1082 1896 distrahitur?
1144 1853 1357 1906 Opuscula
1385 1852 1595 1904 quaedam
1625 1865 1719 1891 mea

123 1914 289 1952 curauit
315 1914 409 1952 istic
436 1913 596 1952 Beatus
624 1912 719 1958 edi;
763 1924 944 1962 quorum
971 1923 1024 1949 116
1051 1922 1183 1948 vnum
1211 1908 1383 1960 quidem
1411 1907 1626 1958 exempla-r
1652 1906 1718 1945 hic

123 1967 319 2007 vidimus.
369 1967 579 2019 Equidem
600 1966 754 2006 falsum
775 1979 842 2004 me
863 1965 1060 2016 opinione
1081 1963 1304 2014 comperio.
1354 1962 1466 2001 Nam
1487 1962 1561 2013 qui
1582 1965 1631 1999 vt
1652 1974 1718 2000 1116
1737 1978 1776 2011 95

122 2035 208 2061 non
223 2022 269 2061 in
285 2022 500 2061 orchestra
517 2021 659 2060 sedere
677 2020 874 2066 sciebam,
893 2020 951 2058 sic
970 2018 1025 2058 ad
1042 2017 1365 2069 quatuordecim
1384 2015 1619 2055 ascendisse
1631 2015 1716 2054 iam

122 2076 190 2115 vel
213 2076 451 2115 arbitrabar
473 2075 541 2115 vel
563 2075 799 2126 cupiebam,
824 2087 935 2112 nunc
958 2074 1002 2111 in
1024 2072 1197 2124 plebeiis
1220 2071 1272 2110 de
1294 2071 1518 2122 postremis
1540 2083 1608 2109 me
1631 2083 1719 2108 esse

122 2131 271 2169 sentio.
342 2130 377 2170 O
411 2143 541 2181 quam
572 2143 669 2168 vere
700 2142 826 2168 censu
856 2128 1177 2178 distinguuntur
1210 2125 1390 2172 ordines,
1425 2125 1555 2164 etiam
1593 2124 1718 2163 huius

166 2220 219 2257 69.
246 2216 291 2247 ad
308 2229 326 2246 α
344 2228 350 2248 :
381 2216 424 2247 de
439 2216 543 2248 Lond.

123 2270 175 2300 92.
201 2259 342 2291 differta
359 2260 420 2291 LB
435 2271 442 2292 ι
474 2260 605 2291 diserta
622 2272 652 2290 α.

938 2214 989 2244 De
1005 2211 1112 2244 titulo
1127 2224 1135 2244 z
1165 2222 1228 2254 ego
1245 2225 1275 2243 α.
1317 2211 1435 2253 Liquet
1449 2211 1558 2243 deesse
1573 2209 1714 2251 aliquid.

948 2363 1073 2394 thence
1093 2365 1130 2394 to
1150 2361 1290 2403 Wolsey
1310 2365 1445 2402 reports
1465 2360 1545 2391 that
1567 2358 1614 2391 ‘if
1635 2360 1715 2392 that

946 2406 1061 2438 island
1081 2415 1169 2438 were
1190 2405 1310 2443 taken,
1331 2405 1392 2436 the
1413 2405 1507 2446 Pope
1528 2403 1631 2435 could
1651 2408 1715 2435 not

947 2454 1028 2491 stay
1045 2450 1082 2481 in
1100 2450 1225 2487 Rome,
1243 2459 1309 2481 nor
1326 2448 1429 2480 could
1447 2458 1517 2488 any
1536 2447 1653 2488 prince
1672 2447 1714 2478 be

946 2494 982 2524 in
1017 2493 1252 2535 tranquillity,
1287 2502 1325 2523 as
1357 2492 1387 2523 it
1419 2491 1448 2522 is
1483 2491 1543 2522 tho
1577 2490 1645 2531 key
1680 2490 1714 2521 of

121 2364 285 2440 ffirtens’
302 2364 440 2396 volume
454 2367 524 2405 (see
539 2365 604 2406 Ep.
618 2374 681 2405 927
696 2364 843 2404 introd.)
857 2364 885 2394 is

165 2418 488 2495 xltnEgmondano]
502 2452 563 2484 See
578 2452 642 2494 Ep.
659 2452 734 2492 878.
753 2460 827 2492 1311.

166 2507 218 2539 72.
256 2495 422 2536 Βασιλεὺς]
477 2496 600 2537 Henry
645 2504 712 2527 v111
727 2507 736 2533 ;
794 2495 884 2526 from

122 2539 235 2571 whom
256 2540 360 2572 Vives
379 2539 560 2581 evidently
579 2538 749 2581 expected
769 2549 790 2570 a
810 2548 884 2580 pre-

119 2586 198 2615 sent
213 2584 250 2615 in
267 2586 387 2615 return
402 2583 458 2616 for
474 2583 534 2615 the
551 2582 752 2615 dedication
770 2585 808 2613 to
825 2582 884 2613 the

122 2628 240 2666 Queen
259 2626 317 2666 (cf.
337 2627 359 2658 l.
381 2628 473 2673 31n).
741 2668 749 2680 ’
819 2668 826 2676 .

121 2669 428 2745 ...Jafflzile
445 2669 765 2754 ggssmaffssffi.
788 2669 883 2752 1¹33}n

124 2765 142 2787 2
188 2767 223 2789 n.

146 2764 216 2844 534.
234 2799 362 2832 Rhodo
369 2798 489 2841 capta]
497 2798 638 2831 Rhodes
646 2798 882 2830 wasinvested

121 2844 168 2885 by
197 2844 257 2876 the
284 2843 397 2876 Turks
424 2844 461 2875 in
490 2843 582 2875 June
614 2851 696 2884 1522
726 2842 797 2873 and
824 2841 882 2873 fell

120 2888 163 2918 28
207 2888 289 2919 Dee.
336 2888 488 2928 (Brewer
530 2886 578 2917 iii.
624 2895 723 2926 2324,
768 2886 881 2925 2841).

119 2931 280 2963 Rumour
302 2931 337 2963 of
359 2930 431 2963 this
452 2929 600 2962 reached
622 2929 734 2962 Rome
758 2938 775 2969 3
800 2929 881 2960 Jan.

123 2983 204 3016 1523
229 2974 299 3007 and
316 2973 485 3016 Antwerp
503 2982 538 3015 15
562 2973 643 3005 Feb.
663 2972 761 3013 (ibid.
782 2972 881 3013 2758,

119 3018 230 3059 2833).
288 3018 361 3050 The
393 3018 462 3050 loss
495 3028 565 3049 was
597 3015 764 3057 regarded
797 3026 882 3057 very

119 3061 261 3103 gravely
278 3062 316 3093 in
335 3061 458 3093 Rome.
502 3061 556 3094 On
579 3069 616 3102 13
638 3060 718 3093 Jan.
740 3070 760 3091 a
779 3059 884 3092 letter

947 2537 1193 2569 Christendom
1207 2537 1240 2575 ’3
1277 2535 1348 2567 and
1371 2545 1416 2567 on
1439 2543 1483 2566 20
1506 2533 1588 2566 Feb.
1614 2534 1713 2565 Cam-

947 2579 1242 2665 ὲῗὲἰζοῗῖοὲῗὲἒζ
1258 2578 1435 2654 ΐὲἔὲἕὲιῗὲἓ
1444 2577 1573 2661 ἶὸἷῗιῖἒζ
1586 2576 1713 2661 Wss¹7¹7¹³1⁰

992 2669 1048 2754 ἐξ.)
1070 2709 1220 2749 Β1111661]
1238 2709 1289 2741 Cf.
1307 2709 1372 2750 Ep.
1397 2708 1490 2748 1328.
1513 2717 1543 2748 3,
1566 2716 1667 2748 551111.

992 2765 1043 2797 77.
1068 2753 1206 2794 scripsi]
1222 2752 1295 2784 The
1312 2752 1416 2783 letter
1431 2751 1460 2782 is
1477 2754 1541 2783 not
1557 2755 1694 2783 extant.

991 2808 1043 2837 92.
1070 2795 1266 2834 Somnium]
1281 2795 1331 2828 Cf.
1347 2795 1368 2826 l.
1385 2799 1437 2838 46.

991 2851 1043 2882 93.
1070 2839 1261 2881 Opuscula]
1279 2839 1310 2871 A
1328 2839 1494 2870 selection
1512 2838 1602 2870 from
1621 2838 1710 2870 Mar-

947 2884 1034 2915 tcus’
1055 2883 1195 2915 volume
1215 2883 1273 2923 (cf.
1292 2882 1357 2924 Ep.
1374 2892 1438 2923 927
1455 2882 1614 2922 introd.),
1630 2893 1709 2914 con—

946 2927 1080 2969 taining
1105 2927 1165 2959 the
1190 2927 1279 2959 Adu.
1306 2925 1625 2958 Pseudodialecticos
1650 2926 1708 2965 (cf.

946 2971 1011 3011 Ep.
1026 2980 1038 3002 1
1049 2971 1120 3002 108.
1132 2972 1192 3010 7n)
1206 2970 1275 3001 and
1287 2968 1623 3010 Pompeiusfuqiens,
1637 2980 1708 3002 was

943 3014 1084 3057 printed
1107 3017 1146 3046 at
1169 3013 1403 3046 Schlettstadt
1427 3013 1473 3054 by
1491 3013 1528 3044 L.
1548 3013 1706 3051 Schurer,

944 3058 1037 3091 June
1058 3066 1153 3099 1520.
