2012 3370
171 149 292 200 1381]
767 150 840 190 TO
871 150 1078 189 HENRY
1109 151 1216 190 VIII
1682 154 1757 192 317

166 260 422 309 expositum,
457 259 531 298 sed
564 259 712 297 efficax
746 259 781 297 si
813 260 908 309 quis
941 263 991 298 vt
1024 265 1195 311 oportet
1227 263 1482 313 sumpserit:
1533 267 1583 301 vt
1616 267 1761 302 autem

166 313 329 352 Vtiliter
349 326 504 360 sumas,
526 313 750 364 praecipue
770 317 962 363 praestat
981 313 1137 353 fiducia
1156 329 1254 367 erga
1275 316 1500 355 medicum.
1549 316 1637 356 Nec
1658 319 1762 356 satis

169 371 234 406 est
262 372 481 419 gustasse3
524 367 819 407 traiiciendum
849 372 914 406 est
941 369 985 406 in
1013 370 1187 416 viscera,
1218 375 1268 409 vt
1295 371 1516 410 stomacho
1544 376 1762 423 receptum
1786 386 1848 419 170

168 434 242 472 per
257 435 402 461 omnes
415 435 545 461 venas
559 422 646 460 vim
660 434 781 460 suam
796 421 1024 462 diffundat.
1066 424 1176 462 Tum
1190 424 1362 463 demum
1376 427 1526 476 incipit
1540 430 1763 465 concutere

167 480 310 515 totum
342 477 555 516 hominem
589 475 686 514 odio
718 476 922 526 pristinae
954 478 1098 516 vitae:
1148 478 1222 517 sed
1255 479 1364 517 hanc
1398 480 1762 531 perturbationem

168 532 360 580 sequitur
378 544 533 581 magna
552 531 682 568 animi
702 530 1003 581 tranquillitas.

223 585 398 624 Habent
421 597 643 636 corporum
668 584 820 623 medici
845 586 1066 635 empiricos
1092 590 1135 625 et
1159 587 1511 639 pharmacopolas
1536 591 1640 628 artis
1665 602 1765 628 suae

167 640 395 686 ministros,
415 640 496 690 ipsi
516 639 810 690 praescribunt
829 640 933 690 quid
953 640 1144 678 dandum
1163 642 1220 679 sit
1240 644 1434 692 aegrotis.
1485 643 1555 682 Ita
1575 643 1766 682 Christus
1788 657 1845 690 175

167 706 277 732 Vnus
304 698 370 732 est
396 695 470 744 qui
497 694 767 744 praescripsit
794 693 944 732 salutis
971 699 1169 734 aeternae
1195 696 1443 735 remedium.
1500 698 1695 748 Apostoli
1723 703 1765 736 et

166 747 317 786 horum
343 761 600 787 successores
625 748 811 798 episcopi
835 752 1008 787 tantum
1035 750 1218 788 ministri
1243 755 1356 797 sunt,
1385 752 1577 798 miscent,
1605 757 1764 798 terunt,

167 801 400 841 admouent
413 815 499 841 non
515 815 591 841 sua
605 802 836 853 pharmaca
850 802 924 841 sed
939 803 1095 842 Christi
1115 817 1122 847 ;
1154 805 1329 855 tingunt
1343 817 1469 856 aqua,
1486 806 1560 844 sed
1576 806 1767 846 Christus

167 856 305 895 abluit
330 857 519 896 animum
540 870 548 903 ;
591 856 747 895 docent
772 869 882 908 quae
909 857 1100 896 Christus
1125 859 1228 909 ipsis
1253 859 1446 905 tradidit,
1476 860 1549 899 sed
1576 861 1767 900 Christus

166 911 256 960 ipse
275 910 381 950 facit
399 915 450 950 vt
468 924 605 950 sermo
623 911 791 950 fflorum
811 912 868 950 sit
887 912 1049 951 efficax.
1099 912 1332 964 Corporum
1352 914 1505 953 medici
1524 914 1768 966 frequenter
1790 920 1851 951 180

167 966 338 1004 variant
359 969 404 1004 et
424 967 469 1004 in
490 965 734 1004 morborum
756 965 923 1005 iudiciis
944 970 988 1005 et
1009 968 1053 1005 in
1075 968 1410 1018 praescribendis
1431 969 1640 1015 remediis,
1664 982 1766 1008 non-

167 1032 387 1070 nunquam
407 1024 451 1059 et
470 1033 547 1071 pro
566 1020 762 1059 remediis
782 1021 1078 1071 praescribunt
1093 1035 1270 1069 venena,
1292 1023 1416 1062 iuxta
1431 1023 1595 1062 dictum
1617 1023 1766 1063 Graeci

167 1078 320 1124 poetae
340 1087 348 1113 z

355 1147 538 1196 Φάρμακα
566 1148 695 1184 πολλὰ
722 1149 790 1196 μὲν
820 1148 943 1186 ἐσθλὰ
971 1150 1196 1199 μεμιγμένα,
1227 1151 1358 1187 πολλὰ
1388 1150 1425 1188 δὲ
1455 1152 1586 1202 λυγρά..

167 1214 348 1254 Vnicum
363 1220 507 1254 autem
523 1215 805 1267 Euangelicae
818 1217 1052 1256 medicinae
1065 1219 1375 1270 praescriptum
1390 1224 1467 1266 est,
1484 1219 1599 1270 quod
1614 1233 1639 1258 a
1653 1219 1770 1258 nullo
1792 1224 1849 1266 185

167 1270 412 1308 mortalium
437 1271 649 1321 corrumpi
673 1270 829 1310 debeat
852 1275 929 1310 aut
953 1273 1124 1311 mutari.
1178 1273 1372 1324 Denique
1396 1274 1576 1325 simplex
1600 1278 1678 1321 est,
1705 1279 1767 1320 vt,

168 1325 202 1362 si
234 1328 399 1363 cessent
429 1324 487 1362 hii
519 1337 626 1375 quos
650 1325 878 1376 oportebat
904 1326 1031 1365 huius
1061 1327 1280 1377 pharmaci
1307 1329 1523 1367 ministros
1554 1342 1656 1375 esse,
1689 1328 1769 1367 sibi

167 1379 346 1429 quisque
363 1379 499 1429 possit
515 1391 692 1425 sumere,
712 1379 840 1418 modo
858 1379 972 1419 adsit
989 1382 1155 1420 animus
1173 1381 1320 1429 fidens,
1340 1395 1541 1434 syncerus
1559 1387 1603 1422 et
1621 1383 1770 1422 salutis

168 1432 333 1471 auidus.
390 1433 503 1471 Nam
532 1437 576 1471 et
603 1446 794 1472 summus
822 1434 891 1472 ille
920 1435 1108 1474 medicus
1137 1437 1210 1486 qui
1239 1436 1353 1475 solus
1381 1441 1524 1476 totum
1553 1437 1768 1476 hominem

167 1499 316 1526 sanare
337 1491 493 1537 potest,
517 1487 747 1538 aliquando
768 1501 842 1539 per
862 1502 906 1527 se
927 1489 1173 1529 conferebat
1193 1492 1438 1539 sanitatem,
1460 1505 1769 1543 nonnunquam
1794 1504 1856 1536 190

167 1545 212 1580 et
231 1554 306 1592 per
326 1540 555 1592 Apostolos
575 1554 624 1580 ac
645 1541 898 1593 Discipulos.

222 1595 316 1634 Iam
337 1599 433 1635 tota
454 1595 713 1635 medicorum
735 1610 802 1635 ars
822 1597 929 1636 duos
949 1599 1219 1649 potissimum
1235 1613 1385 1651 scopos
1400 1600 1554 1640 habet:
1587 1602 1771 1652 primum

169 1653 218 1689 vt
242 1650 413 1696 morbis,
439 1654 484 1689 et
507 1651 562 1689 ab
586 1651 652 1689 his
676 1664 786 1702 quae
810 1653 991 1703 gignunt
1015 1654 1198 1701 morbos,
1225 1667 1402 1705 corpora
1425 1655 1771 1694 liberent—hanc

168 1708 335 1755 partem
380 1705 719 1755 therapeuticam
765 1711 947 1751 vocant;
996 1707 1148 1746 deinde
1194 1713 1244 1747 vt
1288 1709 1445 1748 bonam
1480 1710 1771 1748 valetudinem

169 1763 375 1797 tueantur
394 1772 443 1797 ac
462 1759 592 1798 robur
611 1759 925 1799 addant—eam
945 1763 990 1800 in
1009 1763 1175 1801 ratione
1195 1764 1335 1802 victus
1356 1764 1579 1803 collocant.
1622 1764 1772 1815 Neque
1794 1775 1852 1808 195

168 1814 281 1852 enim
303 1813 454 1852 medici
475 1827 640 1865 semper
660 1819 792 1853 vrunt
812 1819 889 1854 aut
909 1820 1068 1863 secant,
1091 1830 1177 1855 non
1198 1830 1363 1868 semper
1382 1818 1618 1857 infundunt
1638 1832 1770 1857 scam-

169 1868 359 1906 monium
388 1881 474 1919 quo
503 1881 654 1919 corpus
681 1869 950 1916 exhauriant,
982 1871 1290 1921 propemodum
1319 1872 1560 1912 occidentes
1588 1876 1638 1912 vt
1665 1874 1770 1912 viui-

169 1920 310 1969 ficent,
328 1922 402 1961 sed
417 1922 648 1973 aliquando
664 1924 911 1962 ministrant
926 1938 1036 1975 quae
1057 1939 1127 1963 cor
1142 1926 1393 1973 exhilarent,
1411 1928 1515 1977 quin
1531 1931 1575 1966 et
1590 1932 1774 1978 pascunt

169 1975 420 2027 benigniter.
489 1976 559 2015 Ita
598 1977 721 2016 nobis
760 1979 945 2028 primum
985 1979 1312 2019 administratur
1350 1983 1470 2032 potio
1509 1981 1621 2028 fidei,
1663 1995 1772 2033 quae

168 2031 434 2081 poenitentia
462 2032 689 2082 perturbat
717 2033 908 2071 animum
937 2037 982 2072 et
1009 2035 1202 2073 inaniens
1231 2048 1308 2074 nos
1338 2041 1543 2075 exonerat
1571 2038 1770 2087 peccatis.
1791 2046 1859 2070 200

168 2084 269 2123 Mox
296 2085 470 2124 additur
496 2085 774 2136 pharmacum
800 2087 1114 2135 consolationis,
1141 2089 1452 2129 exhortationis
1479 2103 1527 2129 ac
1554 2091 1773 2129 doctrinae

169 2139 444 2190 perfectioris,
494 2140 665 2178 Etenim
687 2142 721 2179 si
742 2141 942 2189 medicus,
965 2146 1247 2194 posteaquam
1269 2157 1421 2195 corpus
1440 2146 1607 2192 inaniit,
1630 2145 1773 2184 subito

168 2193 380 2232 destituat
403 2198 638 2245 aegrotum,
664 2195 897 2245 periculum
922 2201 987 2236 est
1010 2211 1063 2236 ne
1087 2211 1272 2237 vacuum
1297 2212 1346 2237 ac
1371 2199 1533 2238 viribus
1557 2199 1772 2238 defectum

170 2249 306 2286 maior
325 2248 468 2299 aliqua
488 2249 625 2287 morbi
645 2251 710 2288 vis
729 2250 923 2298 inuadat,
955 2252 1074 2290 Velut
1104 2253 1311 2303 paralysis
1341 2256 1418 2291 aut
1447 2254 1667 2305 apoplexis
1696 2259 1773 2292 aut

169 2302 365 2353 phthisis.
431 2302 501 2341 Ita
536 2308 819 2355 posteaquam
854 2307 1120 2356 poenitentia
1154 2321 1232 2346 nos
1267 2309 1515 2359 prostrauit,
1553 2310 1773 2359 exagitato
1791 2318 1852 2350 205

170 2357 319 2395 morbo
346 2357 586 2408 baptismus
612 2371 690 2397 nos
717 2372 876 2399 vacuos
903 2360 1090 2400 reddidit
1117 2362 1172 2400 ab
1200 2363 1398 2401 omnibus
1425 2364 1624 2413 peccatis,
1654 2363 1770 2401 adhi-

171 2411 326 2450 bentur
341 2425 391 2450 ea
406 2425 516 2463 quae
531 2413 618 2451 iam
633 2412 740 2452 bene
760 2427 945 2453 vacuum
967 2416 1158 2454 animum
1178 2417 1405 2455 salubriter
1424 2417 1645 2468 impleant.
1686 2417 1770 2455 Ex-

170 2465 326 2504 hausta
345 2470 410 2505 est
428 2467 661 2514 iracundia,
681 2467 924 2508 infunditur
942 2469 1095 2509 lenitas
1124 2475 1168 2509 et
1191 2471 1489 2509 mansuetudo.
1548 2471 1772 2509 Exhausta

170 2524 236 2558 est
247 2520 421 2567 inuidia,
431 2521 654 2560 subiicitur
666 2522 837 2562 candor.
869 2523 1094 2563 Exhausta
1106 2529 1171 2563 est
1183 2527 1409 2576 rapacitas,
1422 2525 1610 2564 succedit
1622 2525 1769 2563 libera-

170 2573 281 2613 litas.
313 2574 561 2614 Exhaustus
581 2580 646 2615 est
665 2577 791 2615 ardor
807 2577 1004 2625 bellandi,
1020 2579 1209 2618 succedit
1229 2580 1418 2618 studium
1439 2581 1567 2629 pacis.
1600 2579 1769 2618 Exhau-
1790 2588 1856 2612 210

171 2631 263 2666 stus
283 2633 349 2667 est
368 2642 487 2668 amor
506 2630 781 2681 voluptatum
802 2633 951 2678 carnis,
974 2633 1163 2672 succedit
1182 2647 1301 2672 amor
1320 2647 1459 2672 rerum
1481 2633 1739 2673 coelestium.

226 2682 298 2721 Vis
339 2683 485 2721 audire
525 2686 833 2723 scammonium
875 2686 1179 2737 Euangelicum
1202 2692 1216 2724 ‘3
1289 2688 1601 2726 Poenitcntiam
1644 2690 1769 2739 agite.

173 2736 182 2751 ‘
198 2736 291 2774 Iam
307 2738 462 2775 securis
482 2738 537 2776 ad
556 2738 741 2777 radicem
761 2740 922 2778 arboris
942 2742 1082 2791 posita
1101 2741 1194 2780 cst.9
1251 2742 1308 2780 Et
1325 2742 1333 2756 ⁶
1351 2741 1498 2780 Omnis
1518 2743 1643 2781 arbor
1662 2756 1772 2794 quae

219 2834 289 2866 171.
316 2824 387 2854 vim
404 2834 503 2855 suam
521 2824 699 2856 diffundat
716 2839 734 2865 η
750 2838 756 2857 :
789 2827 841 2857 vis
858 2826 950 2858 illius
967 2827 1188 2859 diffundatur
1203 2841 1233 2859 a.
1330 2831 1399 2862 181.
1426 2830 1460 2860 in
1477 2834 1552 2861 ante
1570 2830 1770 2862 morborum

169 2870 230 2898 (102
261 2878 323 2899 om.
344 2879 367 2898 ε.
443 2870 514 2911 187.
542 2868 591 2900 hii
608 2881 647 2901 a:
675 2869 709 2901 hi
727 2882 759 2910 γ.
834 2881 905 2912 193.
932 2871 1056 2903 liberet
1072 2874 1105 2906 β.
1170 2883 1242 2915 204.
1269 2877 1327 2903 aut
1347 2876 1421 2904 (ιιιίε
1438 2873 1618 2916 apoplexis
1633 2885 1696 2906 om.
1715 2877 1748 2909 β.

220 2996 292 3034 183.
319 2994 459 3036 poetae]
477 2996 579 3028 Hom.
601 2996 658 3029 Od.
677 3006 709 3036 4.
728 3005 803 3037 230.
1006 2999 1110 3030 Luke.
1133 3008 1160 3038 3.
1181 3009 1212 3035 o.

217 3047 290 3080 213.
318 3039 394 3071 Iam
424 3038 567 3078 securis]
597 3040 647 3073 Cf.
681 3040 783 3073 Matt.
819 3050 847 3082 3.
886 3051 935 3080 10,
1049 3042 1172 3074 Omnis
1188 3043 1306 3083 arbor]
1321 3043 1424 3074 Matt.
1444 3055 1474 3087 7.
1496 3051 1547 3083 19.
