2012 3370
275 149 352 187 502
750 145 1003 185 LETTERS
1036 145 1107 185 OF
1138 145 1400 186 ERASMUS
1753 147 1877 195 [1524

278 256 338 295 Β(
328 258 475 319 ginae,
496 256 569 307 qui
587 255 754 302 dixerit,
775 257 950 305 rogatus
968 266 1023 293 an
1040 253 1337 306 intelligeret,‘
1358 253 1542 302 Quinam
1560 254 1673 292 enim
1690 266 1878 305 possum,

275 312 355 351 nisi
374 311 526 362 aliquis
546 309 635 348 dux
655 309 750 347 viae
770 308 873 347 mihi
893 308 1022 347 fuerit
1043 312 1058 347 ‘e
1081 307 1090 323 '
1138 307 1345 360 Aethiops
1364 312 1469 355 erat,
1491 306 1614 347 aulae
1633 307 1881 348 barbaricae

274 364 526 416 praefectus,
550 363 710 402 alienus
731 376 756 401 3
776 362 974 414 religione
995 361 1199 409 Iudaica;
1236 375 1321 402 non
1342 364 1496 402 mirum
1516 362 1552 400 si
1570 375 1657 401 non
1675 361 1878 413 intellige·

194 431 252 463 125
274 420 351 459 bat
378 418 648 469 prophetiam
675 417 728 456 de
755 421 892 456 morte
920 416 1089 462 Christi,
1119 429 1228 468 quae
1255 417 1447 456 nondum
1474 416 1615 455 fuerat
1642 416 1877 468 diuulgata.

275 473 333 512 At
351 473 533 512 eundem
551 471 691 511 locum
711 472 746 510 si
763 484 876 510 nunc
895 471 1009 522 legat
1027 476 1174 518 nauta,
1195 470 1318 511 facile
1337 470 1623 522 suspicabitur
1641 470 1694 509 de
1713 469 1881 510 Christo

272 527 403 579 loqui.
456 526 514 566 Et
536 530 683 566 tamen
705 525 912 577 Aethiops
934 525 1003 565 ille
1025 525 1226 565 laudatur
1250 526 1366 577 quod
1388 525 1536 577 legerit
1559 537 1699 564 sacros
1721 524 1880 570 libr0s;

274 585 318 621 et
341 582 546 633 quoniam
569 581 614 620 in
635 580 770 620 literis
794 580 959 620 arcanis
983 579 1223 620 venabatur
1247 580 1476 626 Christum,
1503 579 1738 630 promeruit
1759 578 1881 619 1110111

274 635 445 675 discere.
499 635 594 674 Hoc
617 634 860 686 exemplum
883 634 970 674 tale
993 638 1058 674 est
1082 639 1132 674 vt
1154 634 1319 674 nullum
1343 634 1478 686 magis
1500 633 1702 672 idoneum
1725 633 1881 672 adduci

194 702 255 733 130
275 690 464 742 potuerit
513 688 793 729 accendendis
841 689 1033 728 omnium
1083 689 1235 728 animis
1284 688 1339 727 ad
1388 688 1613 727 lectionem
1663 699 1879 726 sacrorum

276 743 555 783 voluminum.

329 797 518 837 Adducit
546 802 590 838 et
616 797 736 844 illud,
766 797 883 849 quod
912 797 1102 836 Christus
1132 796 1269 836 turbis
1294 797 1551 848 loquebatur
1578 797 1623 835 in
1652 795 1880 848 parabolis.

275 852 432 892 Verum
452 852 565 892 idem
585 852 707 899 dixit,
731 851 740 867 ⁶
757 852 874 891 Nihil
894 851 1109 891 occultum
1130 851 1252 920 quod,
1271 864 1357 890 non
1376 850 1664 897 reuelabitur,
1657 864 1664 870 ·
1702 855 1746 889 et
1766 849 1882 901 quod

272 908 317 946 in
350 920 451 946 aure
480 906 651 953 auditis,
682 906 927 958 praedicate
955 919 1081 956 supe1
1110 905 1252 945 tecta'
1317 905 1550 944 Parabolae
1585 917 1661 955 pro
1690 908 1883 956 tempore

194 973 251 1006 135
273 961 492 1001 adhibitae
519 966 649 1007 sunt;
691 961 765 999 sed
791 965 960 1000 mortuo
987 960 1172 999 Domino
1198 961 1374 999 scissum
1400 964 1464 998 est
1491 959 1634 998 velum
1660 963 1704 998 et
1729 962 1883 1019 patent

272 1016 417 1055 omnia
445 1014 661 1066 mysteria.
719 1013 891 1065 Alioqui
920 1014 955 1052 si
983 1012 1121 1052 turbis
1149 1012 1255 1051 nihil
1282 1017 1348 1052 est
1376 1011 1701 1063 proponendum
1728 1012 1811 1051 nisi
1837 1012 1881 1050 in

274 1068 500 1121 parabolis,
546 1068 665 1108 nefas
710 1068 791 1107 erit
833 1067 979 1106 idiotis
1023 1080 1233 1117 exponere
1278 1066 1589 1118 Euangelium3
1650 1069 1883 1118 peccarunt

274 1122 587 1174 Euangelistae,
617 1122 691 1173 qui
719 1122 923 1173 mysteria
949 1122 1168 1162 doctrinae
1198 1121 1354 1161 Christi
1380 1121 1526 1173 lingua
1553 1121 1750 1161 omnibus
1777 1123 1882 1160 nota

274 1177 518 1228 vulgarunt.
587 1177 701 1216 Nam
740 1189 790 1216 eo
830 1180 1022 1228 tempore
1062 1177 1194 1215 etiam
1235 1176 1401 1214 coriarii
1440 1181 1484 1214 et
1523 1179 1683 1216 nautae
1723 1173 1881 1214 Graece

194 1245 254 1276 140
275 1231 511 1283 Latineque
538 1231 839 1283 loquebantur,
870 1229 1235 1282 quemadmodum
1262 1243 1340 1269 nos
1370 1229 1635 1270 Hollandice.
1688 1228 1757 1268 An
1779 1229 1882 1281 quia

274 1285 465 1325 Christus
490 1286 714 1337 imperitae
740 1297 790 1325 30
814 1285 939 1324 iuxta
965 1284 1206 1324 maliciosae
1232 1284 1501 1323 multitudini
1526 1283 1782 1336 loquebatur
1808 1295 1883 1345 per

274 1339 512 1391 parabolas,
557 1339 673 1391 quod
715 1340 774 1379 510
817 1338 1038 1401 expediret
1079 1340 1135 1380 ad
1178 1339 1400 1390 negocium
1442 1338 1678 1377 redimendi
1719 1337 1882 1400 generis

273 1395 463 1441 humani,
498 1393 594 1433 ideo
626 1393 810 1456 populus
837 1394 1034 1433 initiatus
1063 1393 1218 1432 Christi
1232 1371 1465 1444 omysteriis
1493 1392 1598 1432 nihil
1627 1392 1774 1431 audiet
1801 1392 1882 1431 nisi

276 1448 533 1500 parabolas
522 1452 538 1475 ‘³
599 1448 723 1496 Quod
765 1448 800 1487 si
842 1448 1013 1487 videtur
1056 1460 1254 1509 aequum,
1298 1448 1443 1509 legant
1483 1447 1614 1498 igitur
1655 1445 1881 1498 parabolas

196 1517 252 1549 145
274 1502 583 1554 Euangeljcas;
639 1501 756 1564 quod
792 1502 933 1564 ipsum
972 1505 1125 1541 vetant
1161 1502 1247 1548 isti,
1286 1502 1487 1541 nimirum
1526 1501 1606 1540 sibi
1643 1501 1746 1552 ipsis
1784 1513 1880 1540 con-

275 1557 407 1597 trarii.
457 1555 540 1596 Sed
559 1560 681 1595 extra
699 1557 853 1603 iocum,
871 1557 905 1595 51
925 1569 951 1594 3
965 1557 1111 1607 paucis
1129 1555 1315 1606 petenda
1330 1559 1395 1595 est
1411 1567 1626 1594 sacrarum
1640 1554 1882 1594 litterarum

274 1611 502 1657 sententia,
539 1611 611 1650 vbi
646 1615 711 1649 est
743 1610 850 1649 illud
884 1610 1036 1649 Esaiae
1070 1610 1335 1656 vaticinium,
1370 1609 1437 1648 ‘et
1470 1613 1596 1648 erunt
1625 1622 1771 1648 omnes
1801 1612 1878 1649 θεο·

277 1668 437 1706 ὅίδακτωι
461 1668 476 1703 ‘3
499 1665 507 1680 '

331 1719 447 1759 Citat
466 1732 519 1757 ex
539 1718 733 1769 Epistola
753 1718 881 1765 Petri,
903 1718 1020 1769 quod
1039 1731 1091 1757 ex
1106 1718 1310 1769 Epistolis
1325 1719 1448 1758 Pauli
1463 1717 1655 1756 nonnulli
1670 1717 1882 1768 quaedam

196 1788 256 1820 150
276 1774 496 1813 intellectu
516 1772 703 1811 difficilia
723 1772 1022 1824 deprauarent,
1050 1773 1094 1811 in
1121 1785 1242 1812 suam
1268 1772 1509 1824 perniciem.
1580 1771 1678 1811 Non
1704 1771 1884 1810 damnat

277 1828 429 1868 Petrus
455 1826 572 1878 quod
597 1827 835 1878 legerentur
862 1826 1081 1878 Epistolae
1108 1826 1242 1874 Pauli,
1272 1826 1346 1865 sed
1371 1826 1488 1878 quod
1514 1825 1883 1877 detorquerentur,

276 1881 641 1935 quemadmodum
683 1885 728 1920 et
770 1885 962 1920 caeterae
1004 1880 1262 1932 Scripturae.
1333 1880 1377 1921 Si
1418 1881 1548 1932 igitur
1591 1880 1743 1932 vulgus
1786 1879 1882 1919 sub·

277 1935 538 1976 mouendum
555 1939 621 1975 est
638 1948 664 1974 a
680 1935 861 1975 lectione
879 1948 1095 1975 sacrorum
1111 1935 1329 1982 librorum,
1349 1934 1498 1974 eadem
1514 1935 1680 1974 ratione
1698 1933 1885 1986 theologi

277 1990 561 2031 submouendi
595 1993 718 2038 sunt;
756 1989 873 2041 quod
906 2002 1054 2029 omnes
1087 1989 1302 2036 haeretici,
1333 2002 1515 2041 quorum
1544 1988 1734 2041 plerique
1765 1988 1883 2028 fuere

199 2059 255 2091 155
277 2045 525 2091 doctissimi,
549 2043 788 2094 deprauent
809 2057 919 2095 quae
939 2044 1099 2096 legunt,
1124 2044 1179 2082 ad
1202 2043 1568 2083 confirmationem
1589 2055 1884 2095 peruersorum

278 2100 542 2152 dogmatum.
581 2098 676 2139 Nisi
688 2098 798 2137 forte
810 2099 958 2137 Ariani
972 2111 1058 2137 11011
1072 2102 1173 2137 sunt
1188 2097 1403 2145 haeretici,
1419 2099 1502 2137 nisi
1518 2097 1781 2149 Origenistae
1795 2110 1882 2136 non

279 2157 381 2192 sunt
399 2152 613 2193 haeretici.
682 2152 800 2192 Nihil
819 2153 932 2192 enim
951 2152 1046 2192 dico
1067 2152 1119 2191 de
1139 2152 1328 2192 Luthero
1350 2152 1444 2191 istis
1470 2153 1629 2191 centies
1654 2151 1880 2198 haeretico,

279 2207 398 2248 cuius
425 2206 634 2258 peculiare
663 2206 819 2258 dogma
848 2211 925 2254 est,
955 2208 1000 2246 in
1029 2206 1291 2258 disputando
1316 2206 1420 2245 nihil
1447 2206 1766 2245 admittendum
1794 2218 1884 2245 esse

278 2265 445 2313 praeter
472 2261 638 2300 litteras
665 2273 817 2299 sacras.
875 2261 1007 2312 Atqui
1034 2260 1263 2300 Carmelita
1288 2274 1342 2299 ne
1367 2261 1412 2300 in
1438 2260 1685 2312 theologicis
1710 2261 1883 2314 quidem

200 2324 260 2353 160
278 2315 431 2356 scholis
461 2315 611 2366 recipit
643 2314 884 2366 Scripturae
916 2328 1059 2353 sacrae
1089 2315 1396 2354 testimonium.
1458 2314 1630 2354 Etenim
1661 2327 1795 2365 quum
1825 2315 1884 2353 sic

330 2407 399 2429 122.
425 2398 516 2430 0111111
532 2408 706 2439 possuma
725 2398 889 2439 ·possim
904 2398 948 2429 H.
1047 2406 1118 2435 124.
1143 2398 1173 2430 51
1186 2409 1257 2430 11011
1275 2410 1293 2427 α
1311 2410 1317 2429 :
1346 2398 1375 2430 51
1389 2398 1504 2430 minus
1518 2398 1562 2430 H.
1670 2405 1739 2437 125.
1765 2397 1882 2430 fuerat

281 2454 323 2472 a:
358 2445 435 2474 erat
454 2442 497 2473 H.
574 2449 644 2480 132·
670 2441 826 2473 Adducit
847 2454 889 2473 a:
923 2441 1055 2474 Adiicit
1074 2442 1118 2473 H.
1231 2450 1301 2482 134.
1325 2441 1474 2473 audistis
1494 2441 1539 2473 H.
1635 2450 1706 2479 140.
1731 2440 1788 2473 An
1808 2465 1814 2473 .
1839 2465 1846 2472 .
1870 2465 1877 2472 .

284 2494 354 2524 147.
381 2485 577 2515 θευδὶὃακτοι
593 2484 669 2517 add.
685 2485 729 2517 H.
916 2493 985 2524 149.
1010 2495 1054 2517 ex
1065 2489 1141 2526 post
1156 2485 1252 2526 quod
1269 2497 1313 2516 a:
1337 2485 1374 2517 in
1386 2485 1431 2516 H.
1618 2492 1688 2524 152.
1712 2485 1821 2526 igitur
1834 2496 1853 2514 a
1870 2495 1878 2515 ε

279 2529 358 2561 ideo
371 2528 415 2560 H.
510 2536 580 2568 155.
606 2529 804 2570 deprauant
819 2529 862 2559 H.
982 2529 1052 2568 156.
1079 2529 1155 2561 Nisi
1167 2528 1259 2561 forte
1280 2552 1289 2561 .
1313 2553 1321 2560 .
1346 2553 1353 2559 .
1383 2529 1452 2560 181.
1479 2527 1711 2570 Euangelium
1732 2527 1807 2559 add.
1831 2527 1876 2560 H.

281 2657 406 2695 quotes
427 2653 480 2686 his
500 2663 577 2686 own
597 2654 747 2692 version,
768 2664 806 2686 as
827 2654 991 2687 modified
1011 2655 1048 2687 in
1113 2655 1206 2688 after
1219 2655 1280 2687 the
1295 2654 1438 2687 address
1453 2659 1490 2687 to
1505 2655 1566 2688 the
1582 2655 1688 2698 Pope,
1704 2655 1747 2688 he
1763 2655 1882 2688 makes

285 2706 380 2739 1522,
397 2701 523 2739 except
538 2708 698 2739 possum.
729 2697 772 2729 cf.
790 2708 824 2739 p.
843 2707 917 2738 312.
1114 2699 1175 2731 the
1217 2697 1530 2740 ‘protestationem
1567 2699 1604 2732 in
1643 2699 1770 2732 scholis
1810 2700 1882 2732 fieri

334 2749 404 2781 133.
431 2742 536 2783 dixit]
555 2742 659 2774 Matt.
682 2750 732 2775 10.
754 2743 810 2779 26,
829 2750 882 2781 27.
1113 2742 1255 2775 solitam
1270 2742 1291 2780 ³,
1315 2742 1490 2785 declaring
1513 2742 1595 2775 that
1617 2742 1713 2775 what
1735 2743 1778 2775 he
1801 2753 1882 2783 says

331 2793 402 2823 147.
428 2783 568 2824 Esaiae]
584 2793 635 2825 54.
649 2794 719 2825 -313
748 2784 791 2816 cf.
806 2785 948 2817 John6.
963 2794 1017 2826 45.
1116 2796 1230 2818 comes
1264 2785 1355 2818 from
1389 2786 1501 2818 either
1535 2786 1712 2828 Scriptura
1748 2796 1787 2818 or
1820 2786 1882 2819 the

331 2836 403 2866 140.
428 2827 538 2867 Petri]
552 2837 570 2859 2
589 2828 665 2860 Pet.
684 2837 713 2868 3.
734 2829 782 2860 16.
1117 2829 1262 2861 Fathers
1287 2840 1326 2861 or
1348 2829 1409 2861 the
1433 2829 1570 2862 Canons
1594 2830 1665 2862 and
1688 2829 1881 2862 Decretals.

331 2872 403 2910 158.
428 2871 600 2912 peculiare
644 2871 787 2914 dogma]
831 2871 904 2904 The
947 2872 1048 2914 rapid
1116 2872 1158 2905 In
1181 2881 1275 2914 1521,
1295 2872 1498 2915 addressing
1516 2873 1656 2905 Charles
1674 2876 1714 2905 at
1732 2873 1879 2910 Worms.

283 2881 530 2962 development
549 2914 586 2947 of
605 2883 746 2947 Luther’
751 2925 766 2946 s
787 2915 892 2948 views
912 2926 958 2948 on
978 2916 1049 2948 this
1116 2916 1159 2949 he
1199 2915 1383 2948 concludes
1425 2915 1433 2928 ‘
1447 2916 1523 2948 Nisi
1562 2916 1743 2949 conuictus
1781 2915 1881 2948 fuero

285 2956 386 2996 point
417 2967 500 2999 may
533 2958 575 2990 be
607 2958 728 2991 shown
760 2958 854 2991 thus.
911 2958 954 2991 In
987 2959 1048 2992 the
1116 2960 1326 2992 testimoniis
1358 2960 1617 3001 Scripturarum
1649 2962 1714 2991 aut
1745 2959 1882 2992 ratione

285 2999 526 3037 Resolutioms,
557 3001 643 3034 with
673 3001 787 3035 which
817 3003 853 3034 in
890 3004 972 3043 1518
1006 3003 1050 3036 he
1116 3003 1406 3036 euidente—nam
1449 3012 1562 3042 neque
1606 3002 1723 3044 Papae
1766 3012 1880 3044 neque

285 3042 456 3075 defended
473 3043 525 3075 his
547 3044 661 3076 theses
682 3044 791 3077 about
814 3044 1048 3088 indulgences‚
1117 3046 1269 3077 conciliis
1285 3046 1367 3078 solis
1384 3046 1486 3077 credo
1501 3045 1519 3076 ³.
