2012 3370
117 120 238 172 1469]
564 119 636 159 TO
666 118 951 159 NICHOLAS
983 117 1262 158 EVERARD
1631 118 1707 156 501

113 229 324 267 neminem
349 242 436 268 csse
463 227 802 268 submouendam
827 240 852 266 a
876 227 1055 267 lectione
1081 238 1295 266 sacrorum
1321 225 1599 270 voluminum,
1626 236 1712 275 quo
1729 231 1770 262 80

114 283 254 322 minus
281 284 460 335 quisque
487 282 603 335 quod
630 286 773 333 potest
799 281 914 321 illinc
942 282 1126 328 hauriat,
1157 282 1218 320 ait
1246 293 1313 319 me
1340 292 1492 331 parum
1521 277 1710 317 animad-

112 339 289 378 uertisse
305 337 421 390 quod
436 338 640 388 scriptum
657 340 722 375 est
736 337 780 375 in
796 335 1030 387 Euangelio
1043 335 1229 381 Ioannis,
1249 334 1257 350 ‘
1273 335 1433 374 Puteus
1447 333 1560 372 altus
1575 337 1652 379 est,
1668 335 1712 370 et

112 391 157 429 in
185 404 271 442 quo
300 392 470 431 haurias
499 404 585 430 non
613 390 744 429 habes
763 390 787 428 ³.
837 391 928 441 Ego
955 403 1055 428 vero
1084 394 1128 428 et
1155 389 1267 428 illius
1296 389 1376 427 loci
1405 387 1535 439 probe
1565 387 1709 425 memi-

111 458 282 492 neram;
329 445 403 485 sed
428 446 630 496 quoniam
656 444 949 484 Samaritanae
976 443 1106 482 verba
1131 443 1371 481 referuntur
1397 442 1452 480 ad
1480 441 1710 486 Christum,

112 512 197 538 non
217 499 427 550 putabam
446 500 514 539 hic
533 512 622 538 esse
642 498 758 550 quod
778 498 834 536 ad
854 510 1016 537 sacram
1044 498 1307 548 Scripturam
1333 497 1565 548 pertineret
1586 508 1593 533 :
1631 495 1713 534 nisi
1729 501 1768 541 85

112 553 252 603 placet
278 554 345 593 hic
370 567 528 600 sensus,
556 553 716 592 Puteus
743 552 913 591 diuinae
938 551 1181 603 Scripturae
1208 551 1320 589 altus
1345 554 1423 597 est,
1452 554 1495 588 et
1521 549 1711 589 Christus

112 620 196 647 non
220 607 352 647 habet
374 621 459 659 quo
482 607 664 647 hauriat.
717 606 879 645 Eadem
903 619 1031 657 opera
1053 618 1271 656 possemus
1295 604 1473 655 probare
1497 605 1711 645 Christum

111 673 200 700 esse
223 661 474 708 maleficum,
498 662 599 713 quia
620 662 665 700 in
688 660 921 711 Euangelio
942 659 1133 711 legimus
1160 660 1167 674 ⁶
1188 659 1231 698 Si
1254 658 1322 697 hic
1343 671 1429 697 non
1451 663 1560 698 esset
1585 657 1709 697 male·

111 715 261 762 factor,
300 729 386 755 non
422 715 742 755 tradidissemus
779 727 876 753 eum
912 713 993 753 tibi
1013 713 1036 751 '.
1104 713 1214 752 Olim
1252 712 1377 751 altior
1413 716 1506 750 erat
1540 717 1711 764 puteus,

112 770 359 821 priusquam
384 773 533 809 exorta
556 769 630 808 lux
656 768 913 820 Euangelica-
938 768 1203 807 discussisset
1228 766 1400 805 Vmbras
1426 770 1469 804 et
1492 767 1713 806 inuolucra
1729 781 1773 812 90

109 823 223 875 legis,
259 828 303 863 et
334 828 480 863 tamen
512 823 664 875 vulgus
696 823 864 875 legebat
897 835 1036 861 sacros
1068 822 1210 860 libros.
1273 820 1398 859 Nunc
1429 825 1711 872 posteaquam

111 876 320 917 Dominus
349 878 466 917 Iesus
496 878 699 917 diriuauit
728 890 862 928 aquas
892 877 1171 929 Euangelicae
1202 875 1434 926 sapientiae
1466 887 1538 924 per
1567 887 1713 914 omnes

110 931 287 982 plateaS,
320 933 561 984 quicunque
592 931 720 971 fidem
750 931 893 978 habet,
926 930 1058 969 habet
1088 943 1173 981 quo
1204 929 1387 968 hauriat.
1448 928 1598 967 Iudaei
1627 940 1714 966 non

110 986 424 1026 submouebant
451 1000 476 1025 a
502 986 681 1026 lectione
709 985 930 1031 Geneseos,
960 984 1137 1031 Cantici,
1166 988 1209 1023 et
1237 982 1480 1029 Ezechielis,
1509 994 1643 1033 quum
1669 982 1713 1020 in

112 1039 176 1078 his
219 1040 505 1080 voluminibus
548 1041 604 1079 sit
646 1040 876 1091 plurimum
919 1039 1205 1084 obscuritatis,
1249 1039 1331 1077 nisi
1374 1050 1507 1088 vsque
1551 1048 1711 1075 annum
1729 1053 1768 1086 93

111 1095 386 1146 trigesimum.
451 1094 619 1135 Profuit
654 1093 850 1134 eunucho
892 1093 1038 1145 legisse
1075 1092 1334 1144 Prophetam
1374 1091 1546 1130 Esaiam
1584 1103 1712 1141 quem

110 1161 195 1188 non
210 1149 487 1201 intelligebat,
505 1148 668 1200 profuit
683 1149 923 1200 Augustino
938 1160 1105 1199 pagano
1120 1147 1267 1198 legisse
1290 1145 1490 1184 Paulinas
1510 1143 1712 1195 epistolas

109 1215 216 1254 quas
233 1203 424 1243 nondum
442 1203 707 1255 intelligebat
727 1216 735 1249 3
776 1207 820 1241 et
838 1202 1102 1242 Christianus
1122 1205 1289 1240 arcetur
1307 1213 1332 1238 a
1352 1201 1479 1238 sacris
1498 1200 1615 1239 libris
1634 1203 1649 1236 ’ί

164 1256 307 1304 Porro,
342 1257 556 1309 quomodo
589 1257 716 1295 velim
749 1269 888 1295 sacros
920 1256 1049 1295 libros
1081 1255 1161 1306 legi
1194 1255 1248 1293 ab
1280 1255 1437 1299 idiotis,
1472 1253 1636 1304 explico
1668 1253 1712 1291 in

110 1311 343 1362 appendice
377 1311 652 1363 praefationis
685 1312 729 1349 in
763 1310 1045 1349 Matthaeuin.
1110 1310 1174 1348 Ea
1206 1308 1382 1360 legenda
1416 1308 1499 1346 fuit
1533 1307 1713 1358 glorioso
1734 1325 1796 1347 xoo

109 1365 297 1412 Doctori‚
316 1366 564 1417 priusquam
581 1366 791 1404 occineret
807 1365 911 1403 mihi
926 1365 1066 1403 locum
1083 1377 1136 1402 ex
1153 1363 1312 1404 Ioanne
1328 1376 1336 1402 :
1366 1375 1493 1413 quem
1510 1363 1712 1414 siparum

108 1419 318 1459 intellexit
351 1432 400 1458 ac
432 1419 606 1459 ridicule
639 1419 804 1465 citauit,
840 1419 993 1457 mirum
1025 1431 1112 1457 non
1145 1421 1222 1464 est,
1257 1417 1513 1468 diligentius,
1549 1415 1712 1466 opinor,

110 1477 302 1512 versatus
332 1474 377 1513 in
408 1473 618 1513 Accursiis
649 1486 698 1512 ac
731 1472 888 1512 Baldis.
951 1472 1075 1519 Quod
1107 1472 1140 1510 si
1171 1484 1257 1511 non
1290 1471 1433 1522 aptius
1465 1470 1572 1509 citat
1602 1468 1714 1520 leges

109 1540 206 1566 suas
236 1541 366 1579 quam
397 1527 691 1580 Euangelium,
724 1527 833 1566 male
864 1527 1003 1578 agitur
1035 1539 1131 1565 cum
1160 1525 1272 1565 illius
1303 1524 1540 1564 clientibus.
1600 1523 1713 1562 Illud

111 1582 243 1633 magis
286 1582 541 1629 mirandum,
588 1581 860 1621 Carmelitam
905 1585 1078 1620 tantum
1121 1579 1368 1631 theologum
1412 1583 1504 1618 tam
1548 1577 1714 1617 stolidis
1735 1596 1791 1628 105

109 1637 370 1687 argumentis
412 1637 662 1676 instruxisse
707 1648 831 1675 suum
876 1635 1137 1681 histrionem,
1183 1635 1265 1673 nisi
1309 1633 1425 1685 quod
1467 1632 1536 1672 ille
1581 1631 1713 1672 nihilo

110 1690 351 1729 melioribus
376 1691 511 1730 soleat
536 1691 600 1729 vti
624 1691 668 1729 in
697 1690 842 1729 schola
869 1689 1119 1740 theologica,
1147 1701 1233 1727 non
1263 1689 1350 1726 sine
1378 1689 1464 1727 risu
1493 1685 1711 1725 baccalau-

108 1756 287 1783 reorum.
356 1744 414 1784 Et
452 1744 520 1783 hic
559 1744 638 1783 sibi
677 1744 838 1783 Doctor
878 1743 1047 1783 videtur
1087 1742 1319 1782 admodum
1357 1741 1535 1787 facetus,
1578 1740 1711 1779 veluti

109 1800 410 1838 commiserans
431 1812 569 1838 meam
593 1799 857 1844 caecitatem,
882 1799 956 1850 qui
977 1810 1064 1837 non
1085 1796 1265 1836 viderim
1280 1797 1420 1835 locum
1435 1799 1527 1834 tam
1542 1794 1710 1834 euiden-

109 1857 196 1892 tem
214 1854 258 1891 in
276 1853 437 1892 Ioanne
457 1867 465 1900 ;
499 1854 544 1892 111
561 1866 647 1904 quo
664 1852 808 1904 talpae
825 1852 1000 1892 fuerunt
1017 1864 1162 1892 omnes
1180 1856 1293 1890 retro
1311 1850 1510 1902 theologi,
1531 1862 1711 1900 quorum
1734 1867 1795 1890 110

109 1920 233 1946 nemo
258 1908 493 1960 perspicere
518 1908 662 1959 potuit
686 1907 754 1946 hic
778 1907 974 1946 interdici
999 1906 1248 1947 Christianis
1273 1918 1325 1944 ne
1350 1905 1494 1956 legant
1519 1903 1712 1955 Euange-

108 1961 225 2008 1111111,
264 1962 380 2014 quod
418 1962 608 2002 Christus
646 1961 783 2001 voluit
820 1962 1026 2000 vniuersis
1062 1960 1309 2000 nationibus
1347 1972 1435 1999 6336
1473 1971 1710 1998 6011111111116.

109 2015 167 2055 At
197 2016 377 2056 fortasse
409 2017 608 2056 coriarius
640 2015 792 2068 aliquis
823 2016 978 2055 rectius
1009 2015 1123 2067 legat
1155 2014 1448 2066 Euangeliu1n‚
1482 2025 1613 2065 quam
1645 2011 1710 2050 vel

109 2071 268 2110 Doctor
299 2071 366 2110 hic
398 2070 466 2110 vel
495 2071 621 2110 huius
651 2071 882 2110 instructor
912 2070 1148 2122 theologuS‚
1181 2070 1254 2121 qui
1285 2069 1343 2107 sic
1373 2069 1712 2119 interpretantur

110 2124 401 2177 Euangelium.
466 2124 568 2172 Quis
601 2137 687 2164 non
720 2124 931 2177 intelligat
964 2125 1068 2163 istos
1104 2136 1243 2163 sacras
1277 2122 1442 2161 litteras
1475 2122 1572 2160 ideo
1605 2120 1712 2159 velle
1735 2140 1790 2170 115

109 2179 254 2229 paucis
274 2192 363 2218 csse
382 2183 520 2226 notas,
542 2192 595 2218 ne
615 2179 719 2231 quid
739 2179 917 2218 decedat
938 2179 1126 2231 ipsorum
1147 2178 1371 2217 autoritati
1392 2177 1673 2229 quaestuique
1694 2177 1712 2213 ἱ)

112 2233 202 2273 Hoc
221 2233 370 2273 hulcus
390 2233 490 2273 olim
509 2234 782 2274 exacerbauit
798 2233 1117 2280 iureconsultos,
1133 2232 1342 2283 euulgatis
1355 2231 1504 2270 diebus
1520 2230 1642 2269 fastis
1663 2243 1711 2268 ac

106 2288 304 2335 nefastis;
336 2301 462 2335 nunc,
493 2292 542 2327 vt
570 2288 753 2335 videtur,
784 2289 870 2327 vrit
897 2287 1117 2339 theologos
1146 2286 1367 2339 quosdam,
1398 2290 1441 2324 ct
1471 2285 1549 2324 hoc
1576 2284 1711 2335 magis

110 2343 193 2382 vrit
242 2356 296 2382 uo
316 2346 417 2382 sunt
435 2342 517 2382 illis
536 2347 631 2382 tum
652 2343 864 2382 auariores
884 2347 979 2382 tum
999 2341 1322 2381 ambitiosiores.

161 2357 244 2437 Seii
270 2397 495 2436 audiamus
524 2401 775 2448 argumenta
805 2397 969 2448 reliqua
997 2396 1153 2447 quibus
1182 2407 1362 2446 magnus
1390 2393 1458 2432 illc
1487 2391 1708 2443 theologus
1733 2410 1793 2432 120

106 2451 310 2490 instruxit
333 2464 455 2490 suum
483 2451 755 2491 aduocatum.
809 2451 966 2490 Obiicit
995 2464 1047 2488 ex
1080 2450 1195 2488 Actis
1224 2448 1465 2487 eunuchum
1494 2446 1710 2485 Candaces

158 2549 207 2580 81.
235 2549 348 2580 minus
363 2549 438 2580 add.
456 2549 500 2580 H.
652 2550 701 2590 83.
728 2552 765 2580 et
779 2547 854 2580 add.
872 2548 916 2579 II.
1065 2549 1114 2586 87.
1143 2547 1314 2589 possimus
1329 2546 1372 2578 ll.
1520 2554 1572 2581 60.
1601 2545 1706 2585 prius-

107 2602 214 2633 quam
229 2616 236 2623 .
254 2617 261 2624 .
278 2617 286 2624 .
304 2601 356 2629 91.
382 2591 466 2633 legis
480 2592 556 2624 add.
575 2592 618 2624 Il.
712 2600 764 2631 93.
792 2591 913 2623 Iudaei
929 2616 935 2622 .
955 2616 962 2622 .
982 2615 988 2622 .
1007 2600 1060 2629 97.
1087 2601 1157 2622 non
1172 2589 1393 2631 intelligebat
1406 2588 1481 2620 add.
1502 2588 1544 2619 H.
1635 2598 1707 2619 100.

134 2659 140 2667 .
160 2659 167 2667 .
192 2644 261 2666 121.
287 2635 501 2667 aduocatum
516 2635 591 2667 add.
614 2635 656 2666 H.

153 2750 202 2778 82.
230 2744 386 2784 Ioannis]
400 2756 432 2785 4.
454 2755 502 2777 11.
941 2744 1070 2781 rcader,
1093 2753 1132 2783 14
1149 2744 1230 2776 Jau.
1255 2752 1347 2784 1522.
1368 2742 1479 2774 which
1497 2742 1631 2774 follows
1650 2743 1707 2775 the

152 2792 203 2822 88.
230 2789 437 2831 Euangelio]
453 2789 548 2821 John
570 2792 617 2820 18.
640 2798 690 2827 30.
942 2787 1076 2828 prefaee
1098 2791 1137 2819 to
1157 2787 1217 2819 the
1240 2786 1454 2827 Paraphrase
1476 2796 1520 2817 on
1542 2786 1593 2818 St.
1617 2785 1706 2818 Mat-

151 2835 205 2872 96.
230 2832 404 2871 eunucho]
420 2832 505 2864 Act-s
519 2834 550 2864 8.
568 2842 585 2863 2
591 2841 632 2871 7—
637 2841 687 2871 39.
940 2831 1032 2863 thew
1048 2843 1055 2862 ε
1086 2841 1143 2862 see
1160 2830 1225 2872 Ep.
1250 2839 1329 2871 1255
1349 2829 1478 2861 introd.

150 2886 203 2916 97.
229 2876 441 2919 Augustino]
457 2875 555 2917 Conf.
575 2884 602 2914 7.
630 2885 683 2913 21,
705 2877 736 2907 8.
758 2876 864 2912 6-12;
988 2885 1059 2907 101.
1085 2874 1215 2914 locum]
1229 2874 1291 2907 See
1306 2873 1341 2905 ll.
1359 2874 1455 2913 82—3.

107 2920 211 2954 Aoad.
230 2930 260 2952 2.
278 2930 309 2952 2.
989 2926 1058 2956 103.
1087 2918 1258 2950 Accursiis
1271 2928 1311 2949 ac
1324 2915 1458 2954 Baldis]
1473 2916 1534 2949 See
1548 2917 1613 2959 Ep.
1634 2926 1705 2957 134.

150 2973 204 3004 99.
229 2963 363 3003 idiotis]
380 2964 441 2994 See
460 2963 523 3002 Ep.
548 2971 639 3003 1153.
664 2971 758 3000 17111.
941 2970 982 2992 :o
998 2972 1054 2993 1111.

158 3018 226 3039 loo.
252 3006 458 3048 appendice]
494 3007 564 3038 'l'hc
602 3006 704 3038 letter
741 3010 776 3037 to
813 3005 870 3037 the
990 3014 1058 3037 121.
1088 3003 1198 3043 Actis]
1237 3008 1265 3035 ὅ.
1308 3014 1358 3045 51·
1424 3005 1588 3037 Erasmus·
1628 3004 1705 3036 herc
