2012 3370
127 108 250 158 1334]
585 105 659 146 To
687 105 843 145 JOHN
871 104 1257 145 GARONDELET
1643 106 1717 143 175

124 216 278 256 diuinis
306 217 591 256 voluminibus
618 216 871 268 peculiarem
899 229 987 255 esse
1015 216 1164 255 voluit.
1222 215 1391 266 Alioqui
1418 227 1556 261 nemO,
1585 226 1717 265 quan-

123 272 284 310 tumuis
320 272 509 311 eruditus
547 275 590 310 et
626 270 833 318 oculatus,
870 283 957 309 non
992 269 1164 317 labitur,
1203 283 1289 309 non
1326 268 1512 309 caecutit
1548 267 1716 314 alicubi,

122 325 319 365 videlicet
350 330 400 365 vt
430 338 574 364 omnes
605 337 649 364 se
680 325 948 364 meminerint
979 325 1169 363 homines
1201 337 1302 371 esse,
1335 327 1380 363 et
1410 336 1436 362 a
1466 322 1588 361 nobis
1620 334 1716 361 cum

122 379 301 426 delectu,
335 393 432 419 cum
462 379 630 426 iudicio,
664 379 873 430 simulque
905 392 1001 418 cum
1034 380 1158 418 venia
1188 378 1396 429 legantur,
1430 381 1480 416 vt
1511 377 1715 415 homines.

123 433 246 480 Quod
274 434 308 473 si
336 434 439 485 quid
465 434 509 472 in
536 433 600 472 his
628 434 855 472 occurrerit
883 433 998 484 quod
1026 433 1205 484 speciem
1235 433 1365 471 habet
1393 432 1554 477 erroris,
1584 444 1716 482 quum
1735 443 1780 474 90

123 487 237 526 aliud
267 489 442 527 senserit
471 488 545 539 qui
574 487 753 538 scripsit,
785 501 871 526 non
901 492 992 526 erat
1025 487 1357 526 contaminanda
1390 487 1612 536 scriptura,
1644 484 1717 523 sed

121 542 287 581 scholiis
324 542 498 581 adiectis
535 541 756 592 scrupulus
793 541 1083 587 amouendus3
1138 540 1253 591 quod
1290 541 1498 591 plerisque
1535 540 1580 578 in
1616 539 1718 577 locis

121 600 299 635 conatur
331 596 481 635 Petrus
514 595 791 642 Lombardus,
827 596 1041 634 adducens
1073 595 1197 633 simul
1230 598 1274 633 et
1306 606 1520 645 exponens
1554 593 1718 644 aliquot

119 649 232 689 locos
254 650 306 689 de
327 650 468 689 dolore
491 663 539 689 ac
561 653 679 689 metu
701 650 868 696 Christi,
890 650 997 688 libro
1020 649 1335 689 Sententiarum
1357 649 1498 694 tertio,
1522 648 1620 686 dist.
1644 661 1716 686 xv.

173 704 270 743 Non
305 704 389 744 fert
423 705 793 756 epigrammaticus
828 704 896 743 ille
932 708 1060 755 poeta
1096 716 1192 742 eum
1229 704 1302 754 qui
1338 702 1442 741 velit
1476 702 1716 753 ingeniosus
1734 715 1773 747 95

119 758 253 797 videri
287 759 331 797 in
365 759 472 797 libro
508 758 657 798 alieno.
717 758 819 805 Quis
854 762 999 797 autem
1034 757 1145 796 ferat
1179 757 1283 796 istos
1319 757 1393 807 qui
1428 760 1601 795 tantum
1637 755 1717 794 sibi

119 817 294 851 sumunt
328 817 390 860 vt,
428 813 576 852 Vbiubi
610 813 795 852 lubitum
830 812 971 859 fuerit,
1008 825 1085 863 pro
1120 824 1321 863 germana
1367 811 1577 861 scriptura
1618 823 1717 848 suos

119 870 295 906 assuant
338 870 538 918 pannos?
597 867 823 907 Ciuilitatis
868 871 932 906 est
977 865 1197 906 commode
1241 864 1357 916 quod
1401 865 1607 915 scriptum
1652 868 1717 903 est

118 920 400 972 interpretari.
458 921 680 961 Caeterum
734 925 900 960 mutare
953 934 1030 960 suo
1084 933 1280 971 quenque
1335 919 1547 958 arbitratu
1600 917 1716 969 quod

118 975 324 1026 scriptum
352 979 418 1015 est
444 977 489 1014 'm
518 980 710 1015 veterum
738 975 868 1022 libris,
899 975 1116 1014 temeritas
1146 978 1224 1021 est,
1254 987 1307 1013 ne
1336 973 1475 1012 dicam
1504 973 1715 1024 impietas.
1739 985 1802 1008 100

119 1029 177 1068 Et
199 1033 345 1069 tamen
367 1030 446 1069 hoc
469 1030 632 1069 factum
656 1030 1008 1081 deprehendimus
1031 1033 1075 1068 et
1096 1029 1141 1068 in
1163 1028 1453 1068 Ambrosianis
1476 1027 1606 1073 libris,
1631 1039 1717 1065 non

118 1096 202 1122 vno
245 1084 290 1122 in
331 1084 437 1123 loco.
494 1084 537 1124 Si
580 1088 750 1123 mutata
793 1085 1002 1136 scriptura
1045 1083 1349 1123 consulendum
1393 1086 1458 1121 est
1501 1081 1716 1132 scriptoris

117 1138 315 1188 periculo,
343 1138 423 1178 hoc
449 1139 493 1177 in
520 1139 800 1178 recentiorum
826 1138 943 1177 libris
970 1138 1113 1189 potius
1140 1137 1229 1176 fieri
1256 1135 1566 1182 conueniebat3
1610 1148 1718 1186 quos

117 1192 352 1243 antiquitas
375 1193 565 1231 nondum
591 1193 746 1232 statuit
764 1196 887 1232 extra
904 1192 1156 1232 iudiciorum
1176 1191 1326 1238 aleam,
1347 1204 1423 1230 nec
1442 1203 1556 1229 mors
1576 1189 1715 1228 adhuc

116 1246 171 1284 ab
192 1246 355 1285 inuidia
376 1247 579 1286 vindicat.
636 1247 678 1286 N
681 1261 761 1286 unc
784 1260 882 1299 erga
903 1251 1067 1286 veteres
1089 1259 1196 1297 pene
1219 1245 1508 1296 superstitiose
1531 1243 1715 1291 candidi,
1737 1257 1794 1290 105

115 1300 159 1339 in
188 1300 339 1339 horum
368 1301 485 1340 libris
514 1301 588 1352 qui
617 1305 764 1340 nostra
793 1301 984 1340 scribunt
1014 1304 1169 1347 aetate,
1201 1299 1412 1351 quaedam
1442 1299 1572 1338 etiam
1602 1302 1716 1337 recte

115 1355 273 1406 scripta
296 1355 592 1406 deprauamus,
618 1356 761 1394 omnia
782 1355 1049 1394 incommode
1072 1355 1403 1405 interpretamur
1423 1366 1431 1392 ;
1472 1353 1594 1403 quasi
1618 1351 1716 1391 talis

114 1409 320 1460 interpres
333 1422 420 1448 11011
433 1414 675 1461 reperturus
690 1410 746 1449 sit
760 1413 804 1448 et
817 1410 861 1448 in
875 1409 1063 1448 Paulinis
1078 1408 1279 1460 epistolis,
1291 1407 1407 1459 quod
1417 1411 1467 1446 vt
1477 1419 1710 1452 erroneum,

115 1467 164 1502 vt
194 1463 247 1502 de
277 1463 438 1503 haeresi
468 1468 726 1516 suspectum,
758 1468 808 1504 vt
837 1463 1126 1511 scandalodes,
1158 1466 1209 1502 vt
1238 1460 1551 1502 irreuerentiale
1581 1461 1717 1512 possit

115 1517 376 1557 calumniari.
1737 1529 1748 1552 1
1759 1530 1770 1552 1
1777 1529 1800 1552 0

168 1571 251 1612 Sed
277 1572 340 1611 his
366 1572 536 1612 interim
563 1573 739 1620 omissis,
768 1576 960 1624 praestat
986 1576 1036 1611 vt
1062 1571 1114 1611 de
1141 1571 1313 1623 singulis
1340 1570 1491 1609 Hilarii
1518 1568 1716 1621 operibus

113 1626 316 1665 iudicium
335 1630 528 1666 nostrum
546 1628 692 1678 paucis
712 1628 963 1679 aperiamus.
1021 1626 1256 1665 Duodecim
1275 1625 1404 1664 libros
1422 1624 1487 1664 De
1504 1624 1716 1662 Trinitate

114 1681 281 1732 scripsit
319 1681 416 1720 exul
452 1682 497 1720 in
534 1681 732 1733 Phrygia,
772 1695 857 1733 quo
895 1681 1106 1732 relegatus
1143 1684 1236 1720 erat
1272 1679 1458 1719 factione
1496 1678 1715 1718 Saturnini

114 1734 334 1774 cuiusdam
351 1735 551 1787 Episcopi
566 1736 836 1783 Arelatensis,
856 1736 1118 1787 Imperatore
1135 1735 1438 1774 circumuento.
1496 1732 1713 1783 Siquidem

114 1789 272 1829 Ariana
300 1789 431 1829 factio
461 1794 553 1829 tam
582 1791 669 1830 late
698 1790 859 1830 radices
890 1794 1045 1842 egerat,
1077 1790 1136 1828 sic
1165 1788 1418 1834 inualuerat‚
1449 1790 1500 1826 vt
1529 1786 1714 1826 mundus
1737 1801 1794 1835 115

113 1843 361 1895 aliquandiu
386 1848 559 1884 nutaret
584 1857 738 1896 anceps
763 1848 905 1883 Vtram
929 1845 974 1883 in
998 1848 1164 1895 partem
1190 1856 1279 1882 sese
1302 1842 1553 1884 inclinaret:
1594 1853 1712 1892 prae-

113 1899 258 1937 sertim
295 1912 428 1950 quum
464 1912 540 1949 per
575 1899 873 1939 Constantium
910 1898 1165 1950 Augustum,
1204 1897 1351 1942 exiliis,
1390 1895 1712 1946 direptionibus,

114 1953 238 1991 minis
269 1966 318 1992 30
348 1953 579 1992 terroribus
611 1953 961 2005 compellerentur
991 1952 1188 1992 accedere
1218 1951 1413 2003 partibus
1444 1950 1712 1989 Arianorum.

114 2006 208 2054 Qua
230 2006 282 2045 de
303 2020 347 2045 re
369 2007 488 2046 velut
509 2007 683 2059 indigna
704 2008 895 2058 queritur
918 2007 1033 2059 apud
1055 2007 1274 2046 Caesarem
1297 2004 1498 2051 Hilarius,
1522 2003 1713 2042 homines

113 2073 225 2099 nouo
262 2061 454 2112 exemplo
492 2062 584 2113 cogi
619 2062 674 2101 ad
710 2062 836 2101 fidem
873 2062 1007 2113 magis
1043 2074 1173 2112 quam
1209 2059 1481 2112 persuaderi;
1532 2058 1712 2110 largiens
1734 2074 1797 2097 120

113 2115 282 2154 interim
311 2115 429 2163 illud,
460 2116 576 2167 quod
605 2116 858 2155 Arianorum
888 2116 992 2155 fides
1021 2119 1132 2155 esset
1160 2127 1350 2166 syncera.
1409 2113 1521 2161 Quin
1550 2116 1594 2151 et
1623 2113 1712 2163 ipse

113 2169 215 2207 locis
250 2169 414 2221 aliquot
448 2174 634 2209 testatur
669 2184 712 2210 se
748 2171 821 2210 diu
856 2170 1030 2217 siluisse,
1068 2169 1136 2208 vel
1171 2169 1288 2220 quod
1322 2169 1367 2207 in
1401 2171 1526 2206 tanto
1562 2166 1712 2205 mundi

113 2222 285 2262 dissidio
305 2224 497 2263 nonnihil
517 2225 750 2276 ambigeret
769 2226 899 2264 etiam
919 2225 1030 2264 illius
1052 2225 1231 2271 animus,
1254 2223 1322 2262 vel
1342 2223 1443 2274 quia
1463 2234 1596 2273 quum
1617 2233 1712 2272 spes

113 2290 199 2316 non
238 2282 348 2317 esset
388 2279 602 2318 meliorem
642 2283 808 2330 partem
848 2292 971 2331 posse
1011 2279 1191 2325 vincere,
1234 2278 1367 2317 satius
1408 2289 1497 2316 esse
1537 2275 1710 2314 duceret

112 2331 278 2371 silentio
321 2333 535 2372 consulere
578 2335 711 2385 quieti
753 2347 883 2385 quam
925 2333 1229 2384 intempestiua
1272 2331 1450 2371 audacia
1492 2329 1709 2381 publicum
1732 2347 1790 2380 125

112 2385 224 2425 orbis
252 2386 411 2426 malum
439 2401 525 2426 non
552 2388 711 2435 tollere,
741 2388 815 2427 sed
843 2388 1107 2428 exacerbare.
1164 2386 1343 2426 Videtur
1371 2389 1515 2424 autem
1543 2387 1638 2422 tota
1666 2383 1710 2421 vi

112 2440 283 2480 adnisus
305 2445 356 2480 vt
375 2442 420 2480 in
441 2442 520 2481 hoc
542 2455 666 2494 opere
689 2443 922 2482 declararet
943 2446 1073 2494 atque
1094 2445 1283 2481 exereret
1304 2438 1506 2491 quicquid
1528 2437 1709 2489 ingenio,

120 2550 190 2552 W&
209 2551 216 2552 ἶ
331 2551 336 2553 λ
696 2516 764 2547 113.
792 2508 838 2539 βε
870 2505 1077 2537 Saturninae
1093 2517 1124 2536 (1.

155 2576 207 2607 93.
234 2566 465 2605 Lombardus]
484 2567 574 2600 Sem.
596 2577 625 2608 3.
650 2576 699 2608 15.
723 2576 764 2609 5:
799 2566 874 2599 ‘Dc
941 2568 1106 2599 Erasmus
1142 2569 1180 2598 to
1214 2565 1448 2597 transliterate
1483 2573 1504 2594 3
1538 2561 1632 2593 word
1667 2572 1706 2593 so

111 2609 321 2649 quibusdam
375 2610 509 2651 Hylarii
564 2611 727 2652 capitulis
763 2611 875 2643 'valde
942 2611 1063 2652 purely
1087 2609 1199 2642 Greek
1222 2610 1258 2640 in
1286 2608 1398 2640 form:
1444 2606 1510 2638 but
1534 2615 1589 2638 300
1612 2605 1702 2647 Epp.

112 2652 278 2690 obscuris,
301 2663 390 2694 quae
414 2654 578 2686 videntur
600 2655 777 2686 communi
799 2665 872 2686 sen·
945 2664 1017 2696 337.
1039 2665 1112 2696 177,
1132 2661 1224 2694 1175.
1250 2661 1299 2692 13,
1323 2660 1414 2690 1242.
1434 2658 1464 2689 5.

112 2696 243 2727 tentiae
263 2696 403 2728 obuiare
418 2696 437 2727 ’.
481 2697 523 2728 Ῐ11
543 2697 596 2728 1113
616 2708 691 2729 own
711 2697 873 2738 Disputa-
986 2697 1058 2729 The
1081 2696 1232 2737 practice
1256 2695 1290 2726 of
1318 2694 1377 2726 the
1400 2694 1549 2734 printers
1572 2692 1702 2724 varied.

113 2738 263 2770 tiunaeula
306 2750 350 2770 on
392 2739 452 2771 the
493 2740 630 2781 subject
672 2741 751 2781 (Ep.
799 2742 874 2780 108)
941 2740 1036 2772 Thus
1058 2740 1093 2771 in
1119 2740 1182 2780 Ep.
1204 2740 1279 2779 858.
1303 2747 1364 2777 134
1383 2736 1546 2769 Martens'
1571 2736 1703 2767 edition

112 2782 277 2814 Erasmus
296 2782 378 2814 does
396 2786 459 2814 not
477 2784 545 2815 cite
564 2783 793 2822 Lombardus,
813 2783 879 2815 but
939 2785 1003 2823 (W)
1024 2783 1086 2814 has
1107 2781 1275 2822 energian,
1291 2781 1402 2812 where
1420 2779 1464 2812 all
1486 2780 1544 2811 the
1568 2779 1704 2811 Froben

111 2825 262 2857 adduces
285 2826 344 2857 the
367 2827 558 2868 testimony
581 2827 616 2858 of
639 2827 773 2868 Hilary,
798 2827 875 2858 who
939 2827 1090 2858 editions
1107 2826 1195 2857 have
1213 2825 1271 2857 the
1289 2824 1423 2862 Greek3
1445 2823 1510 2855 but
1528 2823 1587 2855 the
1604 2823 1704 2854 other

113 2867 243 2900 ‘etiam
267 2870 411 2911 impiam
436 2870 627 2902 stulticiam
651 2871 823 2907 nominat,
848 2871 876 2901 31
940 2870 1051 2902 Greek
1080 2871 1116 2901 in
1146 2869 1205 2900 the
1234 2868 1336 2900 letter
1362 2868 1393 2899 it
1415 2867 1527 2909 prints
1548 2866 1700 2898 without

112 2912 190 2953 quis
227 2913 377 2944 affirmet
415 2913 590 2945 Christum
628 2924 728 2946 suam
765 2915 874 2954 ipsius
940 2913 1224 2945 transliteration.
1270 2912 1332 2945 See
1351 2911 1425 2944 also
1443 2911 1533 2953 Epp.
1556 2920 1700 2947 1110.1,

113 2959 259 2988 mortem
276 2956 534 2989 reformidasse’
555 2958 639 2997 (LB.
660 2968 692 2989 v.
716 2959 796 2989 1268
811 2959 860 2996 D).
943 2968 1034 2990 1202.
1054 2959 1104 2990 80.

156 3006 208 3038 95.
233 2999 353 3041 poet-a]
368 2999 472 3033 Mart.
495 3011 519 3033 1.
537 2999 644 3041 praef.
668 3010 690 3032 1.
984 3012 1054 3043 124.
1080 3000 1254 3032 meliorem
1270 3000 1422 3042 partem]
1444 2997 1496 3031 Cf.
1515 2998 1579 3041 Ep.
1605 3007 1697 3039 1124.

159 3052 229 3084 109.
255 3043 494 3083 scandalodes]
547 3045 583 3076 It
628 3046 656 3076 is
701 3054 775 3077 rare
820 3045 874 3077 for
944 3055 994 3086 19.
