<?xml version="1.0" encoding="UTF-8"?>
<!DOCTYPE html PUBLIC "-//W3C//DTD XHTML 1.0 Transitional//EN"
    "http://www.w3.org/TR/xhtml1/DTD/xhtml1-transitional.dtd">
<html xmlns="http://www.w3.org/1999/xhtml" xml:lang="en" lang="en">
 <head>
  <title>
</title>
<meta http-equiv="Content-Type" content="text/html;charset=utf-8" />
  <meta name='ocr-system' content='tesseract 3.04.00' />
  <meta name='ocr-capabilities' content='ocr_page ocr_carea ocr_par ocr_line ocrx_word'/>
</head>
<body>
  <div class='ocr_page' id='page_1' title='image "./opusepistolarum05eras_0175.png"; bbox 0 0 2012 3370; ppageno 0'>
   <div class='ocr_carea' id='block_1_1' title="bbox 99 139 1689 194">
    <p class='ocr_par' dir='ltr' id='par_1_1' title="bbox 99 139 1689 194">
     <span class='ocr_line' id='line_1_1' title="bbox 99 139 1689 194; baseline -0.004 -12"><span class='ocrx_word' id='word_1_1' title='bbox 99 146 221 194; x_wconf 86' lang='lat'>1324]</span> <span class='ocrx_word' id='word_1_2' title='bbox 641 142 713 180; x_wconf 83' lang='lat' dir='ltr'>FR</span> <span class='ocrx_word' id='word_1_3' title='bbox 720 142 800 181; x_wconf 89' lang='lat' dir='ltr'>OM</span> <span class='ocrx_word' id='word_1_4' title='bbox 830 141 1055 181; x_wconf 80' lang='lat' dir='ltr'><strong>ADRIAN</strong></span> <span class='ocrx_word' id='word_1_5' title='bbox 1084 140 1145 180; x_wconf 89' lang='lat' dir='ltr'>VI</span> <span class='ocrx_word' id='word_1_6' title='bbox 1614 139 1689 176; x_wconf 85' lang='lat'>145</span> 
     </span>
    </p>
   </div>
   <div class='ocr_carea' id='block_1_2' title="bbox 97 260 1689 297">
    <p class='ocr_par' dir='ltr' id='par_1_2' title="bbox 97 260 1689 297">
     <span class='ocr_line' id='line_1_2' title="bbox 97 260 1689 297; baseline -0.004 -1"><span class='ocrx_word' id='word_1_7' title='bbox 97 266 342 297; x_wconf 87' lang='lat' dir='ltr'>ADRIANVS</span> <span class='ocrx_word' id='word_1_8' title='bbox 368 266 491 296; x_wconf 89' lang='lat' dir='ltr'>PAPA</span> <span class='ocrx_word' id='word_1_9' title='bbox 519 262 698 294; x_wconf 86' lang='lat' dir='ltr'>SEXTVS</span> <span class='ocrx_word' id='word_1_10' title='bbox 728 261 931 291; x_wconf 77' lang='lat' dir='ltr'>DILECTO</span> <span class='ocrx_word' id='word_1_11' title='bbox 962 262 1088 292; x_wconf 88' lang='lat' dir='ltr'>FILIO</span> <span class='ocrx_word' id='word_1_12' title='bbox 1120 261 1310 291; x_wconf 83' lang='lat' dir='ltr'><strong>ERASMO</strong></span> <span class='ocrx_word' id='word_1_13' title='bbox 1344 260 1689 290; x_wconf 82' lang='lat' dir='ltr'>ROTERODAMO.</span> 
     </span>
    </p>
   </div>
   <div class='ocr_carea' id='block_1_3' title="bbox 97 320 1758 1896">
    <p class='ocr_par' dir='ltr' id='par_1_3' title="bbox 97 320 1758 1450">
     <span class='ocr_line' id='line_1_3' title="bbox 152 320 1691 374; baseline -0.006 -7"><span class='ocrx_word' id='word_1_14' title='bbox 152 328 350 367; x_wconf 80' lang='lat' dir='ltr'>DILECTE</span> <span class='ocrx_word' id='word_1_15' title='bbox 381 326 452 373; x_wconf 89' lang='lat' dir='ltr'>fili,</span> <span class='ocrx_word' id='word_1_16' title='bbox 486 325 666 364; x_wconf 89' lang='lat' dir='ltr'>salutem</span> <span class='ocrx_word' id='word_1_17' title='bbox 698 328 742 363; x_wconf 88' lang='lat' dir='ltr'>et</span> <span class='ocrx_word' id='word_1_18' title='bbox 773 323 1062 374; x_wconf 86' lang='lat' dir='ltr'>Apostolicam</span> <span class='ocrx_word' id='word_1_19' title='bbox 1094 322 1445 361; x_wconf 70' lang='lat' dir='ltr'>benedictionem.</span> <span class='ocrx_word' id='word_1_20' title='bbox 1506 320 1691 359; x_wconf 80' lang='lat' dir='ltr'>Litteras</span> 
     </span>
     <span class='ocr_line' id='line_1_4' title="bbox 98 374 1691 431; baseline -0.006 -9"><span class='ocrx_word' id='word_1_21' title='bbox 98 386 209 428; x_wconf 86' lang='lat' dir='ltr'>tuas,</span> <span class='ocrx_word' id='word_1_22' title='bbox 234 386 325 421; x_wconf 88' lang='lat' dir='ltr'>tam</span> <span class='ocrx_word' id='word_1_23' title='bbox 347 394 418 420; x_wconf 90' lang='lat' dir='ltr'>eas</span> <span class='ocrx_word' id='word_1_24' title='bbox 441 392 546 431; x_wconf 85' lang='lat' dir='ltr'>quas</span> <span class='ocrx_word' id='word_1_25' title='bbox 570 391 699 417; x_wconf 89' lang='lat' dir='ltr'>manu</span> <span class='ocrx_word' id='word_1_26' title='bbox 722 382 799 417; x_wconf 88' lang='lat' dir='ltr'>tua</span> <span class='ocrx_word' id='word_1_27' title='bbox 823 378 878 416; x_wconf 86' lang='lat' dir='ltr'>ad</span> <span class='ocrx_word' id='word_1_28' title='bbox 900 391 977 416; x_wconf 91' lang='lat' dir='ltr'>nos</span> <span class='ocrx_word' id='word_1_29' title='bbox 1000 378 1198 423; x_wconf 81' lang='lat' dir='ltr'>exarasti,</span> <span class='ocrx_word' id='word_1_30' title='bbox 1223 388 1353 427; x_wconf 91' lang='lat' dir='ltr'>quam</span> <span class='ocrx_word' id='word_1_31' title='bbox 1377 388 1447 414; x_wconf 89' lang='lat' dir='ltr'>eas</span> <span class='ocrx_word' id='word_1_32' title='bbox 1470 374 1625 425; x_wconf 90' lang='lat' dir='ltr'>quibus</span> <span class='ocrx_word' id='word_1_33' title='bbox 1647 375 1691 412; x_wconf 90' lang='lat' dir='ltr'>in</span> 
     </span>
     <span class='ocr_line' id='line_1_5' title="bbox 97 429 1690 475; baseline -0.006 0"><span class='ocrx_word' id='word_1_34' title='bbox 97 437 238 475; x_wconf 85' lang='lat' dir='ltr'>fronte</span> <span class='ocrx_word' id='word_1_35' title='bbox 270 434 667 474; x_wconf 73' lang='lat' dir='ltr'>commentariorum</span> <span class='ocrx_word' id='word_1_36' title='bbox 701 432 876 470; x_wconf 87' lang='lat' dir='ltr'>Arnobii</span> <span class='ocrx_word' id='word_1_37' title='bbox 909 433 1073 471; x_wconf 85' lang='lat' dir='ltr'>excusis</span> <span class='ocrx_word' id='word_1_38' title='bbox 1104 431 1269 470; x_wconf 88' lang='lat' dir='ltr'>labores</span> <span class='ocrx_word' id='word_1_39' title='bbox 1301 434 1399 468; x_wconf 91' lang='lat' dir='ltr'>tuos</span> <span class='ocrx_word' id='word_1_40' title='bbox 1430 429 1553 468; x_wconf 91' lang='lat' dir='ltr'>nobis</span> <span class='ocrx_word' id='word_1_41' title='bbox 1585 441 1690 466; x_wconf 90' lang='lat' dir='ltr'>nun-</span> 
     </span>
     <span class='ocr_line' id='line_1_6' title="bbox 98 482 1692 542; baseline -0.005 -13"><span class='ocrx_word' id='word_1_42' title='bbox 98 503 240 542; x_wconf 83' lang='lat' dir='ltr'>cupas,</span> <span class='ocrx_word' id='word_1_43' title='bbox 271 489 397 528; x_wconf 88' lang='lat' dir='ltr'>semel</span> <span class='ocrx_word' id='word_1_44' title='bbox 425 492 554 538; x_wconf 89' lang='lat' dir='ltr'>atque</span> <span class='ocrx_word' id='word_1_45' title='bbox 582 488 736 526; x_wconf 90' lang='lat' dir='ltr'>iterum</span> <span class='ocrx_word' id='word_1_46' title='bbox 764 487 940 537; x_wconf 87' lang='lat' dir='ltr'>legimus</span> <span class='ocrx_word' id='word_1_47' title='bbox 968 486 1249 537; x_wconf 68' lang='lat' dir='ltr'>perlibenter:</span> <span class='ocrx_word' id='word_1_48' title='bbox 1294 488 1389 523; x_wconf 92' lang='lat' dir='ltr'>tum</span> <span class='ocrx_word' id='word_1_49' title='bbox 1417 484 1517 534; x_wconf 81' lang='lat' dir='ltr'>quia</span> <span class='ocrx_word' id='word_1_50' title='bbox 1545 482 1621 521; x_wconf 90' lang='lat' dir='ltr'>abs</span> <span class='ocrx_word' id='word_1_51' title='bbox 1648 486 1692 521; x_wconf 88' lang='lat' dir='ltr'>te</span> 
     </span>
     <span class='ocr_line' id='line_1_7' title="bbox 98 537 1729 593; baseline -0.006 -10"><span class='ocrx_word' id='word_1_52' title='bbox 98 544 340 590; x_wconf 90' lang='lat' dir='ltr'>veniebant,</span> <span class='ocrx_word' id='word_1_53' title='bbox 364 555 490 593; x_wconf 90' lang='lat' dir='ltr'>quem</span> <span class='ocrx_word' id='word_1_54' title='bbox 513 542 567 580; x_wconf 91' lang='lat' dir='ltr'>ob</span> <span class='ocrx_word' id='word_1_55' title='bbox 590 542 798 592; x_wconf 82' lang='lat' dir='ltr'>egregiam</span> <span class='ocrx_word' id='word_1_56' title='bbox 821 540 1101 579; x_wconf 87' lang='lat' dir='ltr'>eruditionem</span> <span class='ocrx_word' id='word_1_57' title='bbox 1125 552 1287 590; x_wconf 84' lang='lat' dir='ltr'>semper</span> <span class='ocrx_word' id='word_1_58' title='bbox 1310 538 1479 589; x_wconf 84' lang='lat' dir='ltr'>plurimi</span> <span class='ocrx_word' id='word_1_59' title='bbox 1501 537 1690 583; x_wconf 86' lang='lat' dir='ltr'>fecimus,</span> <span class='ocrx_word' id='word_1_60' title='bbox 1715 555 1729 587; x_wconf 83' lang='lat'><strong>5</strong></span> 
     </span>
     <span class='ocr_line' id='line_1_8' title="bbox 97 594 1693 649; baseline -0.005 -12"><span class='ocrx_word' id='word_1_61' title='bbox 97 603 192 637; x_wconf 89' lang='lat' dir='ltr'>tum</span> <span class='ocrx_word' id='word_1_62' title='bbox 217 599 316 649; x_wconf 89' lang='lat' dir='ltr'>quia</span> <span class='ocrx_word' id='word_1_63' title='bbox 341 596 592 647; x_wconf 75' lang='lat' dir='ltr'>singularem</span> <span class='ocrx_word' id='word_1_64' title='bbox 618 595 835 646; x_wconf 90' lang='lat' dir='ltr'>quandam</span> <span class='ocrx_word' id='word_1_65' title='bbox 858 595 902 632; x_wconf 89' lang='lat' dir='ltr'>in</span> <span class='ocrx_word' id='word_1_66' title='bbox 926 607 1003 632; x_wconf 91' lang='lat' dir='ltr'>nos</span> <span class='ocrx_word' id='word_1_67' title='bbox 1026 594 1353 644; x_wconf 83' lang='lat' dir='ltr'>religionemque</span> <span class='ocrx_word' id='word_1_68' title='bbox 1378 596 1568 630; x_wconf 89' lang='lat' dir='ltr'>nostram</span> <span class='ocrx_word' id='word_1_69' title='bbox 1592 603 1693 642; x_wconf 90' lang='lat' dir='ltr'>prae</span> 
     </span>
     <span class='ocr_line' id='line_1_9' title="bbox 99 646 1692 702; baseline -0.005 -11"><span class='ocrx_word' id='word_1_70' title='bbox 99 666 142 691; x_wconf 89' lang='lat' dir='ltr'>se</span> <span class='ocrx_word' id='word_1_71' title='bbox 170 652 364 691; x_wconf 80' lang='lat' dir='ltr'>ferebant</span> <span class='ocrx_word' id='word_1_72' title='bbox 392 652 610 702; x_wconf 88' lang='lat' dir='ltr'>pietatem.</span> <span class='ocrx_word' id='word_1_73' title='bbox 663 649 774 688; x_wconf 89' lang='lat' dir='ltr'>Nam</span> <span class='ocrx_word' id='word_1_74' title='bbox 810 648 861 687; x_wconf 80' lang='lat' dir='ltr'>de</span> <span class='ocrx_word' id='word_1_75' title='bbox 882 648 1082 693; x_wconf 91' lang='lat' dir='ltr'>Arnobio,</span> <span class='ocrx_word' id='word_1_76' title='bbox 1114 648 1286 686; x_wconf 90' lang='lat' dir='ltr'>tametsi</span> <span class='ocrx_word' id='word_1_77' title='bbox 1307 659 1403 684; x_wconf 88' lang='lat' dir='ltr'>eum</span> <span class='ocrx_word' id='word_1_78' title='bbox 1433 659 1507 696; x_wconf 89' lang='lat' dir='ltr'>per</span> <span class='ocrx_word' id='word_1_79' title='bbox 1536 646 1692 696; x_wconf 86' lang='lat' dir='ltr'>grauis-</span> 
     </span>
     <span class='ocr_line' id='line_1_10' title="bbox 98 700 1693 757; baseline -0.005 -12"><span class='ocrx_word' id='word_1_80' title='bbox 98 708 226 745; x_wconf 88' lang='lat' dir='ltr'>simas</span> <span class='ocrx_word' id='word_1_81' title='bbox 246 706 543 757; x_wconf 66' lang='lat' dir='ltr'>occupationes</span> <span class='ocrx_word' id='word_1_82' title='bbox 569 703 759 742; x_wconf 86' lang='lat' dir='ltr'>nondum</span> <span class='ocrx_word' id='word_1_83' title='bbox 779 703 901 742; x_wconf 89' lang='lat' dir='ltr'>nobis</span> <span class='ocrx_word' id='word_1_84' title='bbox 920 703 1055 753; x_wconf 88' lang='lat' dir='ltr'>legere</span> <span class='ocrx_word' id='word_1_85' title='bbox 1083 702 1215 748; x_wconf 88' lang='lat' dir='ltr'>licuit,</span> <span class='ocrx_word' id='word_1_86' title='bbox 1237 714 1290 739; x_wconf 84' lang='lat' dir='ltr'>ex</span> <span class='ocrx_word' id='word_1_87' title='bbox 1318 700 1383 739; x_wconf 89' lang='lat' dir='ltr'>his</span> <span class='ocrx_word' id='word_1_88' title='bbox 1412 704 1558 739; x_wconf 91' lang='lat' dir='ltr'>tamen</span> <span class='ocrx_word' id='word_1_89' title='bbox 1584 712 1693 750; x_wconf 86' lang='lat' dir='ltr'>quae</span> 
     </span>
     <span class='ocr_line' id='line_1_11' title="bbox 99 753 1694 811; baseline -0.006 -11"><span class='ocrx_word' id='word_1_90' title='bbox 99 761 304 800; x_wconf 87' lang='lat' dir='ltr'>hactenus</span> <span class='ocrx_word' id='word_1_91' title='bbox 334 760 454 811; x_wconf 87' lang='lat' dir='ltr'>quasi</span> <span class='ocrx_word' id='word_1_92' title='bbox 484 759 642 809; x_wconf 88' lang='lat' dir='ltr'>raptim</span> <span class='ocrx_word' id='word_1_93' title='bbox 672 757 724 796; x_wconf 92' lang='lat' dir='ltr'>de</span> <span class='ocrx_word' id='word_1_94' title='bbox 753 757 824 796; x_wconf 91' lang='lat' dir='ltr'>illo</span> <span class='ocrx_word' id='word_1_95' title='bbox 854 757 1094 803; x_wconf 89' lang='lat' dir='ltr'>libauimus,</span> <span class='ocrx_word' id='word_1_96' title='bbox 1126 759 1220 794; x_wconf 92' lang='lat' dir='ltr'>tum</span> <span class='ocrx_word' id='word_1_97' title='bbox 1249 768 1302 793; x_wconf 86' lang='lat' dir='ltr'>ex</span> <span class='ocrx_word' id='word_1_98' title='bbox 1333 753 1575 793; x_wconf 79' lang='lat' dir='ltr'>veneranda</span> <span class='ocrx_word' id='word_1_99' title='bbox 1604 754 1694 792; x_wconf 89' lang='lat' dir='ltr'>eius</span> 
     </span>
     <span class='ocr_line' id='line_1_12' title="bbox 98 809 1755 864; baseline -0.004 -10"><span class='ocrx_word' id='word_1_100' title='bbox 98 818 316 854; x_wconf 83' lang='lat' dir='ltr'>vetustate</span> <span class='ocrx_word' id='word_1_101' title='bbox 343 815 487 864; x_wconf 88' lang='lat' dir='ltr'>reique</span> <span class='ocrx_word' id='word_1_102' title='bbox 516 813 568 851; x_wconf 89' lang='lat' dir='ltr'>de</span> <span class='ocrx_word' id='word_1_103' title='bbox 597 825 682 863; x_wconf 86' lang='lat' dir='ltr'>qua</span> <span class='ocrx_word' id='word_1_104' title='bbox 712 813 800 863; x_wconf 85' lang='lat' dir='ltr'>agit</span> <span class='ocrx_word' id='word_1_105' title='bbox 829 815 1093 862; x_wconf 89' lang='lat' dir='ltr'>argumento,</span> <span class='ocrx_word' id='word_1_106' title='bbox 1115 814 1159 849; x_wconf 91' lang='lat' dir='ltr'>et</span> <span class='ocrx_word' id='word_1_107' title='bbox 1185 814 1262 849; x_wconf 89' lang='lat' dir='ltr'>tua</span> <span class='ocrx_word' id='word_1_108' title='bbox 1281 809 1463 859; x_wconf 88' lang='lat' dir='ltr'>denique</span> <span class='ocrx_word' id='word_1_109' title='bbox 1483 820 1692 847; x_wconf 91' lang='lat' dir='ltr'>commen·</span> <span class='ocrx_word' id='word_1_110' title='bbox 1717 825 1755 847; x_wconf 86' lang='lat'>10</span> 
     </span>
     <span class='ocr_line' id='line_1_13' title="bbox 99 863 1694 919; baseline -0.006 -11"><span class='ocrx_word' id='word_1_111' title='bbox 99 869 284 914; x_wconf 90' lang='lat' dir='ltr'>datione,</span> <span class='ocrx_word' id='word_1_112' title='bbox 315 880 562 919; x_wconf 86' lang='lat' dir='ltr'>persuasum</span> <span class='ocrx_word' id='word_1_113' title='bbox 597 867 803 905; x_wconf 88' lang='lat' dir='ltr'>habemus</span> <span class='ocrx_word' id='word_1_114' title='bbox 836 879 921 904; x_wconf 91' lang='lat' dir='ltr'>non</span> <span class='ocrx_word' id='word_1_115' title='bbox 950 878 1072 916; x_wconf 89' lang='lat' dir='ltr'>posse</span> <span class='ocrx_word' id='word_1_116' title='bbox 1101 877 1199 903; x_wconf 91' lang='lat' dir='ltr'>eum</span> <span class='ocrx_word' id='word_1_117' title='bbox 1228 876 1314 902; x_wconf 91' lang='lat' dir='ltr'>non</span> <span class='ocrx_word' id='word_1_118' title='bbox 1353 875 1443 901; x_wconf 89' lang='lat' dir='ltr'>esse</span> <span class='ocrx_word' id='word_1_119' title='bbox 1483 863 1694 913; x_wconf 89' lang='lat' dir='ltr'>optimum</span> 
     </span>
     <span class='ocr_line' id='line_1_14' title="bbox 98 916 1694 969; baseline -0.005 -7"><span class='ocrx_word' id='word_1_120' title='bbox 98 922 335 962; x_wconf 88' lang='lat' dir='ltr'>authorem.</span> <span class='ocrx_word' id='word_1_121' title='bbox 401 921 524 969; x_wconf 81' lang='lat' dir='ltr'>Quod</span> <span class='ocrx_word' id='word_1_122' title='bbox 559 934 659 959; x_wconf 84' lang='lat' dir='ltr'>vero</span> <span class='ocrx_word' id='word_1_123' title='bbox 695 920 854 967; x_wconf 88' lang='lat' dir='ltr'>scribis,</span> <span class='ocrx_word' id='word_1_124' title='bbox 891 920 1026 958; x_wconf 87' lang='lat' dir='ltr'>vereri</span> <span class='ocrx_word' id='word_1_125' title='bbox 1060 923 1104 958; x_wconf 93' lang='lat' dir='ltr'>te</span> <span class='ocrx_word' id='word_1_126' title='bbox 1139 931 1192 957; x_wconf 91' lang='lat' dir='ltr'>ne</span> <span class='ocrx_word' id='word_1_127' title='bbox 1227 917 1467 968; x_wconf 90' lang='lat' dir='ltr'>aliquorum</span> <span class='ocrx_word' id='word_1_128' title='bbox 1504 916 1612 955; x_wconf 86' lang='lat' dir='ltr'>odiis</span> <span class='ocrx_word' id='word_1_129' title='bbox 1646 929 1694 954; x_wconf 89' lang='lat' dir='ltr'>ac</span> 
     </span>
     <span class='ocr_line' id='line_1_15' title="bbox 99 971 1693 1021; baseline -0.005 -5"><span class='ocrx_word' id='word_1_130' title='bbox 99 976 457 1016; x_wconf 73' lang='lat' dir='ltr'>susurrationibus</span> <span class='ocrx_word' id='word_1_131' title='bbox 489 975 757 1014; x_wconf 86' lang='lat' dir='ltr'>Lutheranae</span> <span class='ocrx_word' id='word_1_132' title='bbox 788 974 986 1013; x_wconf 81' lang='lat' dir='ltr'>factionis</span> <span class='ocrx_word' id='word_1_133' title='bbox 1017 974 1187 1012; x_wconf 90' lang='lat' dir='ltr'>nomine</span> <span class='ocrx_word' id='word_1_134' title='bbox 1218 973 1274 1011; x_wconf 89' lang='lat' dir='ltr'>sis</span> <span class='ocrx_word' id='word_1_135' title='bbox 1305 971 1428 1010; x_wconf 89' lang='lat' dir='ltr'>nobis</span> <span class='ocrx_word' id='word_1_136' title='bbox 1459 974 1693 1021; x_wconf 88' lang='lat' dir='ltr'>suspectus,</span> 
     </span>
     <span class='ocr_line' id='line_1_16' title="bbox 100 1025 1693 1074; baseline -0.006 -3"><span class='ocrx_word' id='word_1_137' title='bbox 100 1031 211 1071; x_wconf 92' lang='lat' dir='ltr'>bono</span> <span class='ocrx_word' id='word_1_138' title='bbox 227 1032 271 1070; x_wconf 89' lang='lat' dir='ltr'>in</span> <span class='ocrx_word' id='word_1_139' title='bbox 286 1031 365 1070; x_wconf 93' lang='lat' dir='ltr'>hoc</span> <span class='ocrx_word' id='word_1_140' title='bbox 381 1034 425 1069; x_wconf 91' lang='lat' dir='ltr'>te</span> <span class='ocrx_word' id='word_1_141' title='bbox 441 1031 584 1069; x_wconf 86' lang='lat' dir='ltr'>animo</span> <span class='ocrx_word' id='word_1_142' title='bbox 600 1042 688 1068; x_wconf 87' lang='lat' dir='ltr'>esse</span> <span class='ocrx_word' id='word_1_143' title='bbox 704 1028 914 1068; x_wconf 82' lang='lat' dir='ltr'>volumus.</span> <span class='ocrx_word' id='word_1_144' title='bbox 960 1027 1078 1067; x_wconf 90' lang='lat' dir='ltr'>Licet</span> <span class='ocrx_word' id='word_1_145' title='bbox 1094 1028 1219 1074; x_wconf 88' lang='lat' dir='ltr'>enim,</span> <span class='ocrx_word' id='word_1_146' title='bbox 1237 1030 1288 1065; x_wconf 85' lang='lat' dir='ltr'>vt</span> <span class='ocrx_word' id='word_1_147' title='bbox 1304 1038 1451 1065; x_wconf 87' lang='lat' dir='ltr'>verum</span> <span class='ocrx_word' id='word_1_148' title='bbox 1467 1025 1693 1069; x_wconf 76' lang='lat' dir='ltr'>fateamur,</span> 
     </span>
     <span class='ocr_line' id='line_1_17' title="bbox 101 1079 1753 1127; baseline -0.004 -2"><span class='ocrx_word' id='word_1_149' title='bbox 101 1099 255 1125; x_wconf 90' lang='lat' dir='ltr'>nomen</span> <span class='ocrx_word' id='word_1_150' title='bbox 283 1086 328 1124; x_wconf 91' lang='lat' dir='ltr'>in</span> <span class='ocrx_word' id='word_1_151' title='bbox 356 1085 435 1123; x_wconf 89' lang='lat' dir='ltr'>hac</span> <span class='ocrx_word' id='word_1_152' title='bbox 464 1098 509 1122; x_wconf 89' lang='lat' dir='ltr'>re</span> <span class='ocrx_word' id='word_1_153' title='bbox 537 1088 662 1123; x_wconf 84' lang='lat' dir='ltr'>tuum</span> <span class='ocrx_word' id='word_1_154' title='bbox 692 1083 747 1122; x_wconf 89' lang='lat' dir='ltr'>ab</span> <span class='ocrx_word' id='word_1_155' title='bbox 777 1096 862 1122; x_wconf 86' lang='lat' dir='ltr'>vno</span> <span class='ocrx_word' id='word_1_156' title='bbox 891 1082 1002 1121; x_wconf 85' lang='lat' dir='ltr'>forte</span> <span class='ocrx_word' id='word_1_157' title='bbox 1031 1086 1108 1121; x_wconf 88' lang='lat' dir='ltr'>aut</span> <span class='ocrx_word' id='word_1_158' title='bbox 1138 1081 1272 1120; x_wconf 86' lang='lat' dir='ltr'>altero</span> <span class='ocrx_word' id='word_1_159' title='bbox 1300 1093 1387 1119; x_wconf 88' lang='lat' dir='ltr'>non</span> <span class='ocrx_word' id='word_1_160' title='bbox 1416 1079 1601 1118; x_wconf 89' lang='lat' dir='ltr'>multum</span> <span class='ocrx_word' id='word_1_161' title='bbox 1630 1079 1695 1117; x_wconf 85' lang='lat' dir='ltr'>tui</span> <span class='ocrx_word' id='word_1_162' title='bbox 1719 1095 1753 1127; x_wconf 78' lang='lat'>13</span> 
     </span>
     <span class='ocr_line' id='line_1_18' title="bbox 99 1137 1695 1189; baseline -0.005 -10"><span class='ocrx_word' id='word_1_163' title='bbox 99 1139 290 1179; x_wconf 89' lang='lat' dir='ltr'>studioso</span> <span class='ocrx_word' id='word_1_164' title='bbox 316 1138 507 1178; x_wconf 89' lang='lat' dir='ltr'>nonnihil</span> <span class='ocrx_word' id='word_1_165' title='bbox 528 1138 643 1189; x_wconf 88' lang='lat' dir='ltr'>apud</span> <span class='ocrx_word' id='word_1_166' title='bbox 663 1150 740 1176; x_wconf 92' lang='lat' dir='ltr'>nos</span> <span class='ocrx_word' id='word_1_167' title='bbox 761 1137 950 1176; x_wconf 87' lang='lat' dir='ltr'>delatum</span> <span class='ocrx_word' id='word_1_168' title='bbox 971 1137 1040 1184; x_wconf 86' lang='lat' dir='ltr'>sit,</span> <span class='ocrx_word' id='word_1_169' title='bbox 1063 1149 1115 1175; x_wconf 81' lang='lat' dir='ltr'>ex</span> <span class='ocrx_word' id='word_1_170' title='bbox 1135 1140 1291 1174; x_wconf 89' lang='lat' dir='ltr'>natura</span> <span class='ocrx_word' id='word_1_171' title='bbox 1310 1138 1457 1173; x_wconf 89' lang='lat' dir='ltr'>tamen</span> <span class='ocrx_word' id='word_1_172' title='bbox 1477 1137 1623 1172; x_wconf 86' lang='lat' dir='ltr'>nostra</span> <span class='ocrx_word' id='word_1_173' title='bbox 1652 1137 1695 1171; x_wconf 84' lang='lat' dir='ltr'>et</span> 
     </span>
     <span class='ocr_line' id='line_1_19' title="bbox 99 1187 1696 1242; baseline -0.005 -9"><span class='ocrx_word' id='word_1_174' title='bbox 99 1195 312 1240; x_wconf 86' lang='lat' dir='ltr'>instituto,</span> <span class='ocrx_word' id='word_1_175' title='bbox 350 1193 405 1231; x_wconf 87' lang='lat' dir='ltr'>ad</span> <span class='ocrx_word' id='word_1_176' title='bbox 440 1193 516 1231; x_wconf 90' lang='lat' dir='ltr'>hec</span> <span class='ocrx_word' id='word_1_177' title='bbox 551 1206 603 1231; x_wconf 83' lang='lat' dir='ltr'>ex</span> <span class='ocrx_word' id='word_1_178' title='bbox 639 1192 775 1230; x_wconf 88' lang='lat' dir='ltr'>officio</span> <span class='ocrx_word' id='word_1_179' title='bbox 810 1191 1013 1242; x_wconf 88' lang='lat' dir='ltr'>pastorali</span> <span class='ocrx_word' id='word_1_180' title='bbox 1049 1190 1164 1242; x_wconf 91' lang='lat' dir='ltr'>quod</span> <span class='ocrx_word' id='word_1_181' title='bbox 1199 1190 1394 1241; x_wconf 86' lang='lat' dir='ltr'>gerimus,</span> <span class='ocrx_word' id='word_1_182' title='bbox 1431 1201 1518 1226; x_wconf 92' lang='lat' dir='ltr'>non</span> <span class='ocrx_word' id='word_1_183' title='bbox 1551 1187 1696 1226; x_wconf 84' lang='lat' dir='ltr'>faciles</span> 
     </span>
     <span class='ocr_line' id='line_1_20' title="bbox 99 1241 1696 1299; baseline -0.005 -12"><span class='ocrx_word' id='word_1_184' title='bbox 99 1248 299 1299; x_wconf 88' lang='lat' dir='ltr'>praebere</span> <span class='ocrx_word' id='word_1_185' title='bbox 326 1260 448 1286; x_wconf 88' lang='lat' dir='ltr'>aures</span> <span class='ocrx_word' id='word_1_186' title='bbox 475 1246 656 1285; x_wconf 85' lang='lat' dir='ltr'>solemus</span> <span class='ocrx_word' id='word_1_187' title='bbox 684 1246 739 1284; x_wconf 85' lang='lat' dir='ltr'>ad</span> <span class='ocrx_word' id='word_1_188' title='bbox 765 1259 815 1284; x_wconf 86' lang='lat' dir='ltr'>ea</span> <span class='ocrx_word' id='word_1_189' title='bbox 842 1259 924 1296; x_wconf 93' lang='lat' dir='ltr'>que</span> <span class='ocrx_word' id='word_1_190' title='bbox 951 1245 1002 1284; x_wconf 90' lang='lat' dir='ltr'>de</span> <span class='ocrx_word' id='word_1_191' title='bbox 1031 1245 1168 1284; x_wconf 88' lang='lat' dir='ltr'>doctis</span> <span class='ocrx_word' id='word_1_192' title='bbox 1195 1248 1240 1283; x_wconf 89' lang='lat' dir='ltr'>et</span> <span class='ocrx_word' id='word_1_193' title='bbox 1266 1243 1547 1282; x_wconf 85' lang='lat' dir='ltr'>sanctimonia</span> <span class='ocrx_word' id='word_1_194' title='bbox 1575 1241 1696 1280; x_wconf 91' lang='lat' dir='ltr'>claris</span> 
     </span>
     <span class='ocr_line' id='line_1_21' title="bbox 99 1296 1696 1350; baseline -0.004 -9"><span class='ocrx_word' id='word_1_195' title='bbox 99 1303 200 1342; x_wconf 82' lang='lat' dir='ltr'>viris</span> <span class='ocrx_word' id='word_1_196' title='bbox 228 1302 396 1341; x_wconf 85' lang='lat' dir='ltr'>sinistre</span> <span class='ocrx_word' id='word_1_197' title='bbox 424 1301 546 1339; x_wconf 86' lang='lat' dir='ltr'>nobis</span> <span class='ocrx_word' id='word_1_198' title='bbox 575 1300 843 1339; x_wconf 84' lang='lat' dir='ltr'>referuntur:</span> <span class='ocrx_word' id='word_1_199' title='bbox 889 1312 996 1350; x_wconf 89' lang='lat' dir='ltr'>quos</span> <span class='ocrx_word' id='word_1_200' title='bbox 1025 1302 1189 1350; x_wconf 84' lang='lat' dir='ltr'>quanto</span> <span class='ocrx_word' id='word_1_201' title='bbox 1219 1299 1373 1336; x_wconf 90' lang='lat' dir='ltr'>scimus</span> <span class='ocrx_word' id='word_1_202' title='bbox 1402 1296 1696 1335; x_wconf 88' lang='lat' dir='ltr'>excellentiore</span> 
     </span>
     <span class='ocr_line' id='line_1_22' title="bbox 100 1350 1758 1407; baseline -0.003 -12"><span class='ocrx_word' id='word_1_203' title='bbox 100 1356 294 1395; x_wconf 87' lang='lat' dir='ltr'>doctrina</span> <span class='ocrx_word' id='word_1_204' title='bbox 326 1355 555 1407; x_wconf 56' lang='lat' dir='ltr'>praeditos</span> <span class='ocrx_word' id='word_1_205' title='bbox 590 1358 715 1393; x_wconf 87' lang='lat' dir='ltr'>tanto</span> <span class='ocrx_word' id='word_1_206' title='bbox 750 1353 944 1392; x_wconf 85' lang='lat' dir='ltr'>videmus</span> <span class='ocrx_word' id='word_1_207' title='bbox 978 1366 1066 1392; x_wconf 88' lang='lat' dir='ltr'>esse</span> <span class='ocrx_word' id='word_1_208' title='bbox 1099 1352 1286 1392; x_wconf 89' lang='lat' dir='ltr'>inuidiae</span> <span class='ocrx_word' id='word_1_209' title='bbox 1320 1351 1529 1390; x_wconf 87' lang='lat' dir='ltr'>morsibus</span> <span class='ocrx_word' id='word_1_210' title='bbox 1563 1350 1697 1401; x_wconf 84' lang='lat' dir='ltr'>magis</span> <span class='ocrx_word' id='word_1_211' title='bbox 1716 1367 1758 1390; x_wconf 84' lang='lat'>20</span> 
     </span>
     <span class='ocr_line' id='line_1_23' title="bbox 100 1410 319 1450; baseline -0.005 0"><span class='ocrx_word' id='word_1_212' title='bbox 100 1410 319 1450; x_wconf 85' lang='lat' dir='ltr'>obnoxios.</span> 
     </span>
    </p>

    <p class='ocr_par' dir='ltr' id='par_1_4' title="bbox 99 1458 1757 1896">
     <span class='ocr_line' id='line_1_24' title="bbox 154 1458 1696 1514; baseline -0.005 -11"><span class='ocrx_word' id='word_1_213' title='bbox 154 1465 236 1504; x_wconf 91' lang='lat' dir='ltr'>Pro</span> <span class='ocrx_word' id='word_1_214' title='bbox 267 1477 317 1503; x_wconf 88' lang='lat' dir='ltr'>ea</span> <span class='ocrx_word' id='word_1_215' title='bbox 347 1467 494 1503; x_wconf 82' lang='lat' dir='ltr'>tamen</span> <span class='ocrx_word' id='word_1_216' title='bbox 526 1476 611 1514; x_wconf 88' lang='lat' dir='ltr'>qua</span> <span class='ocrx_word' id='word_1_217' title='bbox 642 1467 685 1502; x_wconf 89' lang='lat' dir='ltr'>te</span> <span class='ocrx_word' id='word_1_218' title='bbox 717 1463 1011 1514; x_wconf 88' lang='lat' dir='ltr'>prosequimur</span> <span class='ocrx_word' id='word_1_219' title='bbox 1043 1461 1253 1500; x_wconf 83' lang='lat' dir='ltr'>charitate</span> <span class='ocrx_word' id='word_1_220' title='bbox 1284 1471 1445 1511; x_wconf 89' lang='lat' dir='ltr'>proque</span> <span class='ocrx_word' id='word_1_221' title='bbox 1476 1458 1616 1497; x_wconf 87' lang='lat' dir='ltr'>famae</span> <span class='ocrx_word' id='word_1_222' title='bbox 1648 1471 1696 1496; x_wconf 86' lang='lat' dir='ltr'>ac</span> 
     </span>
     <span class='ocr_line' id='line_1_25' title="bbox 99 1513 1698 1570; baseline -0.005 -12"><span class='ocrx_word' id='word_1_223' title='bbox 99 1532 225 1559; x_wconf 82' lang='lat' dir='ltr'>verae</span> <span class='ocrx_word' id='word_1_224' title='bbox 249 1518 404 1570; x_wconf 87' lang='lat' dir='ltr'>gloriae</span> <span class='ocrx_word' id='word_1_225' title='bbox 430 1521 532 1556; x_wconf 90' lang='lat' dir='ltr'>tuae</span> <span class='ocrx_word' id='word_1_226' title='bbox 558 1517 779 1568; x_wconf 87' lang='lat' dir='ltr'>desyderio</span> <span class='ocrx_word' id='word_1_227' title='bbox 804 1521 848 1555; x_wconf 94' lang='lat' dir='ltr'>te</span> <span class='ocrx_word' id='word_1_228' title='bbox 875 1516 1096 1555; x_wconf 85' lang='lat' dir='ltr'>hortamur</span> <span class='ocrx_word' id='word_1_229' title='bbox 1122 1518 1172 1554; x_wconf 85' lang='lat' dir='ltr'>vt</span> <span class='ocrx_word' id='word_1_230' title='bbox 1198 1518 1347 1554; x_wconf 88' lang='lat' dir='ltr'>contra</span> <span class='ocrx_word' id='word_1_231' title='bbox 1373 1526 1507 1552; x_wconf 88' lang='lat' dir='ltr'>nouas</span> <span class='ocrx_word' id='word_1_232' title='bbox 1532 1513 1698 1551; x_wconf 84' lang='lat' dir='ltr'>hereses</span> 
     </span>
     <span class='ocr_line' id='line_1_26' title="bbox 99 1567 1696 1622; baseline -0.005 -10"><span class='ocrx_word' id='word_1_233' title='bbox 99 1574 204 1613; x_wconf 88' lang='lat' dir='ltr'>istas</span> <span class='ocrx_word' id='word_1_234' title='bbox 227 1572 373 1612; x_wconf 88' lang='lat' dir='ltr'>stilum</span> <span class='ocrx_word' id='word_1_235' title='bbox 395 1576 533 1618; x_wconf 91' lang='lat' dir='ltr'>tuum,</span> <span class='ocrx_word' id='word_1_236' title='bbox 559 1573 633 1622; x_wconf 91' lang='lat' dir='ltr'>qui</span> <span class='ocrx_word' id='word_1_237' title='bbox 656 1571 802 1610; x_wconf 87' lang='lat' dir='ltr'>diuina</span> <span class='ocrx_word' id='word_1_238' title='bbox 826 1571 1088 1622; x_wconf 86' lang='lat' dir='ltr'>benignitate</span> <span class='ocrx_word' id='word_1_239' title='bbox 1112 1569 1191 1609; x_wconf 89' lang='lat' dir='ltr'>tibi</span> <span class='ocrx_word' id='word_1_240' title='bbox 1217 1569 1396 1619; x_wconf 90' lang='lat' dir='ltr'>contigit</span> <span class='ocrx_word' id='word_1_241' title='bbox 1418 1567 1696 1613; x_wconf 81' lang='lat' dir='ltr'>felicissimus,</span> 
     </span>
     <span class='ocr_line' id='line_1_27' title="bbox 99 1622 1757 1677; baseline -0.004 -11"><span class='ocrx_word' id='word_1_242' title='bbox 99 1640 293 1667; x_wconf 84' lang='lat' dir='ltr'>exerceas</span> <span class='ocrx_word' id='word_1_243' title='bbox 313 1641 322 1673; x_wconf 93' lang='lat'>;</span> <span class='ocrx_word' id='word_1_244' title='bbox 356 1639 458 1677; x_wconf 90' lang='lat' dir='ltr'>qum</span> <span class='ocrx_word' id='word_1_245' title='bbox 476 1626 621 1665; x_wconf 88' lang='lat' dir='ltr'>multis</span> <span class='ocrx_word' id='word_1_246' title='bbox 638 1626 689 1664; x_wconf 93' lang='lat' dir='ltr'>de</span> <span class='ocrx_word' id='word_1_247' title='bbox 708 1626 843 1664; x_wconf 82' lang='lat' dir='ltr'>causis</span> <span class='ocrx_word' id='word_1_248' title='bbox 860 1630 909 1664; x_wconf 93' lang='lat' dir='ltr'>tu</span> <span class='ocrx_word' id='word_1_249' title='bbox 926 1625 1189 1676; x_wconf 89' lang='lat' dir='ltr'>prouinciam</span> <span class='ocrx_word' id='word_1_250' title='bbox 1206 1623 1315 1662; x_wconf 88' lang='lat' dir='ltr'>hanc</span> <span class='ocrx_word' id='word_1_251' title='bbox 1332 1622 1413 1661; x_wconf 87' lang='lat' dir='ltr'>tibi</span> <span class='ocrx_word' id='word_1_252' title='bbox 1429 1622 1697 1673; x_wconf 85' lang='lat' dir='ltr'>potissimum</span> <span class='ocrx_word' id='word_1_253' title='bbox 1718 1639 1757 1670; x_wconf 74' lang='lat'>25</span> 
     </span>
     <span class='ocr_line' id='line_1_28' title="bbox 100 1676 1699 1726; baseline -0.005 -5"><span class='ocrx_word' id='word_1_254' title='bbox 100 1695 126 1721; x_wconf 90' lang='lat' dir='ltr'>a</span> <span class='ocrx_word' id='word_1_255' title='bbox 152 1682 243 1721; x_wconf 91' lang='lat' dir='ltr'>Deo</span> <span class='ocrx_word' id='word_1_256' title='bbox 269 1685 529 1720; x_wconf 86' lang='lat' dir='ltr'>reseruatam</span> <span class='ocrx_word' id='word_1_257' title='bbox 556 1680 724 1719; x_wconf 87' lang='lat' dir='ltr'>credere</span> <span class='ocrx_word' id='word_1_258' title='bbox 751 1680 902 1718; x_wconf 89' lang='lat' dir='ltr'>merito</span> <span class='ocrx_word' id='word_1_259' title='bbox 929 1679 1097 1718; x_wconf 88' lang='lat' dir='ltr'>debeas.</span> <span class='ocrx_word' id='word_1_260' title='bbox 1153 1678 1272 1716; x_wconf 90' lang='lat' dir='ltr'>Inest</span> <span class='ocrx_word' id='word_1_261' title='bbox 1298 1678 1410 1716; x_wconf 81' lang='lat' dir='ltr'>em‘m</span> <span class='ocrx_word' id='word_1_262' title='bbox 1437 1676 1517 1715; x_wconf 88' lang='lat' dir='ltr'>tibi</span> <span class='ocrx_word' id='word_1_263' title='bbox 1545 1688 1699 1726; x_wconf 85' lang='lat' dir='ltr'>magna</span> 
     </span>
     <span class='ocr_line' id='line_1_29' title="bbox 99 1731 1699 1788; baseline -0.005 -13"><span class='ocrx_word' id='word_1_264' title='bbox 99 1737 255 1788; x_wconf 89' lang='lat' dir='ltr'>ingenii</span> <span class='ocrx_word' id='word_1_265' title='bbox 285 1737 363 1782; x_wconf 88' lang='lat' dir='ltr'>vis,</span> <span class='ocrx_word' id='word_1_266' title='bbox 396 1735 515 1774; x_wconf 84' lang='lat' dir='ltr'>varia</span> <span class='ocrx_word' id='word_1_267' title='bbox 546 1734 741 1781; x_wconf 87' lang='lat' dir='ltr'>eruditio,</span> <span class='ocrx_word' id='word_1_268' title='bbox 775 1734 984 1773; x_wconf 86' lang='lat' dir='ltr'>scribendi</span> <span class='ocrx_word' id='word_1_269' title='bbox 1015 1731 1324 1784; x_wconf 86' lang='lat' dir='ltr'>promptitudo,</span> <span class='ocrx_word' id='word_1_270' title='bbox 1358 1735 1521 1781; x_wconf 86' lang='lat' dir='ltr'>quanta</span> <span class='ocrx_word' id='word_1_271' title='bbox 1553 1734 1699 1768; x_wconf 84' lang='lat' dir='ltr'>nostra</span> 
     </span>
     <span class='ocr_line' id='line_1_30' title="bbox 100 1785 1698 1840; baseline -0.005 -11"><span class='ocrx_word' id='word_1_272' title='bbox 100 1791 302 1829; x_wconf 89' lang='lat' dir='ltr'>memoria</span> <span class='ocrx_word' id='word_1_273' title='bbox 330 1790 594 1840; x_wconf 84' lang='lat' dir='ltr'>paucissimis</span> <span class='ocrx_word' id='word_1_274' title='bbox 622 1789 727 1835; x_wconf 88' lang='lat' dir='ltr'>aliis,</span> <span class='ocrx_word' id='word_1_275' title='bbox 757 1802 809 1827; x_wconf 92' lang='lat' dir='ltr'>ne</span> <span class='ocrx_word' id='word_1_276' title='bbox 839 1788 1029 1826; x_wconf 88' lang='lat' dir='ltr'>dicamus</span> <span class='ocrx_word' id='word_1_277' title='bbox 1057 1787 1210 1833; x_wconf 85' lang='lat' dir='ltr'>nullis;</span> <span class='ocrx_word' id='word_1_278' title='bbox 1256 1789 1396 1836; x_wconf 86' lang='lat' dir='ltr'>preter</span> <span class='ocrx_word' id='word_1_279' title='bbox 1424 1785 1500 1823; x_wconf 89' lang='lat' dir='ltr'>hec</span> <span class='ocrx_word' id='word_1_280' title='bbox 1529 1797 1698 1834; x_wconf 88' lang='lat' dir='ltr'>quoque</span> 
     </span>
     <span class='ocr_line' id='line_1_31' title="bbox 100 1839 1698 1896; baseline -0.006 -12"><span class='ocrx_word' id='word_1_281' title='bbox 100 1845 216 1896; x_wconf 88' lang='lat' dir='ltr'>apud</span> <span class='ocrx_word' id='word_1_282' title='bbox 235 1857 305 1883; x_wconf 88' lang='lat' dir='ltr'>eas</span> <span class='ocrx_word' id='word_1_283' title='bbox 324 1845 519 1883; x_wconf 90' lang='lat' dir='ltr'>nationes</span> <span class='ocrx_word' id='word_1_284' title='bbox 539 1843 651 1882; x_wconf 88' lang='lat' dir='ltr'>vnde</span> <span class='ocrx_word' id='word_1_285' title='bbox 671 1843 831 1881; x_wconf 89' lang='lat' dir='ltr'>malum</span> <span class='ocrx_word' id='word_1_286' title='bbox 850 1843 929 1881; x_wconf 92' lang='lat' dir='ltr'>hoc</span> <span class='ocrx_word' id='word_1_287' title='bbox 949 1846 1089 1881; x_wconf 91' lang='lat' dir='ltr'>ortum</span> <span class='ocrx_word' id='word_1_288' title='bbox 1111 1846 1188 1887; x_wconf 89' lang='lat' dir='ltr'>est,</span> <span class='ocrx_word' id='word_1_289' title='bbox 1211 1853 1376 1879; x_wconf 90' lang='lat' dir='ltr'>summa</span> <span class='ocrx_word' id='word_1_290' title='bbox 1396 1843 1439 1878; x_wconf 91' lang='lat' dir='ltr'>et</span> <span class='ocrx_word' id='word_1_291' title='bbox 1459 1839 1698 1877; x_wconf 79' lang='lat' dir='ltr'>authoritas</span> 
     </span>
    </p>
   </div>
   <div class='ocr_carea' id='block_1_4' title="bbox 98 1917 1700 2400">
    <p class='ocr_par' dir='ltr' id='par_1_5' title="bbox 98 1917 1700 2400">
     <span class='ocr_line' id='line_1_32' title="bbox 143 1917 1699 1959; baseline -0.005 -4"><span class='ocrx_word' id='word_1_292' title='bbox 143 1933 211 1955; x_wconf 79' lang='lat' dir='ltr'>TIT.</span> <span class='ocrx_word' id='word_1_293' title='bbox 239 1931 393 1955; x_wconf 77' lang='lat' dir='ltr'>DILEc&#39;ro</span> <span class='ocrx_word' id='word_1_294' title='bbox 421 1946 428 1955; x_wconf 85' lang='lat'>.</span> <span class='ocrx_word' id='word_1_295' title='bbox 456 1947 463 1954; x_wconf 91' lang='lat'>.</span> <span class='ocrx_word' id='word_1_296' title='bbox 492 1946 499 1954; x_wconf 91' lang='lat'>.</span> <span class='ocrx_word' id='word_1_297' title='bbox 527 1930 778 1953; x_wconf 75' lang='lat' dir='ltr'>ROTERODAMO</span> <span class='ocrx_word' id='word_1_298' title='bbox 804 1932 866 1953; x_wconf 80' lang='lat' dir='ltr'>om.</span> <span class='ocrx_word' id='word_1_299' title='bbox 894 1922 927 1953; x_wconf 73' lang='grc' dir='ltr'>Β.</span> <span class='ocrx_word' id='word_1_300' title='bbox 1096 1928 1124 1959; x_wconf 82' lang='lat'>3.</span> <span class='ocrx_word' id='word_1_301' title='bbox 1151 1919 1286 1950; x_wconf 76' lang='lat' dir='ltr'>excusis</span> <span class='ocrx_word' id='word_1_302' title='bbox 1311 1918 1385 1949; x_wconf 81' lang='lat' dir='ltr'>add.</span> <span class='ocrx_word' id='word_1_303' title='bbox 1413 1919 1447 1952; x_wconf 84' lang='grc' dir='ltr'>β.</span> <span class='ocrx_word' id='word_1_304' title='bbox 1605 1917 1636 1948; x_wconf 82' lang='lat'>6.</span> <span class='ocrx_word' id='word_1_305' title='bbox 1663 1920 1699 1948; x_wconf 83' lang='lat' dir='ltr'>et</span> 
     </span>
     <span class='ocr_line' id='line_1_33' title="bbox 98 1961 1697 2008; baseline -0.005 -9"><span class='ocrx_word' id='word_1_306' title='bbox 98 1967 297 2008; x_wconf 82' lang='lat' dir='ltr'>religionem</span> <span class='ocrx_word' id='word_1_307' title='bbox 315 1969 348 2001; x_wconf 86' lang='grc' dir='ltr'>β.</span> <span class='ocrx_word' id='word_1_308' title='bbox 536 1966 705 2006; x_wconf 82' lang='lat' dir='ltr'>pietatem</span> <span class='ocrx_word' id='word_1_309' title='bbox 724 1975 806 2006; x_wconf 82' lang='lat' dir='ltr'>prae</span> <span class='ocrx_word' id='word_1_310' title='bbox 825 1975 860 1995; x_wconf 90' lang='lat' dir='ltr'>se</span> <span class='ocrx_word' id='word_1_311' title='bbox 878 1963 1038 1995; x_wconf 84' lang='lat' dir='ltr'>ferebant</span> <span class='ocrx_word' id='word_1_312' title='bbox 1055 1965 1089 1998; x_wconf 86' lang='grc' dir='ltr'>β.</span> <span class='ocrx_word' id='word_1_313' title='bbox 1293 1971 1322 2002; x_wconf 91' lang='lat'>7.</span> <span class='ocrx_word' id='word_1_314' title='bbox 1351 1961 1491 1992; x_wconf 81' lang='lat' dir='ltr'>tametsi</span> <span class='ocrx_word' id='word_1_315' title='bbox 1510 1973 1529 1990; x_wconf 84' lang='grc' dir='ltr'>α</span> <span class='ocrx_word' id='word_1_316' title='bbox 1547 1973 1553 1992; x_wconf 92' lang='lat'>:</span> <span class='ocrx_word' id='word_1_317' title='bbox 1580 1961 1644 1991; x_wconf 84' lang='lat' dir='ltr'>etsi</span> <span class='ocrx_word' id='word_1_318' title='bbox 1663 1962 1697 1994; x_wconf 88' lang='grc' dir='ltr'>β.</span> 
     </span>
     <span class='ocr_line' id='line_1_34' title="bbox 101 2004 1697 2052; baseline -0.004 -11"><span class='ocrx_word' id='word_1_319' title='bbox 101 2011 131 2043; x_wconf 88' lang='grc'>8.</span> <span class='ocrx_word' id='word_1_320' title='bbox 158 2011 268 2052; x_wconf 85' lang='lat' dir='ltr'>legere</span> <span class='ocrx_word' id='word_1_321' title='bbox 281 2022 300 2040; x_wconf 84' lang='lat' dir='ltr'>a</span> <span class='ocrx_word' id='word_1_322' title='bbox 317 2022 324 2042; x_wconf 90' lang='lat'><strong>:</strong></span> <span class='ocrx_word' id='word_1_323' title='bbox 351 2008 522 2051; x_wconf 85' lang='lat' dir='ltr'>perlegere</span> <span class='ocrx_word' id='word_1_324' title='bbox 535 2010 568 2043; x_wconf 84' lang='grc' dir='ltr'>β.</span> <span class='ocrx_word' id='word_1_325' title='bbox 750 2008 802 2039; x_wconf 88' lang='lat' dir='ltr'>his</span> <span class='ocrx_word' id='word_1_326' title='bbox 815 2020 833 2038; x_wconf 79' lang='grc' dir='ltr'><em>α</em></span> <span class='ocrx_word' id='word_1_327' title='bbox 850 2020 858 2040; x_wconf 87' lang='grc'>;</span> <span class='ocrx_word' id='word_1_328' title='bbox 884 2008 924 2039; x_wconf 88' lang='lat' dir='ltr'>iis</span> <span class='ocrx_word' id='word_1_329' title='bbox 936 2010 969 2041; x_wconf 82' lang='grc' dir='ltr'>β.</span> <span class='ocrx_word' id='word_1_330' title='bbox 1155 2015 1186 2043; x_wconf 86' lang='grc'>9.</span> <span class='ocrx_word' id='word_1_331' title='bbox 1213 2005 1382 2037; x_wconf 85' lang='lat' dir='ltr'>hactenus</span> <span class='ocrx_word' id='word_1_332' title='bbox 1393 2017 1412 2034; x_wconf 87' lang='grc' dir='ltr'>α</span> <span class='ocrx_word' id='word_1_333' title='bbox 1429 2017 1436 2037; x_wconf 79' lang='lat' dir='ltr'><strong><em>z</em></strong></span> <span class='ocrx_word' id='word_1_334' title='bbox 1473 2004 1652 2045; x_wconf 86' lang='lat' dir='ltr'>hucusque</span> <span class='ocrx_word' id='word_1_335' title='bbox 1664 2005 1697 2037; x_wconf 79' lang='grc' dir='ltr'>Β.</span> 
     </span>
     <span class='ocr_line' id='line_1_35' title="bbox 99 2048 1699 2096; baseline -0.006 -10"><span class='ocrx_word' id='word_1_336' title='bbox 99 2055 199 2096; x_wconf 83' lang='lat' dir='ltr'>quasi</span> <span class='ocrx_word' id='word_1_337' title='bbox 219 2054 294 2085; x_wconf 77' lang='lat' dir='ltr'>add.</span> <span class='ocrx_word' id='word_1_338' title='bbox 316 2055 349 2087; x_wconf 81' lang='grc' dir='ltr'>β.</span> <span class='ocrx_word' id='word_1_339' title='bbox 501 2052 560 2084; x_wconf 92' lang='lat' dir='ltr'>illo</span> <span class='ocrx_word' id='word_1_340' title='bbox 578 2063 620 2083; x_wconf 83' lang='lat' dir='ltr'>a:</span> <span class='ocrx_word' id='word_1_341' title='bbox 653 2062 695 2083; x_wconf 92' lang='lat' dir='ltr'>eo</span> <span class='ocrx_word' id='word_1_342' title='bbox 713 2054 746 2086; x_wconf 84' lang='grc' dir='ltr'>β.</span> <span class='ocrx_word' id='word_1_343' title='bbox 867 2059 917 2083; x_wconf 90' lang='lat'>12.</span> <span class='ocrx_word' id='word_1_344' title='bbox 945 2050 1140 2092; x_wconf 87' lang='lat' dir='ltr'>aliquorum</span> <span class='ocrx_word' id='word_1_345' title='bbox 1160 2062 1178 2078; x_wconf 76' lang='lat' dir='ltr'>a</span> <span class='ocrx_word' id='word_1_346' title='bbox 1196 2062 1203 2081; x_wconf 92' lang='grc'>;</span> <span class='ocrx_word' id='word_1_347' title='bbox 1237 2049 1384 2080; x_wconf 88' lang='lat' dir='ltr'>aliorum</span> <span class='ocrx_word' id='word_1_348' title='bbox 1403 2050 1436 2083; x_wconf 85' lang='grc' dir='ltr'>β.</span> <span class='ocrx_word' id='word_1_349' title='bbox 1552 2051 1588 2079; x_wconf 87' lang='lat' dir='ltr'>et</span> <span class='ocrx_word' id='word_1_350' title='bbox 1607 2048 1699 2078; x_wconf 88' lang='lat' dir='ltr'>insu-</span> 
     </span>
     <span class='ocr_line' id='line_1_36' title="bbox 98 2091 1700 2134; baseline -0.005 -5"><span class='ocrx_word' id='word_1_351' title='bbox 98 2096 352 2129; x_wconf 83' lang='lat' dir='ltr'>surrationibus</span> <span class='ocrx_word' id='word_1_352' title='bbox 376 2097 410 2130; x_wconf 86' lang='grc' dir='ltr'>β.</span> <span class='ocrx_word' id='word_1_353' title='bbox 550 2103 601 2134; x_wconf 85' lang='lat'>14.</span> <span class='ocrx_word' id='word_1_354' title='bbox 627 2105 700 2127; x_wconf 85' lang='lat' dir='ltr'>esse</span> <span class='ocrx_word' id='word_1_355' title='bbox 724 2095 842 2126; x_wconf 91' lang='lat' dir='ltr'>animo</span> <span class='ocrx_word' id='word_1_356' title='bbox 866 2096 899 2129; x_wconf 86' lang='grc' dir='ltr'>β.</span> <span class='ocrx_word' id='word_1_357' title='bbox 1043 2101 1093 2133; x_wconf 84' lang='lat'>15.</span> <span class='ocrx_word' id='word_1_358' title='bbox 1121 2097 1184 2124; x_wconf 83' lang='lat' dir='ltr'>aut</span> <span class='ocrx_word' id='word_1_359' title='bbox 1208 2104 1250 2124; x_wconf 86' lang='lat' dir='ltr'>a:</span> <span class='ocrx_word' id='word_1_360' title='bbox 1290 2092 1344 2124; x_wconf 88' lang='lat' dir='ltr'>vel</span> <span class='ocrx_word' id='word_1_361' title='bbox 1369 2094 1403 2127; x_wconf 84' lang='grc' dir='ltr'>β.</span> <span class='ocrx_word' id='word_1_362' title='bbox 1554 2091 1605 2122; x_wconf 88' lang='lat' dir='ltr'>tui</span> <span class='ocrx_word' id='word_1_363' title='bbox 1630 2101 1700 2122; x_wconf 91' lang='lat' dir='ltr'>non</span> 
     </span>
     <span class='ocr_line' id='line_1_37' title="bbox 101 2134 1699 2180; baseline -0.005 -8"><span class='ocrx_word' id='word_1_364' title='bbox 101 2140 251 2173; x_wconf 87' lang='lat' dir='ltr'>multum</span> <span class='ocrx_word' id='word_1_365' title='bbox 274 2142 308 2175; x_wconf 87' lang='grc' dir='ltr'>β.</span> <span class='ocrx_word' id='word_1_366' title='bbox 443 2147 494 2180; x_wconf 91' lang='lat'>17.</span> <span class='ocrx_word' id='word_1_367' title='bbox 521 2138 566 2170; x_wconf 87' lang='lat' dir='ltr'>ad</span> <span class='ocrx_word' id='word_1_368' title='bbox 587 2138 649 2170; x_wconf 91' lang='lat' dir='ltr'>hec</span> <span class='ocrx_word' id='word_1_369' title='bbox 677 2163 683 2171; x_wconf 94' lang='lat'>.</span> <span class='ocrx_word' id='word_1_370' title='bbox 712 2163 719 2170; x_wconf 93' lang='lat'>.</span> <span class='ocrx_word' id='word_1_371' title='bbox 749 2162 756 2171; x_wconf 90' lang='lat'>.</span> <span class='ocrx_word' id='word_1_372' title='bbox 785 2139 934 2179; x_wconf 86' lang='lat' dir='ltr'>gerimus</span> <span class='ocrx_word' id='word_1_373' title='bbox 961 2150 1005 2169; x_wconf 77' lang='lat' dir='ltr'>a:</span> <span class='ocrx_word' id='word_1_374' title='bbox 1045 2137 1135 2169; x_wconf 87' lang='lat' dir='ltr'>adde</span> <span class='ocrx_word' id='word_1_375' title='bbox 1161 2136 1268 2168; x_wconf 86' lang='lat' dir='ltr'>etiam</span> <span class='ocrx_word' id='word_1_376' title='bbox 1295 2147 1337 2167; x_wconf 82' lang='lat' dir='ltr'>ex</span> <span class='ocrx_word' id='word_1_377' title='bbox 1363 2146 1405 2167; x_wconf 88' lang='lat' dir='ltr'>eo</span> <span class='ocrx_word' id='word_1_378' title='bbox 1430 2134 1525 2177; x_wconf 88' lang='lat' dir='ltr'>quod</span> <span class='ocrx_word' id='word_1_379' title='bbox 1550 2135 1699 2176; x_wconf 83' lang='lat' dir='ltr'>gerimus</span> 
     </span>
     <span class='ocr_line' id='line_1_38' title="bbox 102 2179 1699 2222; baseline -0.004 -6"><span class='ocrx_word' id='word_1_380' title='bbox 102 2184 214 2216; x_wconf 86' lang='lat' dir='ltr'>officio</span> <span class='ocrx_word' id='word_1_381' title='bbox 229 2187 263 2218; x_wconf 82' lang='grc' dir='ltr'>β.</span> <span class='ocrx_word' id='word_1_382' title='bbox 390 2183 441 2215; x_wconf 91' lang='lat'>18.</span> <span class='ocrx_word' id='word_1_383' title='bbox 467 2182 698 2214; x_wconf 83' lang='lat' dir='ltr'>sanctimonia</span> <span class='ocrx_word' id='word_1_384' title='bbox 715 2182 816 2213; x_wconf 83' lang='lat' dir='ltr'>claris</span> <span class='ocrx_word' id='word_1_385' title='bbox 831 2194 849 2211; x_wconf 87' lang='grc' dir='ltr'>α</span> <span class='ocrx_word' id='word_1_386' title='bbox 866 2195 873 2214; x_wconf 90' lang='lat'><strong>:</strong></span> <span class='ocrx_word' id='word_1_387' title='bbox 898 2182 1030 2213; x_wconf 84' lang='lat' dir='ltr'>virtute</span> <span class='ocrx_word' id='word_1_388' title='bbox 1047 2180 1215 2222; x_wconf 85' lang='lat' dir='ltr'>praeditis</span> <span class='ocrx_word' id='word_1_389' title='bbox 1230 2181 1264 2213; x_wconf 82' lang='grc' dir='ltr'>β.</span> <span class='ocrx_word' id='word_1_390' title='bbox 1402 2187 1455 2211; x_wconf 87' lang='lat'>22.</span> <span class='ocrx_word' id='word_1_391' title='bbox 1483 2189 1523 2210; x_wconf 86' lang='lat' dir='ltr'>ac</span> <span class='ocrx_word' id='word_1_392' title='bbox 1540 2189 1559 2207; x_wconf 83' lang='lat' dir='ltr'>a</span> <span class='ocrx_word' id='word_1_393' title='bbox 1575 2190 1582 2209; x_wconf 72' lang='grc' dir='ltr'><em>ι</em></span> <span class='ocrx_word' id='word_1_394' title='bbox 1613 2181 1649 2209; x_wconf 85' lang='lat' dir='ltr'>et</span> <span class='ocrx_word' id='word_1_395' title='bbox 1665 2179 1699 2212; x_wconf 81' lang='grc' dir='ltr'>β.</span> 
     </span>
     <span class='ocr_line' id='line_1_39' title="bbox 103 2224 1697 2267; baseline -0.004 -9"><span class='ocrx_word' id='word_1_396' title='bbox 103 2236 157 2267; x_wconf 88' lang='lat'>23.</span> <span class='ocrx_word' id='word_1_397' title='bbox 184 2227 396 2259; x_wconf 79' lang='lat' dir='ltr'>hortamura</span> <span class='ocrx_word' id='word_1_398' title='bbox 411 2238 419 2258; x_wconf 70' lang='grc' dir='ltr'>ι</span> <span class='ocrx_word' id='word_1_399' title='bbox 440 2225 572 2258; x_wconf 89' lang='lat' dir='ltr'>hortari</span> <span class='ocrx_word' id='word_1_400' title='bbox 584 2236 654 2257; x_wconf 92' lang='lat' dir='ltr'>non</span> <span class='ocrx_word' id='word_1_401' title='bbox 665 2226 861 2258; x_wconf 87' lang='lat' dir='ltr'>omittimus</span> <span class='ocrx_word' id='word_1_402' title='bbox 874 2227 907 2258; x_wconf 81' lang='grc' dir='ltr'>Β.</span> <span class='ocrx_word' id='word_1_403' title='bbox 1009 2226 1096 2256; x_wconf 84' lang='lat' dir='ltr'>istas</span> <span class='ocrx_word' id='word_1_404' title='bbox 1108 2224 1264 2255; x_wconf 83' lang='lat' dir='ltr'>haereses</span> <span class='ocrx_word' id='word_1_405' title='bbox 1283 2225 1317 2257; x_wconf 77' lang='grc' dir='ltr'>β,</span> <span class='ocrx_word' id='word_1_406' title='bbox 1459 2230 1513 2260; x_wconf 79' lang='lat'>24.</span> <span class='ocrx_word' id='word_1_407' title='bbox 1538 2224 1640 2253; x_wconf 89' lang='lat' dir='ltr'>tuum</span> <span class='ocrx_word' id='word_1_408' title='bbox 1657 2233 1675 2250; x_wconf 90' lang='grc' dir='ltr'>α</span> <span class='ocrx_word' id='word_1_409' title='bbox 1691 2234 1697 2252; x_wconf 92' lang='lat'>:</span> 
     </span>
     <span class='ocr_line' id='line_1_40' title="bbox 100 2265 1700 2308; baseline -0.005 -5"><span class='ocrx_word' id='word_1_410' title='bbox 100 2272 207 2303; x_wconf 78' lang='lat' dir='ltr'>istum</span> <span class='ocrx_word' id='word_1_411' title='bbox 222 2273 256 2306; x_wconf 86' lang='grc' dir='ltr'>β.</span> <span class='ocrx_word' id='word_1_412' title='bbox 535 2270 655 2301; x_wconf 82' lang='lat' dir='ltr'>diuina</span> <span class='ocrx_word' id='word_1_413' title='bbox 673 2294 680 2301; x_wconf 90' lang='lat'>.</span> <span class='ocrx_word' id='word_1_414' title='bbox 698 2294 706 2302; x_wconf 83' lang='lat'>.</span> <span class='ocrx_word' id='word_1_415' title='bbox 727 2294 734 2302; x_wconf 88' lang='lat'>.</span> <span class='ocrx_word' id='word_1_416' title='bbox 753 2269 970 2301; x_wconf 81' lang='lat' dir='ltr'>felicissimus</span> <span class='ocrx_word' id='word_1_417' title='bbox 987 2281 1006 2298; x_wconf 84' lang='grc' dir='ltr'>α</span> <span class='ocrx_word' id='word_1_418' title='bbox 1022 2281 1029 2300; x_wconf 91' lang='lat'>:</span> <span class='ocrx_word' id='word_1_419' title='bbox 1071 2267 1136 2299; x_wconf 85' lang='lat' dir='ltr'>tibi</span> <span class='ocrx_word' id='word_1_420' title='bbox 1162 2267 1227 2298; x_wconf 90' lang='lat' dir='ltr'>Dei</span> <span class='ocrx_word' id='word_1_421' title='bbox 1244 2266 1460 2308; x_wconf 77' lang='lat' dir='ltr'>benignitate</span> <span class='ocrx_word' id='word_1_422' title='bbox 1484 2265 1700 2297; x_wconf 86' lang='lat' dir='ltr'>felicissimus</span> 
     </span>
     <span class='ocr_line' id='line_1_41' title="bbox 100 2308 1697 2356; baseline -0.004 -10"><span class='ocrx_word' id='word_1_423' title='bbox 100 2315 249 2356; x_wconf 86' lang='lat' dir='ltr'>contigit</span> <span class='ocrx_word' id='word_1_424' title='bbox 264 2315 298 2349; x_wconf 83' lang='grc' dir='ltr'>β.</span> <span class='ocrx_word' id='word_1_425' title='bbox 391 2320 445 2353; x_wconf 84' lang='grc'>25.</span> <span class='ocrx_word' id='word_1_426' title='bbox 472 2316 510 2345; x_wconf 85' lang='lat' dir='ltr'>tu</span> <span class='ocrx_word' id='word_1_427' title='bbox 528 2313 602 2346; x_wconf 77' lang='lat' dir='ltr'>add.</span> <span class='ocrx_word' id='word_1_428' title='bbox 624 2315 657 2348; x_wconf 80' lang='grc' dir='ltr'>β.</span> <span class='ocrx_word' id='word_1_429' title='bbox 751 2312 804 2344; x_wconf 86' lang='lat'>26.</span> <span class='ocrx_word' id='word_1_430' title='bbox 832 2312 968 2344; x_wconf 87' lang='lat' dir='ltr'>credere</span> <span class='ocrx_word' id='word_1_431' title='bbox 989 2324 1007 2342; x_wconf 89' lang='grc' dir='ltr'>α</span> <span class='ocrx_word' id='word_1_432' title='bbox 1025 2324 1032 2343; x_wconf 79' lang='lat' dir='ltr'><em>z</em></span> <span class='ocrx_word' id='word_1_433' title='bbox 1054 2314 1215 2352; x_wconf 73' lang='lat' dir='ltr'>reputare</span> <span class='ocrx_word' id='word_1_434' title='bbox 1234 2312 1268 2345; x_wconf 83' lang='grc' dir='ltr'>β.</span> <span class='ocrx_word' id='word_1_435' title='bbox 1373 2310 1425 2340; x_wconf 87' lang='lat'>28.</span> <span class='ocrx_word' id='word_1_436' title='bbox 1453 2310 1498 2343; x_wconf 80' lang='lat' dir='ltr'>B:</span> <span class='ocrx_word' id='word_1_437' title='bbox 1532 2308 1645 2339; x_wconf 81' lang='lat' dir='ltr'>dicam</span> <span class='ocrx_word' id='word_1_438' title='bbox 1667 2320 1697 2339; x_wconf 77' lang='grc' dir='ltr'>(ι.</span> 
     </span>
     <span class='ocr_line' id='line_1_42' title="bbox 101 2354 1580 2400; baseline -0.005 -10"><span class='ocrx_word' id='word_1_439' title='bbox 101 2369 240 2400; x_wconf 89' lang='lat' dir='ltr'>quoque</span> <span class='ocrx_word' id='word_1_440' title='bbox 258 2370 277 2387; x_wconf 90' lang='grc' dir='ltr'><em>α</em></span> <span class='ocrx_word' id='word_1_441' title='bbox 293 2370 301 2390; x_wconf 87' lang='grc'>;</span> <span class='ocrx_word' id='word_1_442' title='bbox 332 2368 415 2389; x_wconf 84' lang='lat' dir='ltr'>vero</span> <span class='ocrx_word' id='word_1_443' title='bbox 430 2358 463 2391; x_wconf 83' lang='grc' dir='ltr'>β.</span> <span class='ocrx_word' id='word_1_444' title='bbox 590 2365 644 2393; x_wconf 79' lang='lat'>29.</span> <span class='ocrx_word' id='word_1_445' title='bbox 670 2368 728 2388; x_wconf 83' lang='lat' dir='ltr'>eas</span> <span class='ocrx_word' id='word_1_446' title='bbox 745 2357 819 2389; x_wconf 76' lang='lat' dir='ltr'>add.</span> <span class='ocrx_word' id='word_1_447' title='bbox 845 2358 878 2388; x_wconf 80' lang='grc' dir='ltr'>Β.</span> <span class='ocrx_word' id='word_1_448' title='bbox 1006 2356 1070 2387; x_wconf 79' lang='lat' dir='ltr'>hoc</span> <span class='ocrx_word' id='word_1_449' title='bbox 1088 2355 1222 2386; x_wconf 82' lang='lat' dir='ltr'>malum</span> <span class='ocrx_word' id='word_1_450' title='bbox 1241 2356 1274 2388; x_wconf 81' lang='grc' dir='ltr'>β.</span> <span class='ocrx_word' id='word_1_451' title='bbox 1414 2356 1449 2385; x_wconf 55' lang='lat' dir='ltr'>et«</span> <span class='ocrx_word' id='word_1_452' title='bbox 1465 2364 1528 2384; x_wconf 75' lang='lat' dir='ltr'>om.</span> <span class='ocrx_word' id='word_1_453' title='bbox 1547 2354 1580 2386; x_wconf 84' lang='grc' dir='ltr'>β.</span> 
     </span>
    </p>
   </div>
   <div class='ocr_carea' id='block_1_5' title="bbox 100 2464 1701 2942">
    <p class='ocr_par' dir='ltr' id='par_1_6' title="bbox 144 2464 1328 2507">
     <span class='ocr_line' id='line_1_43' title="bbox 144 2464 1328 2507; baseline -0.004 -8"><span class='ocrx_word' id='word_1_454' title='bbox 144 2465 318 2507; x_wconf 82' lang='lat' dir='ltr'>Principal</span> <span class='ocrx_word' id='word_1_455' title='bbox 333 2466 490 2498; x_wconf 81' lang='lat' dir='ltr'>variants</span> <span class='ocrx_word' id='word_1_456' title='bbox 506 2466 662 2498; x_wconf 85' lang='lat' dir='ltr'>between</span> <span class='ocrx_word' id='word_1_457' title='bbox 679 2478 699 2496; x_wconf 86' lang='grc' dir='ltr'>α</span> <span class='ocrx_word' id='word_1_458' title='bbox 717 2466 787 2497; x_wconf 85' lang='lat' dir='ltr'>and</span> <span class='ocrx_word' id='word_1_459' title='bbox 804 2465 863 2497; x_wconf 84' lang='lat' dir='ltr'>the</span> <span class='ocrx_word' id='word_1_460' title='bbox 881 2465 1029 2498; x_wconf 85' lang='lat' dir='ltr'>Vatican</span> <span class='ocrx_word' id='word_1_461' title='bbox 1046 2464 1116 2496; x_wconf 82' lang='lat' dir='ltr'>MS.</span> <span class='ocrx_word' id='word_1_462' title='bbox 1136 2464 1213 2495; x_wconf 86' lang='lat' dir='ltr'>Lat.</span> <span class='ocrx_word' id='word_1_463' title='bbox 1232 2473 1328 2504; x_wconf 82' lang='lat'>3917.</span> 
     </span>
    </p>

    <p class='ocr_par' dir='ltr' id='par_1_7' title="bbox 100 2510 1699 2639">
     <span class='ocr_line' id='line_1_44' title="bbox 146 2510 1698 2550; baseline -0.005 -9"><span class='ocrx_word' id='word_1_464' title='bbox 146 2511 176 2541; x_wconf 90' lang='lat'>8.</span> <span class='ocrx_word' id='word_1_465' title='bbox 203 2521 245 2542; x_wconf 87' lang='lat' dir='ltr'>ex</span> <span class='ocrx_word' id='word_1_466' title='bbox 262 2510 315 2541; x_wconf 86' lang='lat' dir='ltr'>his</span> <span class='ocrx_word' id='word_1_467' title='bbox 332 2513 451 2542; x_wconf 83' lang='lat' dir='ltr'>tamen</span> <span class='ocrx_word' id='word_1_468' title='bbox 474 2534 481 2541; x_wconf 90' lang='lat'>.</span> <span class='ocrx_word' id='word_1_469' title='bbox 508 2533 516 2542; x_wconf 92' lang='lat'>.</span> <span class='ocrx_word' id='word_1_470' title='bbox 543 2535 549 2541; x_wconf 96' lang='lat'>.</span> <span class='ocrx_word' id='word_1_471' title='bbox 581 2518 631 2540; x_wconf 87' lang='lat'>12.</span> <span class='ocrx_word' id='word_1_472' title='bbox 657 2510 839 2541; x_wconf 83' lang='lat' dir='ltr'>authorem</span> <span class='ocrx_word' id='word_1_473' title='bbox 863 2521 881 2538; x_wconf 82' lang='lat' dir='ltr'>n</span> <span class='ocrx_word' id='word_1_474' title='bbox 899 2522 906 2540; x_wconf 87' lang='lat'>:</span> <span class='ocrx_word' id='word_1_475' title='bbox 931 2518 1111 2550; x_wconf 85' lang='lat' dir='ltr'>speramus</span> <span class='ocrx_word' id='word_1_476' title='bbox 1128 2512 1246 2539; x_wconf 85' lang='lat' dir='ltr'>tamen</span> <span class='ocrx_word' id='word_1_477' title='bbox 1262 2517 1332 2538; x_wconf 89' lang='lat' dir='ltr'>non</span> <span class='ocrx_word' id='word_1_478' title='bbox 1350 2510 1523 2547; x_wconf 81' lang='lat' dir='ltr'>optimum</span> <span class='ocrx_word' id='word_1_479' title='bbox 1541 2515 1609 2536; x_wconf 85' lang='lat' dir='ltr'>non</span> <span class='ocrx_word' id='word_1_480' title='bbox 1626 2514 1698 2535; x_wconf 78' lang='lat' dir='ltr'>csse</span> 
     </span>
     <span class='ocr_line' id='line_1_45' title="bbox 100 2549 1699 2595; baseline -0.004 -9"><span class='ocrx_word' id='word_1_481' title='bbox 100 2557 260 2585; x_wconf 85' lang='lat' dir='ltr'>autorem</span> <span class='ocrx_word' id='word_1_482' title='bbox 278 2563 383 2595; x_wconf 90' lang='lat' dir='ltr'>quem</span> <span class='ocrx_word' id='word_1_483' title='bbox 401 2557 437 2585; x_wconf 90' lang='lat' dir='ltr'>et</span> <span class='ocrx_word' id='word_1_484' title='bbox 455 2556 614 2585; x_wconf 79' lang='lat' dir='ltr'>vetustas</span> <span class='ocrx_word' id='word_1_485' title='bbox 632 2553 831 2585; x_wconf 83' lang='lat' dir='ltr'>veneranda</span> <span class='ocrx_word' id='word_1_486' title='bbox 849 2556 885 2584; x_wconf 81' lang='lat' dir='ltr'>et</span> <span class='ocrx_word' id='word_1_487' title='bbox 904 2553 951 2584; x_wconf 85' lang='lat' dir='ltr'>rei</span> <span class='ocrx_word' id='word_1_488' title='bbox 969 2562 1040 2593; x_wconf 81' lang='lat' dir='ltr'>qua</span> <span class='ocrx_word' id='word_1_489' title='bbox 1059 2552 1101 2583; x_wconf 89' lang='lat' dir='ltr'>de</span> <span class='ocrx_word' id='word_1_490' title='bbox 1125 2552 1197 2592; x_wconf 83' lang='lat' dir='ltr'>agit</span> <span class='ocrx_word' id='word_1_491' title='bbox 1216 2554 1460 2592; x_wconf 80' lang='lat' dir='ltr'>argumentum</span> <span class='ocrx_word' id='word_1_492' title='bbox 1479 2553 1515 2580; x_wconf 75' lang='lat' dir='ltr'>et</span> <span class='ocrx_word' id='word_1_493' title='bbox 1535 2549 1699 2580; x_wconf 78' lang='lat' dir='ltr'>Erasmus</span> 
     </span>
     <span class='ocr_line' id='line_1_46' title="bbox 100 2596 586 2639; baseline 0 -11"><span class='ocrx_word' id='word_1_494' title='bbox 100 2597 249 2639; x_wconf 84' lang='lat' dir='ltr'>denique</span> <span class='ocrx_word' id='word_1_495' title='bbox 266 2597 490 2629; x_wconf 81' lang='lat' dir='ltr'>commendat</span> <span class='ocrx_word' id='word_1_496' title='bbox 508 2597 548 2628; x_wconf 84' lang='lat' dir='ltr'><em>M</em></span> <span class='ocrx_word' id='word_1_497' title='bbox 550 2596 586 2629; x_wconf 79' lang='lat' dir='ltr'>S.</span> 
     </span>
    </p>

    <p class='ocr_par' dir='ltr' id='par_1_8' title="bbox 101 2635 1699 2759">
     <span class='ocr_line' id='line_1_47' title="bbox 150 2635 1699 2681; baseline -0.003 -10"><span class='ocrx_word' id='word_1_498' title='bbox 150 2649 202 2679; x_wconf 90' lang='lat'>14.</span> <span class='ocrx_word' id='word_1_499' title='bbox 227 2640 388 2672; x_wconf 80' lang='lat' dir='ltr'>volumus</span> <span class='ocrx_word' id='word_1_500' title='bbox 407 2664 413 2672; x_wconf 96' lang='lat'>.</span> <span class='ocrx_word' id='word_1_501' title='bbox 431 2664 440 2673; x_wconf 91' lang='lat'>.</span> <span class='ocrx_word' id='word_1_502' title='bbox 468 2664 476 2672; x_wconf 92' lang='lat'>.</span> <span class='ocrx_word' id='word_1_503' title='bbox 500 2649 550 2681; x_wconf 87' lang='lat'>17.</span> <span class='ocrx_word' id='word_1_504' title='bbox 576 2640 742 2672; x_wconf 86' lang='lat' dir='ltr'>instituto</span> <span class='ocrx_word' id='word_1_505' title='bbox 766 2652 808 2671; x_wconf 81' lang='lat' dir='ltr'>a:</span> <span class='ocrx_word' id='word_1_506' title='bbox 835 2639 1017 2671; x_wconf 84' lang='lat' dir='ltr'>iubemus:</span> <span class='ocrx_word' id='word_1_507' title='bbox 1043 2637 1145 2669; x_wconf 86' lang='lat' dir='ltr'>simul</span> <span class='ocrx_word' id='word_1_508' title='bbox 1162 2638 1246 2679; x_wconf 82' lang='lat' dir='ltr'>quia</span> <span class='ocrx_word' id='word_1_509' title='bbox 1270 2647 1396 2668; x_wconf 83' lang='lat' dir='ltr'>nomen</span> <span class='ocrx_word' id='word_1_510' title='bbox 1412 2636 1447 2667; x_wconf 90' lang='lat' dir='ltr'>in</span> <span class='ocrx_word' id='word_1_511' title='bbox 1466 2635 1529 2667; x_wconf 86' lang='lat' dir='ltr'>hac</span> <span class='ocrx_word' id='word_1_512' title='bbox 1546 2645 1581 2666; x_wconf 90' lang='lat' dir='ltr'>re</span> <span class='ocrx_word' id='word_1_513' title='bbox 1598 2638 1699 2667; x_wconf 85' lang='lat' dir='ltr'>tuum</span> 
     </span>
     <span class='ocr_line' id='line_1_48' title="bbox 102 2679 1699 2725; baseline -0.004 -10"><span class='ocrx_word' id='word_1_514' title='bbox 102 2684 239 2725; x_wconf 82' lang='lat' dir='ltr'>parcius</span> <span class='ocrx_word' id='word_1_515' title='bbox 264 2683 412 2715; x_wconf 81' lang='lat' dir='ltr'>fortasse</span> <span class='ocrx_word' id='word_1_516' title='bbox 438 2694 545 2725; x_wconf 86' lang='lat' dir='ltr'>quam</span> <span class='ocrx_word' id='word_1_517' title='bbox 571 2684 756 2724; x_wconf 79' lang='lat' dir='ltr'>suspicaris</span> <span class='ocrx_word' id='word_1_518' title='bbox 783 2683 877 2724; x_wconf 84' lang='lat' dir='ltr'>apud</span> <span class='ocrx_word' id='word_1_519' title='bbox 904 2693 966 2714; x_wconf 84' lang='lat' dir='ltr'>nos</span> <span class='ocrx_word' id='word_1_520' title='bbox 994 2681 1149 2713; x_wconf 79' lang='lat' dir='ltr'>delatum</span> <span class='ocrx_word' id='word_1_521' title='bbox 1177 2684 1242 2718; x_wconf 85' lang='lat' dir='ltr'>est,</span> <span class='ocrx_word' id='word_1_522' title='bbox 1268 2679 1370 2711; x_wconf 87' lang='lat' dir='ltr'>simul</span> <span class='ocrx_word' id='word_1_523' title='bbox 1397 2680 1481 2721; x_wconf 79' lang='lat' dir='ltr'>quia</span> <span class='ocrx_word' id='word_1_524' title='bbox 1506 2689 1569 2710; x_wconf 83' lang='lat' dir='ltr'>nos</span> <span class='ocrx_word' id='word_1_525' title='bbox 1595 2682 1632 2710; x_wconf 89' lang='lat' dir='ltr'>et</span> <span class='ocrx_word' id='word_1_526' title='bbox 1657 2689 1699 2710; x_wconf 81' lang='lat' dir='ltr'>ex</span> 
     </span>
     <span class='ocr_line' id='line_1_49' title="bbox 101 2727 697 2759; baseline -0.002 0"><span class='ocrx_word' id='word_1_527' title='bbox 101 2731 228 2759; x_wconf 82' lang='lat' dir='ltr'>natura</span> <span class='ocrx_word' id='word_1_528' title='bbox 244 2730 364 2758; x_wconf 83' lang='lat' dir='ltr'>nostra</span> <span class='ocrx_word' id='word_1_529' title='bbox 378 2730 416 2758; x_wconf 84' lang='lat' dir='ltr'>et</span> <span class='ocrx_word' id='word_1_530' title='bbox 429 2727 602 2758; x_wconf 83' lang='lat' dir='ltr'>institutis</span> <span class='ocrx_word' id='word_1_531' title='bbox 618 2727 697 2758; x_wconf 80' lang='lat' dir='ltr'>MS.</span> 
     </span>
    </p>

    <p class='ocr_par' dir='ltr' id='par_1_9' title="bbox 101 2765 1701 2942">
     <span class='ocr_line' id='line_1_50' title="bbox 147 2765 1701 2810; baseline -0.003 -9"><span class='ocrx_word' id='word_1_532' title='bbox 147 2779 201 2802; x_wconf 88' lang='lat'>22.</span> <span class='ocrx_word' id='word_1_533' title='bbox 229 2770 296 2802; x_wconf 92' lang='lat' dir='ltr'>Pro</span> <span class='ocrx_word' id='word_1_534' title='bbox 310 2780 351 2801; x_wconf 87' lang='lat' dir='ltr'>ea</span> <span class='ocrx_word' id='word_1_535' title='bbox 366 2794 373 2801; x_wconf 92' lang='lat'>.</span> <span class='ocrx_word' id='word_1_536' title='bbox 391 2793 399 2802; x_wconf 92' lang='lat'>.</span> <span class='ocrx_word' id='word_1_537' title='bbox 418 2795 424 2801; x_wconf 95' lang='lat'>.</span> <span class='ocrx_word' id='word_1_538' title='bbox 444 2770 497 2800; x_wconf 87' lang='lat'>26.</span> <span class='ocrx_word' id='word_1_539' title='bbox 524 2770 650 2802; x_wconf 82' lang='lat' dir='ltr'>debeas</span> <span class='ocrx_word' id='word_1_540' title='bbox 666 2782 683 2799; x_wconf 79' lang='grc' dir='ltr'>(ι</span> <span class='ocrx_word' id='word_1_541' title='bbox 701 2782 707 2801; x_wconf 94' lang='lat'>:</span> <span class='ocrx_word' id='word_1_542' title='bbox 725 2769 817 2801; x_wconf 79' lang='lat' dir='ltr'>Illud</span> <span class='ocrx_word' id='word_1_543' title='bbox 831 2778 1054 2810; x_wconf 81' lang='lat' dir='ltr'>nequaquam</span> <span class='ocrx_word' id='word_1_544' title='bbox 1070 2777 1252 2809; x_wconf 87' lang='lat' dir='ltr'>possumus</span> <span class='ocrx_word' id='word_1_545' title='bbox 1268 2766 1419 2803; x_wconf 81' lang='lat' dir='ltr'>diffiteri,</span> <span class='ocrx_word' id='word_1_546' title='bbox 1434 2776 1502 2797; x_wconf 89' lang='lat' dir='ltr'>non</span> <span class='ocrx_word' id='word_1_547' title='bbox 1520 2765 1623 2797; x_wconf 87' lang='lat' dir='ltr'>modo</span> <span class='ocrx_word' id='word_1_548' title='bbox 1638 2775 1701 2796; x_wconf 87' lang='lat' dir='ltr'>nos</span> 
     </span>
     <span class='ocr_line' id='line_1_51' title="bbox 101 2810 1701 2854; baseline -0.004 -8"><span class='ocrx_word' id='word_1_549' title='bbox 101 2814 161 2846; x_wconf 84' lang='lat' dir='ltr'>sed</span> <span class='ocrx_word' id='word_1_550' title='bbox 176 2817 214 2845; x_wconf 89' lang='lat' dir='ltr'>et</span> <span class='ocrx_word' id='word_1_551' title='bbox 236 2814 321 2845; x_wconf 86' lang='lat' dir='ltr'>alios</span> <span class='ocrx_word' id='word_1_552' title='bbox 344 2823 464 2845; x_wconf 88' lang='lat' dir='ltr'>omnes</span> <span class='ocrx_word' id='word_1_553' title='bbox 486 2814 546 2845; x_wconf 89' lang='lat' dir='ltr'>diu</span> <span class='ocrx_word' id='word_1_554' title='bbox 570 2813 789 2854; x_wconf 81' lang='lat' dir='ltr'>multumque</span> <span class='ocrx_word' id='word_1_555' title='bbox 811 2823 882 2844; x_wconf 86' lang='lat' dir='ltr'>esse</span> <span class='ocrx_word' id='word_1_556' title='bbox 900 2813 1054 2849; x_wconf 77' lang='lat' dir='ltr'>miratos,</span> <span class='ocrx_word' id='word_1_557' title='bbox 1071 2811 1164 2852; x_wconf 87' lang='lat' dir='ltr'>quod</span> <span class='ocrx_word' id='word_1_558' title='bbox 1182 2810 1337 2841; x_wconf 86' lang='lat' dir='ltr'>nondum</span> <span class='ocrx_word' id='word_1_559' title='bbox 1355 2814 1476 2841; x_wconf 77' lang='lat' dir='ltr'>contra</span> <span class='ocrx_word' id='word_1_560' title='bbox 1493 2819 1602 2841; x_wconf 77' lang='lat' dir='ltr'>nouas</span> <span class='ocrx_word' id='word_1_561' title='bbox 1616 2810 1701 2840; x_wconf 75' lang='lat' dir='ltr'>istas</span> 
     </span>
     <span class='ocr_line' id='line_1_52' title="bbox 102 2853 1700 2896; baseline -0.004 -7"><span class='ocrx_word' id='word_1_562' title='bbox 102 2857 257 2889; x_wconf 81' lang='lat' dir='ltr'>haereses</span> <span class='ocrx_word' id='word_1_563' title='bbox 276 2857 410 2889; x_wconf 81' lang='lat' dir='ltr'>felicem</span> <span class='ocrx_word' id='word_1_564' title='bbox 430 2856 549 2889; x_wconf 84' lang='lat' dir='ltr'>stilum</span> <span class='ocrx_word' id='word_1_565' title='bbox 570 2860 670 2888; x_wconf 86' lang='lat' dir='ltr'>tuum</span> <span class='ocrx_word' id='word_1_566' title='bbox 690 2857 903 2894; x_wconf 80' lang='lat' dir='ltr'>exercueris3</span> <span class='ocrx_word' id='word_1_567' title='bbox 936 2865 1045 2896; x_wconf 88' lang='lat' dir='ltr'>quum</span> <span class='ocrx_word' id='word_1_568' title='bbox 1067 2854 1185 2885; x_wconf 82' lang='lat' dir='ltr'>multis</span> <span class='ocrx_word' id='word_1_569' title='bbox 1205 2854 1247 2885; x_wconf 85' lang='lat' dir='ltr'>de</span> <span class='ocrx_word' id='word_1_570' title='bbox 1267 2854 1379 2885; x_wconf 82' lang='lat' dir='ltr'>causis</span> <span class='ocrx_word' id='word_1_571' title='bbox 1398 2853 1526 2885; x_wconf 87' lang='lat' dir='ltr'>iudicio</span> <span class='ocrx_word' id='word_1_572' title='bbox 1545 2853 1700 2884; x_wconf 79' lang='lat' dir='ltr'>oninium</span> 
     </span>
     <span class='ocr_line' id='line_1_53' title="bbox 102 2897 1371 2942; baseline -0.003 -10"><span class='ocrx_word' id='word_1_573' title='bbox 102 2900 167 2932; x_wconf 85' lang='lat' dir='ltr'>tibi</span> <span class='ocrx_word' id='word_1_574' title='bbox 184 2900 254 2932; x_wconf 80' lang='lat' dir='ltr'>fere</span> <span class='ocrx_word' id='word_1_575' title='bbox 271 2901 331 2932; x_wconf 87' lang='lat' dir='ltr'>vni</span> <span class='ocrx_word' id='word_1_576' title='bbox 348 2901 527 2942; x_wconf 82' lang='lat' dir='ltr'>prouincia</span> <span class='ocrx_word' id='word_1_577' title='bbox 544 2900 627 2932; x_wconf 83' lang='lat' dir='ltr'>haec</span> <span class='ocrx_word' id='word_1_578' title='bbox 645 2900 743 2942; x_wconf 78' lang='lat' dir='ltr'>quasi</span> <span class='ocrx_word' id='word_1_579' title='bbox 762 2900 905 2931; x_wconf 81' lang='lat' dir='ltr'>coelitus</span> <span class='ocrx_word' id='word_1_580' title='bbox 923 2902 1098 2931; x_wconf 81' lang='lat' dir='ltr'>reseruata</span> <span class='ocrx_word' id='word_1_581' title='bbox 1115 2898 1277 2929; x_wconf 76' lang='lat' dir='ltr'>videatur</span> <span class='ocrx_word' id='word_1_582' title='bbox 1295 2897 1335 2928; x_wconf 78' lang='lat' dir='ltr'><em>M</em></span> <span class='ocrx_word' id='word_1_583' title='bbox 1338 2897 1371 2928; x_wconf 83' lang='lat' dir='ltr'>S.</span> 
     </span>
    </p>
   </div>
   <div class='ocr_carea' id='block_1_6' title="bbox 141 3004 1696 3112">
    <p class='ocr_par' dir='ltr' id='par_1_10' title="bbox 141 3004 1696 3112">
     <span class='ocr_line' id='line_1_54' title="bbox 141 3004 1696 3051; baseline -0.001 -13"><span class='ocrx_word' id='word_1_584' title='bbox 141 3017 189 3041; x_wconf 81' lang='lat'>12.</span> <span class='ocrx_word' id='word_1_585' title='bbox 215 3007 349 3047; x_wconf 85' lang='lat' dir='ltr'>scribis]</span> <span class='ocrx_word' id='word_1_586' title='bbox 367 3009 431 3050; x_wconf 83' lang='lat' dir='ltr'>Ep.</span> <span class='ocrx_word' id='word_1_587' title='bbox 456 3018 547 3049; x_wconf 88' lang='lat'>1310.</span> <span class='ocrx_word' id='word_1_588' title='bbox 569 3019 686 3051; x_wconf 77' lang='lat'>24-32.</span> <span class='ocrx_word' id='word_1_589' title='bbox 766 3016 814 3048; x_wconf 84' lang='lat'>15.</span> <span class='ocrx_word' id='word_1_590' title='bbox 842 3008 886 3040; x_wconf 80' lang='lat' dir='ltr'>ab</span> <span class='ocrx_word' id='word_1_591' title='bbox 898 3018 968 3039; x_wconf 84' lang='lat' dir='ltr'>vno</span> <span class='ocrx_word' id='word_1_592' title='bbox 993 3031 998 3038; x_wconf 93' lang='lat'>.</span> <span class='ocrx_word' id='word_1_593' title='bbox 1094 3010 1156 3038; x_wconf 80' lang='lat' dir='ltr'>aut</span> <span class='ocrx_word' id='word_1_594' title='bbox 1173 3004 1297 3045; x_wconf 83' lang='lat' dir='ltr'>altero]</span> <span class='ocrx_word' id='word_1_595' title='bbox 1313 3005 1363 3038; x_wconf 81' lang='lat' dir='ltr'>Cf.</span> <span class='ocrx_word' id='word_1_596' title='bbox 1383 3006 1446 3047; x_wconf 82' lang='lat' dir='ltr'>Ep.</span> <span class='ocrx_word' id='word_1_597' title='bbox 1465 3015 1558 3048; x_wconf 77' lang='lat'>¹330·</span> <span class='ocrx_word' id='word_1_598' title='bbox 1578 3014 1696 3048; x_wconf 72' lang='lat'>40—54.</span> 
     </span>
     <span class='ocr_line' id='line_1_55' title="bbox 163 3075 922 3112; baseline 0.008 -3"><span class='ocrx_word' id='word_1_599' title='bbox 163 3079 259 3112; x_wconf 85' lang='lat'>452·5</span> <span class='ocrx_word' id='word_1_600' title='bbox 894 3075 922 3104; x_wconf 81' lang='lat' dir='ltr'>L</span> 
     </span>
    </p>
   </div>
  </div>
 </body>
</html>
