<?xml version="1.0" encoding="UTF-8"?>
<!DOCTYPE html PUBLIC "-//W3C//DTD XHTML 1.0 Transitional//EN"
    "http://www.w3.org/TR/xhtml1/DTD/xhtml1-transitional.dtd">
<html xmlns="http://www.w3.org/1999/xhtml" xml:lang="en" lang="en">
 <head>
  <title>
</title>
<meta http-equiv="Content-Type" content="text/html;charset=utf-8" />
  <meta name='ocr-system' content='tesseract 3.04.00' />
  <meta name='ocr-capabilities' content='ocr_page ocr_carea ocr_par ocr_line ocrx_word'/>
</head>
<body>
  <div class='ocr_page' id='page_1' title='image "./opusepistolarum05eras_0500.png"; bbox 0 0 2012 3370; ppageno 0'>
   <div class='ocr_carea' id='block_1_1' title="bbox 262 132 1851 181">
    <p class='ocr_par' dir='ltr' id='par_1_1' title="bbox 262 132 1851 181">
     <span class='ocr_line' id='line_1_1' title="bbox 262 132 1851 181; baseline -0.002 -8"><span class='ocrx_word' id='word_1_1' title='bbox 262 137 339 173; x_wconf 76' lang='lat'>464</span> <span class='ocrx_word' id='word_1_2' title='bbox 732 132 985 172; x_wconf 70' lang='lat' dir='ltr'>LETTERS</span> <span class='ocrx_word' id='word_1_3' title='bbox 1017 133 1088 172; x_wconf 89' lang='lat' dir='ltr'>OF</span> <span class='ocrx_word' id='word_1_4' title='bbox 1119 132 1380 172; x_wconf 75' lang='lat' dir='ltr'>ERASMUS</span> <span class='ocrx_word' id='word_1_5' title='bbox 1730 133 1851 181; x_wconf 71' lang='lat'>[1524</span> 
     </span>
    </p>
   </div>
   <div class='ocr_carea' id='block_1_2' title="bbox 197 242 1853 2516">
    <p class='ocr_par' dir='ltr' id='par_1_2' title="bbox 197 242 1853 2516">
     <span class='ocr_line' id='line_1_2' title="bbox 262 242 1850 295; baseline -0.001 -12"><span class='ocrx_word' id='word_1_6' title='bbox 262 245 444 295; x_wconf 89' lang='lat' dir='ltr'>quedam</span> <span class='ocrx_word' id='word_1_7' title='bbox 482 243 689 282; x_wconf 84' lang='lat' dir='ltr'>vocabula</span> <span class='ocrx_word' id='word_1_8' title='bbox 725 242 779 281; x_wconf 87' lang='lat' dir='ltr'>ad</span> <span class='ocrx_word' id='word_1_9' title='bbox 815 243 918 281; x_wconf 84' lang='lat' dir='ltr'>artis</span> <span class='ocrx_word' id='word_1_10' title='bbox 956 243 1140 281; x_wconf 77' lang='lat' dir='ltr'>medicae</span> <span class='ocrx_word' id='word_1_11' title='bbox 1176 243 1422 281; x_wconf 82' lang='lat' dir='ltr'>facultatem</span> <span class='ocrx_word' id='word_1_12' title='bbox 1461 243 1710 292; x_wconf 72' lang='lat' dir='ltr'>spectantia,</span> <span class='ocrx_word' id='word_1_13' title='bbox 1750 243 1850 281; x_wconf 86' lang='lat' dir='ltr'>mihi</span> 
     </span>
     <span class='ocr_line' id='line_1_3' title="bbox 261 297 648 349; baseline -0.005 -12"><span class='ocrx_word' id='word_1_14' title='bbox 261 302 429 349; x_wconf 88' lang='lat' dir='ltr'>repertu</span> <span class='ocrx_word' id='word_1_15' title='bbox 452 297 648 336; x_wconf 87' lang='lat' dir='ltr'>difficilia.</span> 
     </span>
     <span class='ocr_line' id='line_1_4' title="bbox 317 351 1853 400; baseline -0.001 -10"><span class='ocrx_word' id='word_1_16' title='bbox 317 351 439 400; x_wconf 75' lang='lat' dir='ltr'>Quod</span> <span class='ocrx_word' id='word_1_17' title='bbox 461 353 495 390; x_wconf 86' lang='lat' dir='ltr'>si</span> <span class='ocrx_word' id='word_1_18' title='bbox 518 365 594 390; x_wconf 90' lang='lat' dir='ltr'>nec</span> <span class='ocrx_word' id='word_1_19' title='bbox 618 364 730 390; x_wconf 88' lang='lat' dir='ltr'>nunc</span> <span class='ocrx_word' id='word_1_20' title='bbox 754 351 861 390; x_wconf 86' lang='lat' dir='ltr'>satis</span> <span class='ocrx_word' id='word_1_21' title='bbox 885 352 1017 390; x_wconf 89' lang='lat' dir='ltr'>nostri</span> <span class='ocrx_word' id='word_1_22' title='bbox 1042 351 1121 390; x_wconf 92' lang='lat' dir='ltr'>tibi</span> <span class='ocrx_word' id='word_1_23' title='bbox 1144 351 1260 391; x_wconf 90' lang='lat' dir='ltr'>subit</span> <span class='ocrx_word' id='word_1_24' title='bbox 1283 352 1497 398; x_wconf 87' lang='lat' dir='ltr'>memoria,</span> <span class='ocrx_word' id='word_1_25' title='bbox 1524 351 1764 390; x_wconf 87' lang='lat' dir='ltr'>memineris</span> <span class='ocrx_word' id='word_1_26' title='bbox 1786 351 1853 390; x_wconf 84' lang='lat' dir='ltr'>vel</span> 
     </span>
     <span class='ocr_line' id='line_1_5' title="bbox 200 405 1853 457; baseline -0.001 -11"><span class='ocrx_word' id='word_1_27' title='bbox 200 422 238 454; x_wconf 83' lang='lat'>35</span> <span class='ocrx_word' id='word_1_28' title='bbox 260 407 338 446; x_wconf 91' lang='lat' dir='ltr'>hoc</span> <span class='ocrx_word' id='word_1_29' title='bbox 370 407 509 457; x_wconf 89' lang='lat' dir='ltr'>ipsum</span> <span class='ocrx_word' id='word_1_30' title='bbox 541 405 670 457; x_wconf 89' lang='lat' dir='ltr'>quod,</span> <span class='ocrx_word' id='word_1_31' title='bbox 703 406 746 444; x_wconf 89' lang='lat' dir='ltr'>in</span> <span class='ocrx_word' id='word_1_32' title='bbox 779 405 876 444; x_wconf 86' lang='lat' dir='ltr'>aula</span> <span class='ocrx_word' id='word_1_33' title='bbox 908 419 1002 444; x_wconf 87' lang='lat' dir='ltr'>cum</span> <span class='ocrx_word' id='word_1_34' title='bbox 1036 419 1223 445; x_wconf 84' lang='lat' dir='ltr'>versarer</span> <span class='ocrx_word' id='word_1_35' title='bbox 1254 406 1588 445; x_wconf 87' lang='lat' dir='ltr'>reuerendissimi</span> <span class='ocrx_word' id='word_1_36' title='bbox 1622 405 1853 445; x_wconf 83' lang='lat' dir='ltr'>Cardinalis</span> 
     </span>
     <span class='ocr_line' id='line_1_6' title="bbox 260 459 1849 511; baseline -0.001 -12"><span class='ocrx_word' id='word_1_37' title='bbox 260 460 494 506; x_wconf 83' lang='lat' dir='ltr'>Gurcensis,</span> <span class='ocrx_word' id='word_1_38' title='bbox 519 460 592 511; x_wconf 89' lang='lat' dir='ltr'>qui</span> <span class='ocrx_word' id='word_1_39' title='bbox 614 464 717 499; x_wconf 90' lang='lat' dir='ltr'>tunc</span> <span class='ocrx_word' id='word_1_40' title='bbox 740 461 870 498; x_wconf 86' lang='lat' dir='ltr'>etiam</span> <span class='ocrx_word' id='word_1_41' title='bbox 893 459 1102 499; x_wconf 85' lang='lat' dir='ltr'>foeliciore</span> <span class='ocrx_word' id='word_1_42' title='bbox 1124 460 1251 499; x_wconf 89' lang='lat' dir='ltr'>titulo</span> <span class='ocrx_word' id='word_1_43' title='bbox 1274 460 1608 511; x_wconf 74' lang='lat' dir='ltr'>Saltzburgensis</span> <span class='ocrx_word' id='word_1_44' title='bbox 1630 459 1849 510; x_wconf 87' lang='lat' dir='ltr'>appellita-</span> 
     </span>
     <span class='ocr_line' id='line_1_7' title="bbox 259 514 1850 566; baseline -0.001 -13"><span class='ocrx_word' id='word_1_45' title='bbox 259 515 397 560; x_wconf 88' lang='lat' dir='ltr'>batur,</span> <span class='ocrx_word' id='word_1_46' title='bbox 420 527 496 553; x_wconf 88' lang='lat' dir='ltr'>nec</span> <span class='ocrx_word' id='word_1_47' title='bbox 517 527 706 566; x_wconf 83' lang='lat' dir='ltr'>vnquam</span> <span class='ocrx_word' id='word_1_48' title='bbox 726 514 803 553; x_wconf 91' lang='lat' dir='ltr'>tibi</span> <span class='ocrx_word' id='word_1_49' title='bbox 825 514 947 553; x_wconf 85' lang='lat' dir='ltr'>aliter</span> <span class='ocrx_word' id='word_1_50' title='bbox 966 515 1047 553; x_wconf 88' lang='lat' dir='ltr'>nisi</span> <span class='ocrx_word' id='word_1_51' title='bbox 1066 515 1158 566; x_wconf 88' lang='lat' dir='ltr'>ipsa</span> <span class='ocrx_word' id='word_1_52' title='bbox 1177 514 1292 553; x_wconf 84' lang='lat' dir='ltr'>fama</span> <span class='ocrx_word' id='word_1_53' title='bbox 1313 515 1504 566; x_wconf 87' lang='lat' dir='ltr'>cognitus</span> <span class='ocrx_word' id='word_1_54' title='bbox 1525 517 1647 560; x_wconf 86' lang='lat' dir='ltr'>esset,</span> <span class='ocrx_word' id='word_1_55' title='bbox 1669 514 1850 564; x_wconf 85' lang='lat' dir='ltr'>petieras</span> 
     </span>
     <span class='ocr_line' id='line_1_8' title="bbox 259 568 1851 620; baseline -0.001 -13"><span class='ocrx_word' id='word_1_56' title='bbox 259 568 524 620; x_wconf 91' lang='lat' dir='ltr'>colloquendi</span> <span class='ocrx_word' id='word_1_57' title='bbox 551 573 595 607; x_wconf 89' lang='lat' dir='ltr'>et</span> <span class='ocrx_word' id='word_1_58' title='bbox 622 568 831 607; x_wconf 87' lang='lat' dir='ltr'>inuisendi</span> <span class='ocrx_word' id='word_1_59' title='bbox 860 569 1038 619; x_wconf 81' lang='lat' dir='ltr'>copiam.</span> <span class='ocrx_word' id='word_1_60' title='bbox 1097 568 1234 616; x_wconf 82' lang='lat' dir='ltr'>Quam</span> <span class='ocrx_word' id='word_1_61' title='bbox 1262 574 1373 607; x_wconf 85' lang='lat' dir='ltr'>certe</span> <span class='ocrx_word' id='word_1_62' title='bbox 1403 582 1468 607; x_wconf 91' lang='lat' dir='ltr'>me</span> <span class='ocrx_word' id='word_1_63' title='bbox 1497 568 1575 607; x_wconf 91' lang='lat' dir='ltr'>tibi</span> <span class='ocrx_word' id='word_1_64' title='bbox 1604 569 1851 619; x_wconf 69' lang='lat' dir='ltr'>impetrasse</span> 
     </span>
     <span class='ocr_line' id='line_1_9' title="bbox 257 622 1850 674; baseline -0.001 -12"><span class='ocrx_word' id='word_1_65' title='bbox 257 636 382 674; x_wconf 86' lang='lat' dir='ltr'>saepe</span> <span class='ocrx_word' id='word_1_66' title='bbox 411 623 635 674; x_wconf 89' lang='lat' dir='ltr'>poenituit,</span> <span class='ocrx_word' id='word_1_67' title='bbox 666 623 781 674; x_wconf 92' lang='lat' dir='ltr'>quod</span> <span class='ocrx_word' id='word_1_68' title='bbox 810 623 1043 662; x_wconf 81' lang='lat' dir='ltr'>Cardinalis</span> <span class='ocrx_word' id='word_1_69' title='bbox 1071 623 1150 661; x_wconf 87' lang='lat' dir='ltr'>tibi</span> <span class='ocrx_word' id='word_1_70' title='bbox 1179 627 1223 662; x_wconf 87' lang='lat' dir='ltr'>ct</span> <span class='ocrx_word' id='word_1_71' title='bbox 1252 636 1387 674; x_wconf 86' lang='lat' dir='ltr'>pauca</span> <span class='ocrx_word' id='word_1_72' title='bbox 1416 622 1600 673; x_wconf 85' lang='lat' dir='ltr'>quedam</span> <span class='ocrx_word' id='word_1_73' title='bbox 1628 626 1673 661; x_wconf 88' lang='lat' dir='ltr'>et</span> <span class='ocrx_word' id='word_1_74' title='bbox 1700 635 1850 673; x_wconf 86' lang='lat' dir='ltr'>parum</span> 
     </span>
     <span class='ocr_line' id='line_1_10' title="bbox 197 677 1849 728; baseline -0.001 -13"><span class='ocrx_word' id='word_1_75' title='bbox 197 693 240 724; x_wconf 76' lang='lat'>40</span> <span class='ocrx_word' id='word_1_76' title='bbox 258 682 299 716; x_wconf 87' lang='lat' dir='ltr'>te</span> <span class='ocrx_word' id='word_1_77' title='bbox 323 677 451 728; x_wconf 85' lang='lat' dir='ltr'>digna</span> <span class='ocrx_word' id='word_1_78' title='bbox 474 677 705 716; x_wconf 86' lang='lat' dir='ltr'>collocutus</span> <span class='ocrx_word' id='word_1_79' title='bbox 728 678 858 716; x_wconf 84' lang='lat' dir='ltr'>etiam</span> <span class='ocrx_word' id='word_1_80' title='bbox 888 679 1026 727; x_wconf 79' lang='grc' dir='ltr'>ἄδωρον</span> <span class='ocrx_word' id='word_1_81' title='bbox 1051 682 1189 728; x_wconf 86' lang='lat' dir='ltr'>preter</span> <span class='ocrx_word' id='word_1_82' title='bbox 1219 690 1375 716; x_wconf 83' lang='lat' dir='ltr'>morem</span> <span class='ocrx_word' id='word_1_83' title='bbox 1407 677 1583 715; x_wconf 89' lang='lat' dir='ltr'>aliorum</span> <span class='ocrx_word' id='word_1_84' title='bbox 1614 677 1849 727; x_wconf 84' lang='lat' dir='ltr'>principum</span> 
     </span>
     <span class='ocr_line' id='line_1_11' title="bbox 257 730 1850 783; baseline -0.001 -14"><span class='ocrx_word' id='word_1_85' title='bbox 257 731 487 770; x_wconf 73' lang='lat' dir='ltr'>dimiserat.</span> <span class='ocrx_word' id='word_1_86' title='bbox 541 731 643 771; x_wconf 84' lang='lat' dir='ltr'>Sum</span> <span class='ocrx_word' id='word_1_87' title='bbox 666 732 811 783; x_wconf 88' lang='lat' dir='ltr'>itaque</span> <span class='ocrx_word' id='word_1_88' title='bbox 836 744 999 783; x_wconf 81' lang='lat' dir='ltr'>semper</span> <span class='ocrx_word' id='word_1_89' title='bbox 1022 731 1262 770; x_wconf 73' lang='lat' dir='ltr'>subuel-itus</span> <span class='ocrx_word' id='word_1_90' title='bbox 1286 745 1338 770; x_wconf 86' lang='lat' dir='ltr'>nc</span> <span class='ocrx_word' id='word_1_91' title='bbox 1362 732 1458 770; x_wconf 89' lang='lat' dir='ltr'>hinc</span> <span class='ocrx_word' id='word_1_92' title='bbox 1483 731 1642 782; x_wconf 89' lang='lat' dir='ltr'>aliquid</span> <span class='ocrx_word' id='word_1_93' title='bbox 1666 730 1850 769; x_wconf 79' lang='lat' dir='ltr'>inuidiae</span> 
     </span>
     <span class='ocr_line' id='line_1_12' title="bbox 257 785 1851 833; baseline -0.001 -9"><span class='ocrx_word' id='word_1_94' title='bbox 257 787 300 824; x_wconf 91' lang='lat' dir='ltr'>in</span> <span class='ocrx_word' id='word_1_95' title='bbox 315 798 382 824; x_wconf 91' lang='lat' dir='ltr'>me</span> <span class='ocrx_word' id='word_1_96' title='bbox 396 785 636 824; x_wconf 86' lang='lat' dir='ltr'>deriuatum</span> <span class='ocrx_word' id='word_1_97' title='bbox 649 787 717 833; x_wconf 86' lang='lat' dir='ltr'>sit,</span> <span class='ocrx_word' id='word_1_98' title='bbox 735 798 830 824; x_wconf 87' lang='lat' dir='ltr'>cum</span> <span class='ocrx_word' id='word_1_99' title='bbox 844 790 989 825; x_wconf 86' lang='lat' dir='ltr'>tamen</span> <span class='ocrx_word' id='word_1_100' title='bbox 1004 785 1112 825; x_wconf 88' lang='lat' dir='ltr'>hanc</span> <span class='ocrx_word' id='word_1_101' title='bbox 1126 786 1421 825; x_wconf 88' lang='lat' dir='ltr'>inciuilitatem</span> <span class='ocrx_word' id='word_1_102' title='bbox 1435 790 1479 824; x_wconf 89' lang='lat' dir='ltr'>et</span> <span class='ocrx_word' id='word_1_103' title='bbox 1493 785 1851 824; x_wconf 81' lang='lat' dir='ltr'>inhumanitatem</span> 
     </span>
     <span class='ocr_line' id='line_1_13' title="bbox 259 839 1851 891; baseline -0.001 -12"><span class='ocrx_word' id='word_1_104' title='bbox 259 839 491 879; x_wconf 85' lang='lat' dir='ltr'>Cardinalis</span> <span class='ocrx_word' id='word_1_105' title='bbox 511 845 554 879; x_wconf 92' lang='lat' dir='ltr'>te</span> <span class='ocrx_word' id='word_1_106' title='bbox 574 841 666 891; x_wconf 90' lang='lat' dir='ltr'>ipso</span> <span class='ocrx_word' id='word_1_107' title='bbox 686 841 855 891; x_wconf 92' lang='lat' dir='ltr'>grauius</span> <span class='ocrx_word' id='word_1_108' title='bbox 876 841 1108 879; x_wconf 80' lang='lat' dir='ltr'>tulerimus.</span> <span class='ocrx_word' id='word_1_109' title='bbox 1159 840 1216 879; x_wconf 88' lang='lat' dir='ltr'>Et</span> <span class='ocrx_word' id='word_1_110' title='bbox 1235 840 1410 879; x_wconf 90' lang='lat' dir='ltr'>tandem</span> <span class='ocrx_word' id='word_1_111' title='bbox 1429 841 1575 890; x_wconf 85' lang='lat' dir='ltr'>itaque</span> <span class='ocrx_word' id='word_1_112' title='bbox 1596 852 1661 877; x_wconf 91' lang='lat' dir='ltr'>me</span> <span class='ocrx_word' id='word_1_113' title='bbox 1683 852 1851 891; x_wconf 88' lang='lat' dir='ltr'>quoque</span> 
     </span>
     <span class='ocr_line' id='line_1_14' title="bbox 258 894 1848 945; baseline -0.001 -12"><span class='ocrx_word' id='word_1_114' title='bbox 258 894 312 933; x_wconf 88' lang='lat' dir='ltr'>ab</span> <span class='ocrx_word' id='word_1_115' title='bbox 329 894 407 933; x_wconf 90' lang='lat' dir='ltr'>hac</span> <span class='ocrx_word' id='word_1_116' title='bbox 424 894 521 933; x_wconf 89' lang='lat' dir='ltr'>aula</span> <span class='ocrx_word' id='word_1_117' title='bbox 537 908 633 933; x_wconf 89' lang='lat' dir='ltr'>cum</span> <span class='ocrx_word' id='word_1_118' title='bbox 650 894 923 933; x_wconf 87' lang='lat' dir='ltr'>absoluissem</span> <span class='ocrx_word' id='word_1_119' title='bbox 939 899 983 933; x_wconf 89' lang='lat' dir='ltr'>et</span> <span class='ocrx_word' id='word_1_120' title='bbox 999 894 1213 945; x_wconf 86' lang='lat' dir='ltr'>impeditis</span> <span class='ocrx_word' id='word_1_121' title='bbox 1229 894 1309 932; x_wconf 88' lang='lat' dir='ltr'>illis</span> <span class='ocrx_word' id='word_1_122' title='bbox 1324 895 1503 945; x_wconf 89' lang='lat' dir='ltr'>negotiis</span> <span class='ocrx_word' id='word_1_123' title='bbox 1519 895 1848 939; x_wconf 72' lang='lat' dir='ltr'>extricauissem,</span> 
     </span>
     <span class='ocr_line' id='line_1_15' title="bbox 197 947 1851 998; baseline -0.002 -11"><span class='ocrx_word' id='word_1_124' title='bbox 197 964 238 996; x_wconf 83' lang='lat'>45</span> <span class='ocrx_word' id='word_1_125' title='bbox 259 948 418 987; x_wconf 90' lang='lat' dir='ltr'>contuli</span> <span class='ocrx_word' id='word_1_126' title='bbox 437 961 503 987; x_wconf 89' lang='lat' dir='ltr'>me</span> <span class='ocrx_word' id='word_1_127' title='bbox 522 949 576 987; x_wconf 90' lang='lat' dir='ltr'>ad</span> <span class='ocrx_word' id='word_1_128' title='bbox 595 949 752 987; x_wconf 84' lang='lat' dir='ltr'>ordinis</span> <span class='ocrx_word' id='word_1_129' title='bbox 770 949 1037 987; x_wconf 84' lang='lat' dir='ltr'>ecclesiastici</span> <span class='ocrx_word' id='word_1_130' title='bbox 1057 952 1219 987; x_wconf 86' lang='lat' dir='ltr'>statum</span> <span class='ocrx_word' id='word_1_131' title='bbox 1240 962 1248 994; x_wconf 92' lang='lat'>;</span> <span class='ocrx_word' id='word_1_132' title='bbox 1283 949 1355 998; x_wconf 89' lang='lat' dir='ltr'>qui</span> <span class='ocrx_word' id='word_1_133' title='bbox 1374 949 1546 986; x_wconf 85' lang='lat' dir='ltr'>tametsi</span> <span class='ocrx_word' id='word_1_134' title='bbox 1564 947 1642 986; x_wconf 92' lang='lat' dir='ltr'>hoc</span> <span class='ocrx_word' id='word_1_135' title='bbox 1661 952 1851 997; x_wconf 75' lang='lat' dir='ltr'>tempore</span> 
     </span>
     <span class='ocr_line' id='line_1_16' title="bbox 260 1001 1851 1053; baseline -0.001 -12"><span class='ocrx_word' id='word_1_136' title='bbox 260 1003 367 1042; x_wconf 90' lang='lat' dir='ltr'>male</span> <span class='ocrx_word' id='word_1_137' title='bbox 391 1002 524 1050; x_wconf 89' lang='lat' dir='ltr'>audit,</span> <span class='ocrx_word' id='word_1_138' title='bbox 550 1003 664 1041; x_wconf 82' lang='lat' dir='ltr'>volui</span> <span class='ocrx_word' id='word_1_139' title='bbox 688 1003 829 1053; x_wconf 85' lang='lat' dir='ltr'>potius</span> <span class='ocrx_word' id='word_1_140' title='bbox 853 1007 997 1041; x_wconf 85' lang='lat' dir='ltr'>tamen</span> <span class='ocrx_word' id='word_1_141' title='bbox 1021 1002 1323 1053; x_wconf 72' lang='lat' dir='ltr'>tranquillitati</span> <span class='ocrx_word' id='word_1_142' title='bbox 1346 1003 1461 1040; x_wconf 84' lang='lat' dir='ltr'>vita-e</span> <span class='ocrx_word' id='word_1_143' title='bbox 1485 1001 1698 1040; x_wconf 87' lang='lat' dir='ltr'>consulere</span> <span class='ocrx_word' id='word_1_144' title='bbox 1722 1014 1851 1052; x_wconf 91' lang='lat' dir='ltr'>quam</span> 
     </span>
     <span class='ocr_line' id='line_1_17' title="bbox 259 1057 1069 1108; baseline -0.001 -13"><span class='ocrx_word' id='word_1_145' title='bbox 259 1061 464 1108; x_wconf 87' lang='lat' dir='ltr'>perpetua</span> <span class='ocrx_word' id='word_1_146' title='bbox 485 1058 690 1096; x_wconf 87' lang='lat' dir='ltr'>seruitute-</span> <span class='ocrx_word' id='word_1_147' title='bbox 712 1057 849 1095; x_wconf 88' lang='lat' dir='ltr'>aulica</span> <span class='ocrx_word' id='word_1_148' title='bbox 870 1057 1069 1107; x_wconf 78' lang='lat' dir='ltr'>torqueri.</span> 
     </span>
     <span class='ocr_line' id='line_1_18' title="bbox 312 1109 1850 1160; baseline -0.001 -10"><span class='ocrx_word' id='word_1_149' title='bbox 312 1111 577 1150; x_wconf 89' lang='lat' dir='ltr'>Adhortatur</span> <span class='ocrx_word' id='word_1_150' title='bbox 604 1114 748 1149; x_wconf 85' lang='lat' dir='ltr'>autem</span> <span class='ocrx_word' id='word_1_151' title='bbox 775 1124 841 1148; x_wconf 88' lang='lat' dir='ltr'>me</span> <span class='ocrx_word' id='word_1_152' title='bbox 867 1112 978 1149; x_wconf 87' lang='lat' dir='ltr'>inter</span> <span class='ocrx_word' id='word_1_153' title='bbox 1004 1110 1086 1148; x_wconf 85' lang='lat' dir='ltr'>alia</span> <span class='ocrx_word' id='word_1_154' title='bbox 1112 1111 1243 1149; x_wconf 85' lang='lat' dir='ltr'>etiam</span> <span class='ocrx_word' id='word_1_155' title='bbox 1271 1114 1320 1148; x_wconf 86' lang='lat' dir='ltr'>vt</span> <span class='ocrx_word' id='word_1_156' title='bbox 1346 1110 1423 1149; x_wconf 92' lang='lat' dir='ltr'>hac</span> <span class='ocrx_word' id='word_1_157' title='bbox 1451 1109 1630 1160; x_wconf 84' lang='lat' dir='ltr'>epistola.</span> <span class='ocrx_word' id='word_1_158' title='bbox 1656 1114 1699 1148; x_wconf 89' lang='lat' dir='ltr'>te</span> <span class='ocrx_word' id='word_1_159' title='bbox 1724 1111 1850 1148; x_wconf 87' lang='lat' dir='ltr'>inter-</span> 
     </span>
     <span class='ocr_line' id='line_1_19' title="bbox 259 1164 1851 1216; baseline -0.001 -13"><span class='ocrx_word' id='word_1_160' title='bbox 259 1164 412 1216; x_wconf 90' lang='lat' dir='ltr'>pellare</span> <span class='ocrx_word' id='word_1_161' title='bbox 438 1178 565 1204; x_wconf 85' lang='lat' dir='ltr'>ausus</span> <span class='ocrx_word' id='word_1_162' title='bbox 591 1166 682 1212; x_wconf 88' lang='lat' dir='ltr'>sim,</span> <span class='ocrx_word' id='word_1_163' title='bbox 712 1165 826 1216; x_wconf 90' lang='lat' dir='ltr'>quod</span> <span class='ocrx_word' id='word_1_164' title='bbox 852 1165 907 1203; x_wconf 88' lang='lat' dir='ltr'>ad</span> <span class='ocrx_word' id='word_1_165' title='bbox 935 1164 1165 1203; x_wconf 86' lang='lat' dir='ltr'>Laurinum</span> <span class='ocrx_word' id='word_1_166' title='bbox 1192 1164 1375 1203; x_wconf 86' lang='lat' dir='ltr'>scribens</span> <span class='ocrx_word' id='word_1_167' title='bbox 1401 1165 1567 1215; x_wconf 88' lang='lat' dir='ltr'>saepius</span> <span class='ocrx_word' id='word_1_168' title='bbox 1594 1165 1851 1203; x_wconf 88' lang='lat' dir='ltr'>mentionem</span> 
     </span>
     <span class='ocr_line' id='line_1_20' title="bbox 200 1219 1851 1270; baseline -0.001 -12"><span class='ocrx_word' id='word_1_169' title='bbox 200 1235 239 1268; x_wconf 85' lang='lat'>50</span> <span class='ocrx_word' id='word_1_170' title='bbox 258 1219 513 1258; x_wconf 84' lang='lat' dir='ltr'>decanorum</span> <span class='ocrx_word' id='word_1_171' title='bbox 543 1219 658 1266; x_wconf 80' lang='lat' dir='ltr'>facis,</span> <span class='ocrx_word' id='word_1_172' title='bbox 691 1219 943 1270; x_wconf 80' lang='lat' dir='ltr'>quibuscum</span> <span class='ocrx_word' id='word_1_173' title='bbox 973 1219 1051 1258; x_wconf 91' lang='lat' dir='ltr'>tibi</span> <span class='ocrx_word' id='word_1_174' title='bbox 1081 1219 1269 1257; x_wconf 87' lang='lat' dir='ltr'>amicitia</span> <span class='ocrx_word' id='word_1_175' title='bbox 1297 1222 1374 1257; x_wconf 88' lang='lat' dir='ltr'>est.</span> <span class='ocrx_word' id='word_1_176' title='bbox 1433 1219 1621 1269; x_wconf 87' lang='lat' dir='ltr'>Cumque</span> <span class='ocrx_word' id='word_1_177' title='bbox 1650 1220 1738 1269; x_wconf 87' lang='lat' dir='ltr'>ipse</span> <span class='ocrx_word' id='word_1_178' title='bbox 1766 1220 1851 1257; x_wconf 87' lang='lat' dir='ltr'>iam</span> 
     </span>
     <span class='ocr_line' id='line_1_21' title="bbox 258 1272 1849 1325; baseline -0.001 -13"><span class='ocrx_word' id='word_1_179' title='bbox 258 1273 385 1325; x_wconf 88' lang='lat' dir='ltr'>paulo</span> <span class='ocrx_word' id='word_1_180' title='bbox 411 1278 510 1312; x_wconf 89' lang='lat' dir='ltr'>ante</span> <span class='ocrx_word' id='word_1_181' title='bbox 536 1273 792 1312; x_wconf 86' lang='lat' dir='ltr'>decanatum</span> <span class='ocrx_word' id='word_1_182' title='bbox 818 1273 1115 1312; x_wconf 86' lang='lat' dir='ltr'>Patauicnsem</span> <span class='ocrx_word' id='word_1_183' title='bbox 1142 1273 1322 1324; x_wconf 85' lang='lat' dir='ltr'>adeptus</span> <span class='ocrx_word' id='word_1_184' title='bbox 1347 1272 1511 1319; x_wconf 87' lang='lat' dir='ltr'>fuerim,</span> <span class='ocrx_word' id='word_1_185' title='bbox 1539 1273 1747 1324; x_wconf 87' lang='lat' dir='ltr'>dignitate</span> <span class='ocrx_word' id='word_1_186' title='bbox 1772 1273 1849 1311; x_wconf 90' lang='lat' dir='ltr'>tibi</span> 
     </span>
     <span class='ocr_line' id='line_1_22' title="bbox 260 1327 1851 1378; baseline -0.001 -12"><span class='ocrx_word' id='word_1_187' title='bbox 260 1328 563 1367; x_wconf 89' lang='lat' dir='ltr'>consuetudine</span> <span class='ocrx_word' id='word_1_188' title='bbox 608 1327 806 1366; x_wconf 84' lang='lat' dir='ltr'>familiari</span> <span class='ocrx_word' id='word_1_189' title='bbox 851 1327 992 1367; x_wconf 87' lang='lat' dir='ltr'>factus</span> <span class='ocrx_word' id='word_1_190' title='bbox 1037 1327 1247 1374; x_wconf 87' lang='lat' dir='ltr'>audacior,</span> <span class='ocrx_word' id='word_1_191' title='bbox 1295 1327 1478 1366; x_wconf 88' lang='lat' dir='ltr'>secundo</span> <span class='ocrx_word' id='word_1_192' title='bbox 1523 1328 1567 1366; x_wconf 89' lang='lat' dir='ltr'>in</span> <span class='ocrx_word' id='word_1_193' title='bbox 1612 1327 1851 1378; x_wconf 84' lang='lat' dir='ltr'>catalogum</span> 
     </span>
     <span class='ocr_line' id='line_1_23' title="bbox 260 1381 1851 1433; baseline -0.001 -12"><span class='ocrx_word' id='word_1_194' title='bbox 260 1383 491 1421; x_wconf 89' lang='lat' dir='ltr'>amicorum</span> <span class='ocrx_word' id='word_1_195' title='bbox 517 1387 689 1421; x_wconf 87' lang='lat' dir='ltr'>tuorum</span> <span class='ocrx_word' id='word_1_196' title='bbox 707 1382 887 1421; x_wconf 83' lang='lat' dir='ltr'>adscribi</span> <span class='ocrx_word' id='word_1_197' title='bbox 916 1382 1052 1433; x_wconf 90' lang='lat' dir='ltr'>cupio.</span> <span class='ocrx_word' id='word_1_198' title='bbox 1111 1381 1330 1421; x_wconf 88' lang='lat' dir='ltr'>Postremo</span> <span class='ocrx_word' id='word_1_199' title='bbox 1356 1383 1545 1420; x_wconf 90' lang='lat' dir='ltr'>omnium</span> <span class='ocrx_word' id='word_1_200' title='bbox 1571 1381 1851 1432; x_wconf 82' lang='lat' dir='ltr'>expergefecit</span> 
     </span>
     <span class='ocr_line' id='line_1_24' title="bbox 261 1436 1852 1487; baseline -0.001 -12"><span class='ocrx_word' id='word_1_201' title='bbox 261 1449 326 1475; x_wconf 91' lang='lat' dir='ltr'>me</span> <span class='ocrx_word' id='word_1_202' title='bbox 343 1449 427 1475; x_wconf 91' lang='lat' dir='ltr'>non</span> <span class='ocrx_word' id='word_1_203' title='bbox 445 1436 723 1483; x_wconf 82' lang='lat' dir='ltr'>mediocriter,</span> <span class='ocrx_word' id='word_1_204' title='bbox 743 1441 791 1475; x_wconf 77' lang='lat' dir='ltr'>vt</span> <span class='ocrx_word' id='word_1_205' title='bbox 810 1437 1074 1475; x_wconf 83' lang='lat' dir='ltr'>committere</span> <span class='ocrx_word' id='word_1_206' title='bbox 1091 1449 1177 1474; x_wconf 90' lang='lat' dir='ltr'>non</span> <span class='ocrx_word' id='word_1_207' title='bbox 1194 1437 1404 1487; x_wconf 90' lang='lat' dir='ltr'>potuerim</span> <span class='ocrx_word' id='word_1_208' title='bbox 1421 1436 1522 1487; x_wconf 91' lang='lat' dir='ltr'>quin</span> <span class='ocrx_word' id='word_1_209' title='bbox 1540 1440 1583 1475; x_wconf 86' lang='lat' dir='ltr'>te</span> <span class='ocrx_word' id='word_1_210' title='bbox 1599 1436 1731 1474; x_wconf 90' lang='lat' dir='ltr'>literis</span> <span class='ocrx_word' id='word_1_211' title='bbox 1748 1437 1852 1474; x_wconf 83' lang='lat' dir='ltr'>meis</span> 
     </span>
     <span class='ocr_line' id='line_1_25' title="bbox 201 1490 1848 1541; baseline -0.001 -12"><span class='ocrx_word' id='word_1_212' title='bbox 201 1507 238 1539; x_wconf 87' lang='lat'>55</span> <span class='ocrx_word' id='word_1_213' title='bbox 261 1493 352 1539; x_wconf 89' lang='lat' dir='ltr'>(ceu</span> <span class='ocrx_word' id='word_1_214' title='bbox 381 1503 538 1529; x_wconf 89' lang='lat' dir='ltr'>numen</span> <span class='ocrx_word' id='word_1_215' title='bbox 567 1490 739 1541; x_wconf 86' lang='lat' dir='ltr'>aliquod</span> <span class='ocrx_word' id='word_1_216' title='bbox 769 1504 951 1541; x_wconf 90' lang='lat' dir='ltr'>quocum</span> <span class='ocrx_word' id='word_1_217' title='bbox 981 1490 1084 1528; x_wconf 89' lang='lat' dir='ltr'>mihi</span> <span class='ocrx_word' id='word_1_218' title='bbox 1113 1490 1185 1528; x_wconf 90' lang='lat' dir='ltr'>diu</span> <span class='ocrx_word' id='word_1_219' title='bbox 1214 1494 1428 1540; x_wconf 90' lang='lat' dir='ltr'>noctuque</span> <span class='ocrx_word' id='word_1_220' title='bbox 1457 1490 1666 1541; x_wconf 90' lang='lat' dir='ltr'>colloquia</span> <span class='ocrx_word' id='word_1_221' title='bbox 1693 1491 1848 1541; x_wconf 89' lang='lat' dir='ltr'>grauis-</span> 
     </span>
     <span class='ocr_line' id='line_1_26' title="bbox 258 1544 1848 1595; baseline -0.001 -12"><span class='ocrx_word' id='word_1_222' title='bbox 258 1546 458 1583; x_wconf 85' lang='lat' dir='ltr'>simorum</span> <span class='ocrx_word' id='word_1_223' title='bbox 488 1549 658 1583; x_wconf 89' lang='lat' dir='ltr'>tuorum</span> <span class='ocrx_word' id='word_1_224' title='bbox 689 1557 876 1595; x_wconf 84' lang='lat' dir='ltr'>operum,</span> <span class='ocrx_word' id='word_1_225' title='bbox 913 1557 994 1595; x_wconf 91' lang='lat' dir='ltr'>que</span> <span class='ocrx_word' id='word_1_226' title='bbox 1030 1544 1219 1595; x_wconf 84' lang='lat' dir='ltr'>diligenti</span> <span class='ocrx_word' id='word_1_227' title='bbox 1255 1544 1397 1583; x_wconf 88' lang='lat' dir='ltr'>studio</span> <span class='ocrx_word' id='word_1_228' title='bbox 1433 1546 1570 1593; x_wconf 86' lang='lat' dir='ltr'>verso)</span> <span class='ocrx_word' id='word_1_229' title='bbox 1607 1544 1848 1589; x_wconf 88' lang='lat' dir='ltr'>salutarem,</span> 
     </span>
     <span class='ocr_line' id='line_1_27' title="bbox 260 1598 1850 1650; baseline -0.001 -13"><span class='ocrx_word' id='word_1_230' title='bbox 260 1600 460 1650; x_wconf 89' lang='lat' dir='ltr'>patricius</span> <span class='ocrx_word' id='word_1_231' title='bbox 497 1598 876 1650; x_wconf 82' lang='lat' dir='ltr'>Nurnberg&lt;ensis&gt;</span> <span class='ocrx_word' id='word_1_232' title='bbox 914 1598 1147 1637; x_wconf 89' lang='lat' dir='ltr'>Bilibaldus</span> <span class='ocrx_word' id='word_1_233' title='bbox 1185 1598 1503 1637; x_wconf 85' lang='lat' dir='ltr'>Pirckamerius.</span> <span class='ocrx_word' id='word_1_234' title='bbox 1582 1598 1716 1645; x_wconf 82' lang='lat' dir='ltr'>Quem</span> <span class='ocrx_word' id='word_1_235' title='bbox 1755 1611 1850 1637; x_wconf 87' lang='lat' dir='ltr'>cum</span> 
     </span>
     <span class='ocr_line' id='line_1_28' title="bbox 258 1653 1849 1704; baseline -0.001 -13"><span class='ocrx_word' id='word_1_236' title='bbox 258 1654 469 1704; x_wconf 84' lang='lat' dir='ltr'>superiore</span> <span class='ocrx_word' id='word_1_237' title='bbox 489 1666 630 1691; x_wconf 84' lang='lat' dir='ltr'>mense</span> <span class='ocrx_word' id='word_1_238' title='bbox 651 1653 774 1691; x_wconf 89' lang='lat' dir='ltr'>officii</span> <span class='ocrx_word' id='word_1_239' title='bbox 793 1654 929 1704; x_wconf 88' lang='lat' dir='ltr'>gratia</span> <span class='ocrx_word' id='word_1_240' title='bbox 953 1657 997 1691; x_wconf 88' lang='lat' dir='ltr'>et</span> <span class='ocrx_word' id='word_1_241' title='bbox 1021 1653 1297 1703; x_wconf 89' lang='lat' dir='ltr'>cognoscendi</span> <span class='ocrx_word' id='word_1_242' title='bbox 1320 1653 1502 1691; x_wconf 90' lang='lat' dir='ltr'>hominis</span> <span class='ocrx_word' id='word_1_243' title='bbox 1526 1665 1653 1691; x_wconf 87' lang='lat' dir='ltr'>causa</span> <span class='ocrx_word' id='word_1_244' title='bbox 1676 1653 1849 1698; x_wconf 89' lang='lat' dir='ltr'>adirem,</span> 
     </span>
     <span class='ocr_line' id='line_1_29' title="bbox 259 1706 1851 1758; baseline -0.001 -12"><span class='ocrx_word' id='word_1_245' title='bbox 259 1707 452 1746; x_wconf 82' lang='lat' dir='ltr'>exhibuit</span> <span class='ocrx_word' id='word_1_246' title='bbox 486 1707 587 1745; x_wconf 90' lang='lat' dir='ltr'>mihi</span> <span class='ocrx_word' id='word_1_247' title='bbox 620 1708 730 1745; x_wconf 87' lang='lat' dir='ltr'>inter</span> <span class='ocrx_word' id='word_1_248' title='bbox 762 1707 967 1758; x_wconf 86' lang='lat' dir='ltr'>reliquam</span> <span class='ocrx_word' id='word_1_249' title='bbox 1001 1706 1313 1745; x_wconf 80' lang='lat' dir='ltr'>humanitatem</span> <span class='ocrx_word' id='word_1_250' title='bbox 1347 1708 1477 1745; x_wconf 88' lang='lat' dir='ltr'>etiam</span> <span class='ocrx_word' id='word_1_251' title='bbox 1509 1707 1553 1745; x_wconf 89' lang='lat' dir='ltr'>id</span> <span class='ocrx_word' id='word_1_252' title='bbox 1585 1707 1767 1753; x_wconf 87' lang='lat' dir='ltr'>honoris,</span> <span class='ocrx_word' id='word_1_253' title='bbox 1802 1712 1851 1745; x_wconf 84' lang='lat' dir='ltr'>vt</span> 
     </span>
     <span class='ocr_line' id='line_1_30' title="bbox 197 1760 1850 1812; baseline 0 -12"><span class='ocrx_word' id='word_1_254' title='bbox 197 1772 240 1802; x_wconf 80' lang='lat'>60</span> <span class='ocrx_word' id='word_1_255' title='bbox 260 1761 415 1800; x_wconf 89' lang='lat' dir='ltr'>multas</span> <span class='ocrx_word' id='word_1_256' title='bbox 444 1761 643 1812; x_wconf 85' lang='lat' dir='ltr'>epistolas</span> <span class='ocrx_word' id='word_1_257' title='bbox 673 1761 837 1799; x_wconf 86' lang='lat' dir='ltr'>Erasmi</span> <span class='ocrx_word' id='word_1_258' title='bbox 867 1761 999 1800; x_wconf 81' lang='lat' dir='ltr'>veluti</span> <span class='ocrx_word' id='word_1_259' title='bbox 1025 1774 1047 1799; x_wconf 90' lang='lat' dir='ltr'>e</span> <span class='ocrx_word' id='word_1_260' title='bbox 1075 1761 1274 1799; x_wconf 88' lang='lat' dir='ltr'>thesauro</span> <span class='ocrx_word' id='word_1_261' title='bbox 1303 1760 1552 1811; x_wconf 84' lang='lat' dir='ltr'>depromens</span> <span class='ocrx_word' id='word_1_262' title='bbox 1581 1761 1850 1807; x_wconf 53' lang='lat' dir='ltr'>ostenderem</span> 
     </span>
     <span class='ocr_line' id='line_1_31' title="bbox 258 1815 1851 1867; baseline -0.001 -13"><span class='ocrx_word' id='word_1_263' title='bbox 258 1829 364 1867; x_wconf 86' lang='lat' dir='ltr'>quas</span> <span class='ocrx_word' id='word_1_264' title='bbox 387 1820 498 1854; x_wconf 88' lang='lat' dir='ltr'>certe</span> <span class='ocrx_word' id='word_1_265' title='bbox 519 1815 753 1854; x_wconf 84' lang='lat' dir='ltr'>incredibili</span> <span class='ocrx_word' id='word_1_266' title='bbox 774 1815 928 1867; x_wconf 86' lang='lat' dir='ltr'>gaudio</span> <span class='ocrx_word' id='word_1_267' title='bbox 950 1819 994 1854; x_wconf 92' lang='lat' dir='ltr'>et</span> <span class='ocrx_word' id='word_1_268' title='bbox 1016 1815 1104 1853; x_wconf 83' lang='lat' dir='ltr'>vidi</span> <span class='ocrx_word' id='word_1_269' title='bbox 1126 1819 1169 1854; x_wconf 91' lang='lat' dir='ltr'>et</span> <span class='ocrx_word' id='word_1_270' title='bbox 1191 1815 1283 1866; x_wconf 89' lang='lat' dir='ltr'>legi.</span> <span class='ocrx_word' id='word_1_271' title='bbox 1335 1815 1394 1854; x_wconf 85' lang='lat' dir='ltr'>Et</span> <span class='ocrx_word' id='word_1_272' title='bbox 1413 1828 1556 1854; x_wconf 90' lang='lat' dir='ltr'>rursus</span> <span class='ocrx_word' id='word_1_273' title='bbox 1577 1816 1851 1866; x_wconf 81' lang='lat' dir='ltr'>ingemiscens</span> 
     </span>
     <span class='ocr_line' id='line_1_32' title="bbox 259 1869 1849 1921; baseline -0.001 -13"><span class='ocrx_word' id='word_1_274' title='bbox 259 1871 392 1921; x_wconf 90' lang='lat' dir='ltr'>magis</span> <span class='ocrx_word' id='word_1_275' title='bbox 420 1870 554 1908; x_wconf 90' lang='lat' dir='ltr'>inuidi</span> <span class='ocrx_word' id='word_1_276' title='bbox 583 1869 824 1908; x_wconf 89' lang='lat' dir='ltr'>huiusmodi</span> <span class='ocrx_word' id='word_1_277' title='bbox 854 1870 891 1908; x_wconf 90' lang='lat' dir='ltr'>ei</span> <span class='ocrx_word' id='word_1_278' title='bbox 921 1874 1172 1908; x_wconf 82' lang='lat' dir='ltr'>ornamenta</span> <span class='ocrx_word' id='word_1_279' title='bbox 1200 1882 1329 1920; x_wconf 86' lang='lat' dir='ltr'>quam</span> <span class='ocrx_word' id='word_1_280' title='bbox 1359 1882 1453 1908; x_wconf 86' lang='lat' dir='ltr'>rara</span> <span class='ocrx_word' id='word_1_281' title='bbox 1483 1870 1625 1921; x_wconf 85' lang='lat' dir='ltr'>aliqua</span> <span class='ocrx_word' id='word_1_282' title='bbox 1655 1871 1745 1908; x_wconf 87' lang='lat' dir='ltr'>auri</span> <span class='ocrx_word' id='word_1_283' title='bbox 1775 1874 1849 1908; x_wconf 79' lang='lat' dir='ltr'>aut</span> 
     </span>
     <span class='ocr_line' id='line_1_33' title="bbox 259 1925 631 1975; baseline 0 -13"><span class='ocrx_word' id='word_1_284' title='bbox 259 1925 421 1975; x_wconf 87' lang='lat' dir='ltr'>argenti</span> <span class='ocrx_word' id='word_1_285' title='bbox 443 1937 631 1963; x_wconf 85' lang='lat' dir='ltr'>munera.</span> 
     </span>
     <span class='ocr_line' id='line_1_34' title="bbox 314 1977 1850 2025; baseline 0 -9"><span class='ocrx_word' id='word_1_286' title='bbox 314 1978 464 2025; x_wconf 82' lang='lat' dir='ltr'>Quare,</span> <span class='ocrx_word' id='word_1_287' title='bbox 503 1977 802 2017; x_wconf 85' lang='lat' dir='ltr'>amabilissime</span> <span class='ocrx_word' id='word_1_288' title='bbox 840 1978 1027 2025; x_wconf 84' lang='lat' dir='ltr'>Erasme,</span> <span class='ocrx_word' id='word_1_289' title='bbox 1065 1978 1141 2017; x_wconf 88' lang='lat' dir='ltr'>has</span> <span class='ocrx_word' id='word_1_290' title='bbox 1178 1990 1293 2016; x_wconf 89' lang='lat' dir='ltr'>meas</span> <span class='ocrx_word' id='word_1_291' title='bbox 1328 1978 1471 2016; x_wconf 89' lang='lat' dir='ltr'>literas</span> <span class='ocrx_word' id='word_1_292' title='bbox 1509 1977 1606 2016; x_wconf 91' lang='lat' dir='ltr'>boni</span> <span class='ocrx_word' id='word_1_293' title='bbox 1645 1977 1850 2025; x_wconf 88' lang='lat' dir='ltr'>consulas,</span> 
     </span>
     <span class='ocr_line' id='line_1_35' title="bbox 197 2031 1849 2083; baseline -0.001 -12"><span class='ocrx_word' id='word_1_294' title='bbox 197 2041 236 2081; x_wconf 84' lang='lat'>65</span> <span class='ocrx_word' id='word_1_295' title='bbox 259 2045 511 2083; x_wconf 82' lang='lat' dir='ltr'>magnopere</span> <span class='ocrx_word' id='word_1_296' title='bbox 532 2045 646 2083; x_wconf 84' lang='lat' dir='ltr'>rogo,</span> <span class='ocrx_word' id='word_1_297' title='bbox 671 2032 824 2083; x_wconf 89' lang='lat' dir='ltr'>quibus</span> <span class='ocrx_word' id='word_1_298' title='bbox 846 2045 871 2070; x_wconf 90' lang='lat' dir='ltr'>a</span> <span class='ocrx_word' id='word_1_299' title='bbox 892 2037 936 2071; x_wconf 90' lang='lat' dir='ltr'>te</span> <span class='ocrx_word' id='word_1_300' title='bbox 957 2045 1044 2071; x_wconf 90' lang='lat' dir='ltr'>non</span> <span class='ocrx_word' id='word_1_301' title='bbox 1065 2032 1181 2071; x_wconf 88' lang='lat' dir='ltr'>aliud</span> <span class='ocrx_word' id='word_1_302' title='bbox 1203 2036 1303 2083; x_wconf 89' lang='lat' dir='ltr'>peto</span> <span class='ocrx_word' id='word_1_303' title='bbox 1325 2033 1405 2071; x_wconf 90' lang='lat' dir='ltr'>nisi</span> <span class='ocrx_word' id='word_1_304' title='bbox 1427 2036 1477 2071; x_wconf 73' lang='lat' dir='ltr'>vt</span> <span class='ocrx_word' id='word_1_305' title='bbox 1498 2045 1565 2070; x_wconf 91' lang='lat' dir='ltr'>me</span> <span class='ocrx_word' id='word_1_306' title='bbox 1586 2031 1666 2071; x_wconf 90' lang='lat' dir='ltr'>tibi</span> <span class='ocrx_word' id='word_1_307' title='bbox 1688 2033 1849 2070; x_wconf 89' lang='lat' dir='ltr'>amicis-</span> 
     </span>
     <span class='ocr_line' id='line_1_36' title="bbox 259 2085 1849 2138; baseline 0 -14"><span class='ocrx_word' id='word_1_308' title='bbox 259 2087 413 2125; x_wconf 91' lang='lat' dir='ltr'>simum</span> <span class='ocrx_word' id='word_1_309' title='bbox 448 2099 536 2125; x_wconf 90' lang='lat' dir='ltr'>esse</span> <span class='ocrx_word' id='word_1_310' title='bbox 573 2085 772 2132; x_wconf 87' lang='lat' dir='ltr'>confidas,</span> <span class='ocrx_word' id='word_1_311' title='bbox 810 2090 943 2137; x_wconf 76' lang='lat' dir='ltr'>vtque</span> <span class='ocrx_word' id='word_1_312' title='bbox 979 2091 1100 2125; x_wconf 86' lang='lat' dir='ltr'>tuam</span> <span class='ocrx_word' id='word_1_313' title='bbox 1137 2086 1426 2125; x_wconf 76' lang='lat' dir='ltr'>valetudinem</span> <span class='ocrx_word' id='word_1_314' title='bbox 1461 2086 1683 2138; x_wconf 82' lang='lat' dir='ltr'>diligenter</span> <span class='ocrx_word' id='word_1_315' title='bbox 1719 2099 1849 2131; x_wconf 73' lang='lat' dir='ltr'>cures,</span> 
     </span>
     <span class='ocr_line' id='line_1_37' title="bbox 260 2140 1848 2192; baseline -0.001 -13"><span class='ocrx_word' id='word_1_316' title='bbox 260 2153 413 2192; x_wconf 86' lang='lat' dir='ltr'>magno</span> <span class='ocrx_word' id='word_1_317' title='bbox 448 2144 493 2179; x_wconf 91' lang='lat' dir='ltr'>et</span> <span class='ocrx_word' id='word_1_318' title='bbox 527 2140 708 2179; x_wconf 85' lang='lat' dir='ltr'>infracto</span> <span class='ocrx_word' id='word_1_319' title='bbox 744 2141 887 2179; x_wconf 89' lang='lat' dir='ltr'>animo</span> <span class='ocrx_word' id='word_1_320' title='bbox 922 2140 1154 2179; x_wconf 85' lang='lat' dir='ltr'>calumnias</span> <span class='ocrx_word' id='word_1_321' title='bbox 1189 2140 1595 2192; x_wconf 88' lang='lat' dir='ltr'>improbissimorum</span> <span class='ocrx_word' id='word_1_322' title='bbox 1631 2140 1848 2191; x_wconf 79' lang='lat' dir='ltr'>despicias,</span> 
     </span>
     <span class='ocr_line' id='line_1_38' title="bbox 259 2194 1850 2246; baseline -0.001 -13"><span class='ocrx_word' id='word_1_323' title='bbox 259 2207 419 2233; x_wconf 90' lang='lat' dir='ltr'>memor</span> <span class='ocrx_word' id='word_1_324' title='bbox 438 2198 482 2233; x_wconf 87' lang='lat' dir='ltr'>te</span> <span class='ocrx_word' id='word_1_325' title='bbox 500 2194 750 2245; x_wconf 89' lang='lat' dir='ltr'>iampridem</span> <span class='ocrx_word' id='word_1_326' title='bbox 771 2195 1018 2233; x_wconf 88' lang='lat' dir='ltr'>eruditionis</span> <span class='ocrx_word' id='word_1_327' title='bbox 1038 2200 1081 2233; x_wconf 87' lang='lat' dir='ltr'>et</span> <span class='ocrx_word' id='word_1_328' title='bbox 1100 2194 1365 2245; x_wconf 84' lang='lat' dir='ltr'>eloquentiae</span> <span class='ocrx_word' id='word_1_329' title='bbox 1390 2195 1521 2246; x_wconf 89' lang='lat' dir='ltr'>gloria</span> <span class='ocrx_word' id='word_1_330' title='bbox 1549 2207 1718 2234; x_wconf 88' lang='lat' dir='ltr'>omnem</span> <span class='ocrx_word' id='word_1_331' title='bbox 1744 2195 1850 2233; x_wconf 90' lang='lat' dir='ltr'>inui-</span> 
     </span>
     <span class='ocr_line' id='line_1_39' title="bbox 258 2248 1849 2300; baseline -0.001 -12"><span class='ocrx_word' id='word_1_332' title='bbox 258 2249 373 2288; x_wconf 88' lang='lat' dir='ltr'>diam</span> <span class='ocrx_word' id='word_1_333' title='bbox 393 2261 645 2300; x_wconf 90' lang='lat' dir='ltr'>omnemque</span> <span class='ocrx_word' id='word_1_334' title='bbox 665 2249 873 2299; x_wconf 89' lang='lat' dir='ltr'>opinionis</span> <span class='ocrx_word' id='word_1_335' title='bbox 893 2248 1102 2287; x_wconf 87' lang='lat' dir='ltr'>maculam</span> <span class='ocrx_word' id='word_1_336' title='bbox 1123 2249 1238 2300; x_wconf 86' lang='lat' dir='ltr'>apud</span> <span class='ocrx_word' id='word_1_337' title='bbox 1258 2249 1453 2288; x_wconf 74' lang='lat' dir='ltr'>cordatos</span> <span class='ocrx_word' id='word_1_338' title='bbox 1473 2262 1617 2288; x_wconf 88' lang='lat' dir='ltr'>omnes</span> <span class='ocrx_word' id='word_1_339' title='bbox 1633 2261 1849 2300; x_wconf 74' lang='lat' dir='ltr'>superasse</span> 
     </span>
     <span class='ocr_line' id='line_1_40' title="bbox 197 2303 711 2354; baseline -0.002 -12"><span class='ocrx_word' id='word_1_340' title='bbox 197 2319 240 2351; x_wconf 85' lang='lat'>70</span> <span class='ocrx_word' id='word_1_341' title='bbox 259 2307 389 2354; x_wconf 88' lang='lat' dir='ltr'>atque</span> <span class='ocrx_word' id='word_1_342' title='bbox 407 2303 711 2342; x_wconf 87' lang='lat' dir='ltr'>obliterauisse.</span> 
     </span>
     <span class='ocr_line' id='line_1_41' title="bbox 313 2357 1545 2408; baseline 0 -12"><span class='ocrx_word' id='word_1_343' title='bbox 313 2357 416 2396; x_wconf 88' lang='lat' dir='ltr'>Vale</span> <span class='ocrx_word' id='word_1_344' title='bbox 434 2370 487 2396; x_wconf 82' lang='lat' dir='ltr'>ex</span> <span class='ocrx_word' id='word_1_345' title='bbox 506 2357 687 2396; x_wconf 88' lang='lat' dir='ltr'>Patauia</span> <span class='ocrx_word' id='word_1_346' title='bbox 705 2357 912 2396; x_wconf 83' lang='lat' dir='ltr'>Bauariae</span> <span class='ocrx_word' id='word_1_347' title='bbox 933 2368 983 2406; x_wconf 84' lang='lat'>30</span> <span class='ocrx_word' id='word_1_348' title='bbox 1004 2358 1087 2395; x_wconf 88' lang='lat' dir='ltr'>mai</span> <span class='ocrx_word' id='word_1_349' title='bbox 1106 2357 1229 2396; x_wconf 81' lang='lat' dir='ltr'>Anno</span> <span class='ocrx_word' id='word_1_350' title='bbox 1248 2357 1408 2396; x_wconf 89' lang='lat' dir='ltr'>domini</span> <span class='ocrx_word' id='word_1_351' title='bbox 1429 2366 1545 2408; x_wconf 86' lang='lat'>1524.</span> 
     </span>
     <span class='ocr_line' id='line_1_42' title="bbox 313 2411 1849 2462; baseline -0.001 -12"><span class='ocrx_word' id='word_1_352' title='bbox 313 2411 565 2462; x_wconf 88' lang='lat' dir='ltr'>Priusquam</span> <span class='ocrx_word' id='word_1_353' title='bbox 612 2411 756 2450; x_wconf 87' lang='lat' dir='ltr'>literas</span> <span class='ocrx_word' id='word_1_354' title='bbox 802 2411 878 2449; x_wconf 88' lang='lat' dir='ltr'>has</span> <span class='ocrx_word' id='word_1_355' title='bbox 925 2411 1198 2457; x_wconf 86' lang='lat' dir='ltr'>occluderem,</span> <span class='ocrx_word' id='word_1_356' title='bbox 1239 2411 1390 2450; x_wconf 87' lang='lat' dir='ltr'>incidit</span> <span class='ocrx_word' id='word_1_357' title='bbox 1434 2413 1498 2450; x_wconf 86' lang='lat' dir='ltr'>tui</span> <span class='ocrx_word' id='word_1_358' title='bbox 1538 2411 1696 2450; x_wconf 90' lang='lat' dir='ltr'>mentio</span> <span class='ocrx_word' id='word_1_359' title='bbox 1735 2411 1849 2461; x_wconf 86' lang='lat' dir='ltr'>apud</span> 
     </span>
     <span class='ocr_line' id='line_1_43' title="bbox 257 2465 1849 2516; baseline 0 -12"><span class='ocrx_word' id='word_1_360' title='bbox 257 2466 652 2504; x_wconf 88' lang='lat' dir='ltr'>reuerendissimum</span> <span class='ocrx_word' id='word_1_361' title='bbox 689 2470 734 2504; x_wconf 90' lang='lat' dir='ltr'>et</span> <span class='ocrx_word' id='word_1_362' title='bbox 769 2465 1099 2504; x_wconf 87' lang='lat' dir='ltr'>illustrissimum</span> <span class='ocrx_word' id='word_1_363' title='bbox 1138 2465 1179 2504; x_wconf 88' lang='lat' dir='ltr'>d.</span> <span class='ocrx_word' id='word_1_364' title='bbox 1220 2465 1440 2504; x_wconf 89' lang='lat' dir='ltr'>dominum</span> <span class='ocrx_word' id='word_1_365' title='bbox 1485 2465 1726 2512; x_wconf 88' lang='lat' dir='ltr'>Ernestum,</span> <span class='ocrx_word' id='word_1_366' title='bbox 1765 2466 1849 2516; x_wconf 82' lang='lat' dir='ltr'>epi-</span> 
     </span>
    </p>
   </div>
   <div class='ocr_carea' id='block_1_3' title="bbox 257 2595 1851 3071">
    <p class='ocr_par' dir='ltr' id='par_1_3' title="bbox 257 2595 1851 3071">
     <span class='ocr_line' id='line_1_44' title="bbox 303 2595 1827 2637; baseline -0.001 -9"><span class='ocrx_word' id='word_1_367' title='bbox 303 2598 353 2635; x_wconf 80' lang='lat'>36.</span> <span class='ocrx_word' id='word_1_368' title='bbox 380 2595 579 2635; x_wconf 85' lang='lat' dir='ltr'>Gurcensis]</span> <span class='ocrx_word' id='word_1_369' title='bbox 592 2595 655 2628; x_wconf 88' lang='lat' dir='ltr'>See</span> <span class='ocrx_word' id='word_1_370' title='bbox 669 2595 734 2636; x_wconf 87' lang='lat' dir='ltr'>Ep.</span> <span class='ocrx_word' id='word_1_371' title='bbox 752 2603 825 2636; x_wconf 83' lang='lat'>549.</span> <span class='ocrx_word' id='word_1_372' title='bbox 840 2596 920 2635; x_wconf 87' lang='grc'>4811.</span> <span class='ocrx_word' id='word_1_373' title='bbox 1130 2597 1185 2634; x_wconf 84' lang='grc'>46.</span> <span class='ocrx_word' id='word_1_374' title='bbox 1213 2595 1302 2628; x_wconf 85' lang='lat' dir='ltr'>male</span> <span class='ocrx_word' id='word_1_375' title='bbox 1316 2595 1430 2635; x_wconf 87' lang='lat' dir='ltr'>audit]</span> <span class='ocrx_word' id='word_1_376' title='bbox 1445 2595 1495 2628; x_wconf 81' lang='lat' dir='ltr'>Cf.</span> <span class='ocrx_word' id='word_1_377' title='bbox 1514 2595 1577 2637; x_wconf 88' lang='lat' dir='ltr'>Ep.</span> <span class='ocrx_word' id='word_1_378' title='bbox 1598 2604 1692 2634; x_wconf 84' lang='lat'>1400.</span> <span class='ocrx_word' id='word_1_379' title='bbox 1709 2597 1827 2634; x_wconf 66' lang='lat'>262-4.</span> 
     </span>
     <span class='ocr_line' id='line_1_45' title="bbox 299 2637 1848 2682; baseline 0 -11"><span class='ocrx_word' id='word_1_380' title='bbox 299 2648 352 2679; x_wconf 79' lang='lat'>45.</span> <span class='ocrx_word' id='word_1_381' title='bbox 379 2638 617 2678; x_wconf 84' lang='lat' dir='ltr'>ecclesiastici]</span> <span class='ocrx_word' id='word_1_382' title='bbox 642 2637 833 2670; x_wconf 85' lang='lat' dir='ltr'>Rudbert&#39;s</span> <span class='ocrx_word' id='word_1_383' title='bbox 857 2637 963 2670; x_wconf 88' lang='lat' dir='ltr'>letter</span> <span class='ocrx_word' id='word_1_384' title='bbox 986 2642 1025 2670; x_wconf 89' lang='lat' dir='ltr'>to</span> <span class='ocrx_word' id='word_1_385' title='bbox 1133 2647 1185 2679; x_wconf 85' lang='lat'>50.</span> <span class='ocrx_word' id='word_1_386' title='bbox 1211 2639 1436 2679; x_wconf 86' lang='lat' dir='ltr'>decanorum]</span> <span class='ocrx_word' id='word_1_387' title='bbox 1455 2639 1537 2671; x_wconf 87' lang='lat' dir='ltr'>This</span> <span class='ocrx_word' id='word_1_388' title='bbox 1555 2640 1584 2671; x_wconf 87' lang='lat' dir='ltr'>is</span> <span class='ocrx_word' id='word_1_389' title='bbox 1603 2650 1648 2671; x_wconf 82' lang='lat' dir='ltr'>an</span> <span class='ocrx_word' id='word_1_390' title='bbox 1667 2650 1848 2682; x_wconf 85' lang='lat' dir='ltr'>exaggera-</span> 
     </span>
     <span class='ocr_line' id='line_1_46' title="bbox 258 2682 1849 2724; baseline 0 -10"><span class='ocrx_word' id='word_1_391' title='bbox 258 2682 491 2715; x_wconf 84' lang='lat' dir='ltr'>Pirckheimer</span> <span class='ocrx_word' id='word_1_392' title='bbox 514 2682 648 2724; x_wconf 87' lang='lat' dir='ltr'>quoted</span> <span class='ocrx_word' id='word_1_393' title='bbox 672 2682 784 2714; x_wconf 82' lang='lat' dir='ltr'>above</span> <span class='ocrx_word' id='word_1_394' title='bbox 807 2692 890 2724; x_wconf 83' lang='lat' dir='ltr'>goes</span> <span class='ocrx_word' id='word_1_395' title='bbox 915 2692 960 2714; x_wconf 90' lang='lat' dir='ltr'>on</span> <span class='ocrx_word' id='word_1_396' title='bbox 986 2686 1024 2714; x_wconf 89' lang='lat' dir='ltr'>to</span> <span class='ocrx_word' id='word_1_397' title='bbox 1086 2683 1174 2715; x_wconf 83' lang='lat' dir='ltr'>tion.</span> <span class='ocrx_word' id='word_1_398' title='bbox 1209 2683 1351 2715; x_wconf 86' lang='lat' dir='ltr'>Besides</span> <span class='ocrx_word' id='word_1_399' title='bbox 1362 2682 1544 2720; x_wconf 87' lang='lat' dir='ltr'>Laurinus,</span> <span class='ocrx_word' id='word_1_400' title='bbox 1557 2682 1641 2724; x_wconf 87' lang='lat' dir='ltr'>only</span> <span class='ocrx_word' id='word_1_401' title='bbox 1651 2686 1720 2715; x_wconf 87' lang='lat' dir='ltr'>two</span> <span class='ocrx_word' id='word_1_402' title='bbox 1732 2683 1849 2721; x_wconf 86' lang='lat' dir='ltr'>deans,</span> 
     </span>
     <span class='ocr_line' id='line_1_47' title="bbox 257 2725 1850 2768; baseline -0.001 -10"><span class='ocrx_word' id='word_1_403' title='bbox 257 2726 319 2758; x_wconf 82' lang='lat' dir='ltr'>ask</span> <span class='ocrx_word' id='word_1_404' title='bbox 344 2726 397 2758; x_wconf 84' lang='lat' dir='ltr'>his</span> <span class='ocrx_word' id='word_1_405' title='bbox 421 2726 552 2758; x_wconf 83' lang='lat' dir='ltr'>friends</span> <span class='ocrx_word' id='word_1_406' title='bbox 576 2727 612 2758; x_wconf 92' lang='lat' dir='ltr'>in</span> <span class='ocrx_word' id='word_1_407' title='bbox 638 2725 853 2767; x_wconf 87' lang='lat' dir='ltr'>Nuremberg</span> <span class='ocrx_word' id='word_1_408' title='bbox 879 2729 918 2757; x_wconf 89' lang='lat' dir='ltr'>to</span> <span class='ocrx_word' id='word_1_409' title='bbox 942 2725 1024 2758; x_wconf 90' lang='lat' dir='ltr'>look</span> <span class='ocrx_word' id='word_1_410' title='bbox 1086 2726 1123 2758; x_wconf 78' lang='lat' dir='ltr'>of</span> <span class='ocrx_word' id='word_1_411' title='bbox 1136 2726 1251 2768; x_wconf 85' lang='lat' dir='ltr'>Spires</span> <span class='ocrx_word' id='word_1_412' title='bbox 1265 2726 1336 2758; x_wconf 85' lang='lat' dir='ltr'>and</span> <span class='ocrx_word' id='word_1_413' title='bbox 1350 2726 1452 2759; x_wconf 83' lang='lat' dir='ltr'>Basle</span> <span class='ocrx_word' id='word_1_414' title='bbox 1468 2726 1546 2768; x_wconf 90' lang='lat' dir='ltr'>(Ep.</span> <span class='ocrx_word' id='word_1_415' title='bbox 1565 2735 1657 2767; x_wconf 86' lang='lat'>1342.</span> <span class='ocrx_word' id='word_1_416' title='bbox 1672 2734 1747 2764; x_wconf 88' lang='lat'>200,</span> <span class='ocrx_word' id='word_1_417' title='bbox 1757 2727 1850 2765; x_wconf 75' lang='lat'>460),</span> 
     </span>
     <span class='ocr_line' id='line_1_48' title="bbox 257 2768 1848 2807; baseline 0 -6"><span class='ocrx_word' id='word_1_418' title='bbox 257 2774 320 2801; x_wconf 85' lang='lat' dir='ltr'>out</span> <span class='ocrx_word' id='word_1_419' title='bbox 335 2769 390 2801; x_wconf 84' lang='lat' dir='ltr'>for</span> <span class='ocrx_word' id='word_1_420' title='bbox 406 2780 427 2801; x_wconf 85' lang='lat' dir='ltr'>a</span> <span class='ocrx_word' id='word_1_421' title='bbox 443 2770 519 2801; x_wconf 89' lang='lat' dir='ltr'>nice</span> <span class='ocrx_word' id='word_1_422' title='bbox 536 2769 609 2802; x_wconf 88' lang='lat' dir='ltr'>rich</span> <span class='ocrx_word' id='word_1_423' title='bbox 625 2769 704 2801; x_wconf 82' lang='lat' dir='ltr'>wife</span> <span class='ocrx_word' id='word_1_424' title='bbox 720 2769 775 2801; x_wconf 79' lang='lat' dir='ltr'>for</span> <span class='ocrx_word' id='word_1_425' title='bbox 792 2768 874 2806; x_wconf 87' lang='lat' dir='ltr'>him,</span> <span class='ocrx_word' id='word_1_426' title='bbox 892 2769 929 2801; x_wconf 90' lang='lat' dir='ltr'>in</span> <span class='ocrx_word' id='word_1_427' title='bbox 947 2779 1024 2801; x_wconf 84' lang='lat' dir='ltr'>ease</span> <span class='ocrx_word' id='word_1_428' title='bbox 1085 2781 1143 2802; x_wconf 85' lang='lat' dir='ltr'>are</span> <span class='ocrx_word' id='word_1_429' title='bbox 1167 2769 1369 2802; x_wconf 87' lang='lat' dir='ltr'>mentioned</span> <span class='ocrx_word' id='word_1_430' title='bbox 1384 2782 1393 2807; x_wconf 91' lang='lat'>;</span> <span class='ocrx_word' id='word_1_431' title='bbox 1431 2770 1496 2802; x_wconf 94' lang='lat' dir='ltr'>but</span> <span class='ocrx_word' id='word_1_432' title='bbox 1518 2769 1579 2803; x_wconf 88' lang='lat' dir='ltr'>the</span> <span class='ocrx_word' id='word_1_433' title='bbox 1602 2769 1709 2802; x_wconf 85' lang='lat' dir='ltr'>letter</span> <span class='ocrx_word' id='word_1_434' title='bbox 1730 2771 1760 2801; x_wconf 84' lang='lat' dir='ltr'>is</span> <span class='ocrx_word' id='word_1_435' title='bbox 1783 2769 1848 2801; x_wconf 77' lang='lat' dir='ltr'>full</span> 
     </span>
     <span class='ocr_line' id='line_1_49' title="bbox 258 2812 1850 2856; baseline 0.001 -13"><span class='ocrx_word' id='word_1_436' title='bbox 258 2812 300 2843; x_wconf 88' lang='lat' dir='ltr'>he</span> <span class='ocrx_word' id='word_1_437' title='bbox 320 2812 445 2845; x_wconf 86' lang='lat' dir='ltr'>should</span> <span class='ocrx_word' id='word_1_438' title='bbox 459 2823 553 2855; x_wconf 85' lang='lat' dir='ltr'>grow</span> <span class='ocrx_word' id='word_1_439' title='bbox 569 2813 660 2845; x_wconf 84' lang='lat' dir='ltr'>tired</span> <span class='ocrx_word' id='word_1_440' title='bbox 676 2812 713 2844; x_wconf 79' lang='lat' dir='ltr'>of</span> <span class='ocrx_word' id='word_1_441' title='bbox 730 2812 832 2855; x_wconf 87' lang='lat' dir='ltr'>being</span> <span class='ocrx_word' id='word_1_442' title='bbox 849 2822 894 2844; x_wconf 85' lang='lat' dir='ltr'>an</span> <span class='ocrx_word' id='word_1_443' title='bbox 917 2812 1022 2844; x_wconf 84' lang='lat' dir='ltr'>eccle·</span> <span class='ocrx_word' id='word_1_444' title='bbox 1085 2814 1122 2845; x_wconf 83' lang='lat' dir='ltr'>of</span> <span class='ocrx_word' id='word_1_445' title='bbox 1147 2813 1276 2847; x_wconf 81' lang='lat' dir='ltr'>church</span> <span class='ocrx_word' id='word_1_446' title='bbox 1301 2813 1516 2856; x_wconf 80' lang='lat' dir='ltr'>dignitaries,</span> <span class='ocrx_word' id='word_1_447' title='bbox 1543 2813 1631 2846; x_wconf 89' lang='lat' dir='ltr'>both</span> <span class='ocrx_word' id='word_1_448' title='bbox 1655 2812 1757 2845; x_wconf 85' lang='lat' dir='ltr'>small</span> <span class='ocrx_word' id='word_1_449' title='bbox 1781 2812 1850 2845; x_wconf 83' lang='lat' dir='ltr'>and</span> 
     </span>
     <span class='ocr_line' id='line_1_50' title="bbox 257 2855 1195 2899; baseline 0.004 -13"><span class='ocrx_word' id='word_1_450' title='bbox 257 2856 395 2893; x_wconf 79' lang='lat' dir='ltr'>siasti03</span> <span class='ocrx_word' id='word_1_451' title='bbox 412 2856 542 2898; x_wconf 85' lang='lat' dir='ltr'>adding</span> <span class='ocrx_word' id='word_1_452' title='bbox 555 2856 637 2889; x_wconf 86' lang='lat' dir='ltr'>that</span> <span class='ocrx_word' id='word_1_453' title='bbox 648 2855 690 2888; x_wconf 90' lang='lat' dir='ltr'>he</span> <span class='ocrx_word' id='word_1_454' title='bbox 701 2855 794 2888; x_wconf 86' lang='lat' dir='ltr'>liked</span> <span class='ocrx_word' id='word_1_455' title='bbox 807 2855 1023 2898; x_wconf 89' lang='lat' dir='ltr'>Nuremberg</span> <span class='ocrx_word' id='word_1_456' title='bbox 1083 2861 1195 2899; x_wconf 79' lang='lat' dir='ltr'>great.</span> 
     </span>
     <span class='ocr_line' id='line_1_51' title="bbox 259 2898 1850 2940; baseline 0 -10"><span class='ocrx_word' id='word_1_457' title='bbox 259 2898 373 2930; x_wconf 85' lang='lat' dir='ltr'>better</span> <span class='ocrx_word' id='word_1_458' title='bbox 390 2899 477 2931; x_wconf 83' lang='lat' dir='ltr'>than</span> <span class='ocrx_word' id='word_1_459' title='bbox 494 2909 564 2940; x_wconf 86' lang='lat' dir='ltr'>any</span> <span class='ocrx_word' id='word_1_460' title='bbox 581 2903 676 2932; x_wconf 85' lang='lat' dir='ltr'>town</span> <span class='ocrx_word' id='word_1_461' title='bbox 694 2899 737 2931; x_wconf 90' lang='lat' dir='ltr'>he</span> <span class='ocrx_word' id='word_1_462' title='bbox 754 2899 824 2931; x_wconf 83' lang='lat' dir='ltr'>had</span> <span class='ocrx_word' id='word_1_463' title='bbox 841 2909 933 2937; x_wconf 87' lang='lat' dir='ltr'>seen,</span> <span class='ocrx_word' id='word_1_464' title='bbox 951 2900 1022 2931; x_wconf 90' lang='lat' dir='ltr'>and</span> <span class='ocrx_word' id='word_1_465' title='bbox 1129 2901 1183 2932; x_wconf 84' lang='lat'>60.</span> <span class='ocrx_word' id='word_1_466' title='bbox 1209 2911 1228 2932; x_wconf 87' lang='lat' dir='ltr'>e</span> <span class='ocrx_word' id='word_1_467' title='bbox 1258 2899 1438 2940; x_wconf 83' lang='lat' dir='ltr'>thesauro]</span> <span class='ocrx_word' id='word_1_468' title='bbox 1468 2900 1537 2932; x_wconf 87' lang='lat' dir='ltr'>For</span> <span class='ocrx_word' id='word_1_469' title='bbox 1565 2899 1625 2932; x_wconf 88' lang='lat' dir='ltr'>the</span> <span class='ocrx_word' id='word_1_470' title='bbox 1658 2908 1735 2931; x_wconf 83' lang='lat' dir='ltr'>care</span> <span class='ocrx_word' id='word_1_471' title='bbox 1766 2899 1850 2931; x_wconf 86' lang='lat' dir='ltr'>with</span> 
     </span>
     <span class='ocr_line' id='line_1_52' title="bbox 258 2941 1851 2986; baseline 0.001 -13"><span class='ocrx_word' id='word_1_472' title='bbox 258 2941 372 2973; x_wconf 86' lang='lat' dir='ltr'>would</span> <span class='ocrx_word' id='word_1_473' title='bbox 397 2942 515 2974; x_wconf 83' lang='lat' dir='ltr'>rather</span> <span class='ocrx_word' id='word_1_474' title='bbox 540 2943 582 2974; x_wconf 85' lang='lat' dir='ltr'>be</span> <span class='ocrx_word' id='word_1_475' title='bbox 607 2953 628 2974; x_wconf 85' lang='lat' dir='ltr'>a</span> <span class='ocrx_word' id='word_1_476' title='bbox 652 2942 749 2984; x_wconf 88' lang='lat' dir='ltr'>plain</span> <span class='ocrx_word' id='word_1_477' title='bbox 774 2943 898 2975; x_wconf 84' lang='lat' dir='ltr'>citizen</span> <span class='ocrx_word' id='word_1_478' title='bbox 923 2942 1022 2975; x_wconf 85' lang='lat' dir='ltr'>there</span> <span class='ocrx_word' id='word_1_479' title='bbox 1084 2944 1197 2976; x_wconf 84' lang='lat' dir='ltr'>which</span> <span class='ocrx_word' id='word_1_480' title='bbox 1213 2944 1446 2977; x_wconf 85' lang='lat' dir='ltr'>Pirckheimer</span> <span class='ocrx_word' id='word_1_481' title='bbox 1461 2942 1645 2986; x_wconf 82' lang='lat' dir='ltr'>preserved</span> <span class='ocrx_word' id='word_1_482' title='bbox 1660 2942 1714 2974; x_wconf 81' lang='lat' dir='ltr'>his</span> <span class='ocrx_word' id='word_1_483' title='bbox 1728 2941 1851 2975; x_wconf 83' lang='lat' dir='ltr'>letters</span> 
     </span>
     <span class='ocr_line' id='line_1_53' title="bbox 258 2984 1314 3027; baseline 0.003 -11"><span class='ocrx_word' id='word_1_484' title='bbox 258 2984 345 3016; x_wconf 81' lang='lat' dir='ltr'>than</span> <span class='ocrx_word' id='word_1_485' title='bbox 373 2985 478 3026; x_wconf 77' lang='lat' dir='ltr'>enioy</span> <span class='ocrx_word' id='word_1_486' title='bbox 504 2985 552 3017; x_wconf 90' lang='lat' dir='ltr'>all</span> <span class='ocrx_word' id='word_1_487' title='bbox 578 2985 639 3018; x_wconf 86' lang='lat' dir='ltr'>the</span> <span class='ocrx_word' id='word_1_488' title='bbox 666 2986 870 3027; x_wconf 78' lang='lat' dir='ltr'>splendours</span> <span class='ocrx_word' id='word_1_489' title='bbox 897 2986 935 3018; x_wconf 79' lang='lat' dir='ltr'>of</span> <span class='ocrx_word' id='word_1_490' title='bbox 960 2986 1022 3019; x_wconf 87' lang='lat' dir='ltr'>the</span> <span class='ocrx_word' id='word_1_491' title='bbox 1083 2997 1139 3019; x_wconf 83' lang='lat' dir='ltr'>see</span> <span class='ocrx_word' id='word_1_492' title='bbox 1156 2987 1240 3019; x_wconf 77' lang='lat' dir='ltr'>EE2.</span> <span class='ocrx_word' id='word_1_493' title='bbox 1259 2996 1314 3027; x_wconf 89' lang='lat'>94.</span> 
     </span>
     <span class='ocr_line' id='line_1_54' title="bbox 259 3027 1761 3071; baseline 0.002 -11"><span class='ocrx_word' id='word_1_494' title='bbox 259 3028 411 3070; x_wconf 84' lang='lat' dir='ltr'>deanery</span> <span class='ocrx_word' id='word_1_495' title='bbox 427 3028 463 3060; x_wconf 83' lang='lat' dir='ltr'>of</span> <span class='ocrx_word' id='word_1_496' title='bbox 479 3027 619 3060; x_wconf 81' lang='lat' dir='ltr'>Passau.</span> <span class='ocrx_word' id='word_1_497' title='bbox 1130 3039 1181 3069; x_wconf 83' lang='lat'>73.</span> <span class='ocrx_word' id='word_1_498' title='bbox 1209 3030 1411 3070; x_wconf 86' lang='lat' dir='ltr'>Ernestum]</span> <span class='ocrx_word' id='word_1_499' title='bbox 1428 3030 1490 3064; x_wconf 84' lang='lat' dir='ltr'>See</span> <span class='ocrx_word' id='word_1_500' title='bbox 1507 3029 1571 3071; x_wconf 85' lang='lat' dir='ltr'>Ep.</span> <span class='ocrx_word' id='word_1_501' title='bbox 1592 3029 1664 3070; x_wconf 82' lang='lat'>386.</span> <span class='ocrx_word' id='word_1_502' title='bbox 1687 3038 1761 3069; x_wconf 87' lang='lat' dir='ltr'>17n.</span> 
     </span>
    </p>
   </div>
  </div>
 </body>
</html>
