2012 3370
135 149 256 200 1496]
546 147 618 187 TO
650 145 848 185 PHILIP
878 144 1317 184 MELANOHTHON
1654 147 1732 183 549

132 256 356 308 profitetur
378 269 537 295 nouum
560 256 726 307 dogma,
751 256 809 294 sic
832 253 1116 293 traducendos
1138 254 1211 304 qui
1234 252 1449 292 obsistunt
1471 251 1704 304 Euangelio
1724 265 1733 299 ;
1757 263 1817 293 140

132 313 241 350 inter
263 324 369 362 quos
392 324 458 350 me
479 314 689 356 numerat,
713 313 757 348 et
779 309 956 347 Balaam
978 309 1137 359 passim
1159 307 1360 358 appellat,
1385 306 1501 358 quod
1523 306 1735 345 Adrianus

133 365 258 404 Pont.
300 366 498 405 inuit-arit
538 377 604 403 me
645 368 695 402 vt
736 364 951 402 mitterem
993 362 1228 401 consilium.
1299 361 1396 400 Misi
1435 365 1617 412 partem,
1660 360 1735 398 sed

132 419 360 470 displicuit.
423 418 592 458 Obtulit
621 417 891 463 decanatum,
925 415 1172 467 simpliciter
1201 415 1422 461 recusaui;
1470 415 1608 454 voluit
1638 415 1735 453 mit-

133 478 221 512 tere
242 475 479 525 pecuniam,
502 472 695 523 rescripsi
715 484 768 510 ne
790 472 982 509 mitteret
1003 470 1188 509 obolum.

187 527 254 567 Sic
278 541 372 566 sum
397 527 638 566 Balaamus.
693 525 751 564 Et
775 526 848 576 qui
872 524 979 563 tales
1004 528 1117 571 sunt,
1143 523 1367 575 postulant
1391 527 1452 570 vt,
1480 523 1737 574 contemptis
1759 533 1817 566 145

133 582 329 621 omnibus
359 581 618 627 doctoribus,
650 579 832 618 fidamus
861 580 1050 629 ipsorum
1080 578 1261 628 spiritui,
1294 590 1426 629 quum
1456 578 1627 616 interim
1656 577 1738 629 ipsi

132 637 243 676 inter
276 649 318 675 se
351 649 437 675 non
470 635 752 674 consentiant.
816 633 897 681 Qui
930 633 1089 683 possim
1122 631 1226 670 mihi
1259 631 1511 682 persuadere
1543 631 1637 670 illos
1671 632 1738 682 agi

133 691 285 741 spiritu
302 690 469 736 Christi,
488 701 669 741 quorum
687 700 823 727 mores
839 691 1013 725 tantum
1029 686 1273 737 discrepant
1290 698 1315 724 a
1332 686 1527 724 doctrina
1543 686 1700 725 Christi
1720 690 1735 725 ⁶?

136 744 247 784 Olim
291 744 573 795 Euangelium
618 756 671 781 ex
715 741 925 780 ferocibus
970 740 1179 779 reddebat
1224 740 1361 787 mites,
1409 753 1461 778 ex
1506 739 1736 791 rapacibus

133 799 349 850 benignos,
375 811 428 837 ex
451 797 709 836 turbulentis
732 795 942 847 pacificos,
969 808 1022 834 ex
1046 794 1261 832 maledicis
1286 793 1510 832 benedicos
1531 807 1538 832 :
1579 794 1623 832 hi
1646 793 1738 832 red·
1762 804 1822 836 150

133 852 295 891 duntur
304 852 464 899 furiosi,
476 853 650 903 rapiunt
660 863 734 902 per
743 850 938 888 fraudem
948 849 1098 895 aliena,
1112 849 1331 887 concitant
1342 848 1411 886 vbi
1418 861 1499 898 que
1511 847 1736 893 tumultus,

134 906 243 946 male
273 907 422 945 dicunt
451 907 582 945 etiam
613 905 664 944 de
695 904 1077 944 benemerentibus.
1136 903 1283 942 Nouos
1312 902 1572 953 hypocritas,
1604 914 1739 941 nouos

133 965 339 1012 tyrannos
354 960 492 1007 video,
510 973 558 999 ac
573 973 626 999 ne
641 960 795 998 micam
810 958 983 1010 quidem
999 957 1245 1008 Euangelici
1260 957 1447 1007 spiritus.
1492 955 1535 996 Si
1551 955 1739 995 Luthero

133 1028 266 1054 essem
290 1014 617 1061 addictissimus,
643 1014 777 1064 magis
799 1013 931 1051 etiam
952 1013 1057 1051 istos
1081 1012 1263 1050 odissem
1286 1023 1417 1061 quam
1439 1023 1552 1049 nunc
1576 1010 1659 1057 odi,
1685 1009 1740 1049 ob

135 1069 416 1121 Euangelium
456 1068 572 1120 quod
612 1069 698 1107 suis
740 1067 927 1106 moribus
967 1065 1154 1105 reddunt
1193 1066 1466 1111 inuidiosum,
1509 1065 1564 1104 ob
1606 1064 1740 1103 bonas
1764 1075 1821 1108 155

133 1124 277 1162 literas
303 1136 409 1175 quas
436 1124 676 1175 extingunt.
733 1121 952 1169 Quantum
979 1119 1304 1159 manifestorum
1330 1119 1649 1158 mendaciorum
1675 1123 1740 1158 est

135 1179 179 1216 in
209 1177 350 1216 libello
380 1183 445 1219 τοῦ
478 1180 683 1230 ψωρώδους,
719 1189 828 1227 quae
856 1177 921 1214 vir
948 1174 1231 1226 Euangelicus
1262 1173 1409 1213 scribit
1440 1177 1590 1212 contra
1618 1185 1740 1212 suam

135 1233 450 1279 conscientiam,
472 1245 559 1270 non
579 1231 632 1270 ob
653 1230 769 1269 aliud
788 1231 869 1269 nisi
889 1234 939 1268 vt
958 1234 1069 1268 vra-t.
1126 1229 1184 1267 Et
1203 1228 1282 1267 hoc
1303 1232 1477 1266 senatus
1497 1227 1739 1266 consultum

133 1287 244 1325 inter
263 1287 368 1325 istos
389 1290 532 1338 patres
551 1285 716 1324 factum
737 1289 814 1331 est,
838 1289 888 1323 vt
908 1284 1135 1322 Erasmum
1155 1282 1306 1321 libellis
1327 1282 1525 1321 obruant.
1578 1281 1741 1329 Quibus

133 1342 168 1380 si
192 1340 484 1392 respondeam,
506 1340 771 1391 praeclarum
794 1338 973 1385 facinus,
1001 1342 1051 1377 vt
1075 1337 1399 1376 sceleratissima
1423 1335 1740 1375 conflictatione
1766 1340 1826 1371 160

134 1395 298 1434 alamus
324 1394 488 1446 aliquot
516 1394 708 1433 sordidos
734 1406 782 1432 ac
809 1392 1025 1431 famelicos
1051 1391 1343 1443 typographos
1369 1403 1455 1429 non
1482 1402 1567 1429 vno
1593 1390 1742 1441 dignos

135 1448 375 1500 suspendio.
438 1448 657 1496 Quantum
688 1448 975 1498 impietatum,
1009 1449 1221 1497 quantum
1253 1445 1572 1483 mendaciorum
1603 1448 1668 1483 est
1698 1444 1743 1482 in

132 1503 204 1542 illo
226 1502 368 1542 libcllo
391 1502 534 1541 Alberi
555 1502 562 1541 !
604 1503 638 1541 si
660 1502 753 1541 leue
776 1501 960 1547 videtur,
985 1500 1102 1552 quod
1125 1499 1388 1551 Hieronymo
1412 1500 1470 1538 sic
1494 1502 1743 1549 contempto

134 1557 257 1596 addit
278 1558 409 1596 ctiam
432 1557 633 1608 perfidiae
656 1557 826 1595 crimen.
879 1555 970 1607 Ego
993 1554 1197 1606 prohibeo
1219 1555 1406 1606 nuptias,
1431 1566 1508 1604 ego
1531 1552 1666 1592 defeci
1688 1552 1745 1591 ad

135 1611 345 1663 Papistas‚
370 1613 444 1663 qui
466 1624 573 1651 voco
594 1611 688 1650 illos
711 1610 763 1649 R.
784 1610 845 1656 P„
871 1622 947 1661 ego
970 1622 1092 1648 curro
1116 1622 1212 1647 cum
1234 1608 1339 1655 fure,
1364 1621 1441 1659 ego
1465 1607 1622 1646 bellum
1644 1619 1743 1659 gero
1767 1612 1824 1651 165

137 1679 234 1705 cum
255 1666 502 1717 Euangelio.

190 1720 273 1760 Sed
305 1719 490 1759 facessat
523 1719 627 1759 haec
663 1718 846 1770 querela.
909 1717 1130 1756 Miraberis
1164 1730 1274 1768 quur
1309 1717 1518 1755 emiserim
1553 1715 1742 1754 libellum

136 1774 200 1813 De-
223 1774 356 1813 libero
379 1774 568 1813 arbitrio.
623 1773 895 1813 Sustinebam
919 1771 1075 1823 triplex
1099 1784 1251 1822 agmen
1274 1772 1556 1810 inimicorum.
1608 1770 1741 1808 Theo-

135 1828 220 1880 logi
240 1833 285 1868 et
305 1828 514 1868 bonarum
534 1828 755 1867 literarum
777 1839 917 1866 osores
937 1826 1102 1865 nullum
1123 1838 1210 1864 non
1231 1825 1465 1864 mouebant
1485 1824 1672 1875 lapidem
1693 1828 1743 1862 vt·

137 1882 362 1934 perderent
378 1883 618 1929 Erasmum,
637 1895 770 1933 quum
787 1881 902 1933 quod
920 1881 1075 1919 attacti
1091 1884 1232 1919 essent
1247 1879 1365 1918 libris
1382 1880 1498 1926 meis,
1516 1884 1611 1918 tum
1628 1878 1744 1930 quod
1767 1891 1827 1923 170

137 1937 359 1989 collegium
379 1937 486 1976 illud
507 1936 853 1976 florentissimum
875 1936 1110 1974 inuexerim
1133 1934 1386 1981 Louanium,
1410 1946 1589 1985 eamque
1611 1933 1742 1984 regio-

136 2005 235 2031 nem
252 1996 391 2031 totam
407 1991 624 2031 infecerim
640 1990 794 2042 linguis
811 2003 860 2029 ac
878 1989 1000 2029 bonis
1016 1989 1150 2028 literis
1170 2002 1178 2027 :
1213 1989 1271 2027 sic
1289 1989 1401 2028 enim
1417 1988 1479 2027 illi
1494 1987 1742 2038 loquuntur.

138 2046 196 2085 Hi
220 2046 459 2085 monarchis
480 2045 677 2084 omnibus
696 2048 995 2096 persuaserant
1015 2057 1082 2083 me
1102 2043 1410 2082 iuratissimum
1430 2055 1519 2081 esse
1540 2041 1741 2080 Luthero.

138 2100 293 2152 Itaque
321 2101 446 2139 amici
475 2099 669 2139 videntes
698 2112 765 2138 me
794 2099 1035 2150 periclitari,
1067 2110 1185 2149 spem
1213 2097 1445 2149 praebuere
1474 2095 1672 2136 Pontifici
1701 2100 1744 2134 et

138 2154 399 2206 principibus
427 2154 516 2193 fore
541 2160 590 2194 vt
619 2153 781 2205 aliquid
807 2153 1002 2192 aederem
1030 2153 1075 2191 in
1105 2151 1354 2191 Lutherum.
1413 2151 1522 2190 Eam
1552 2163 1671 2202 spem
1700 2154 1744 2189 ct
1768 2163 1825 2194 175

137 2210 226 2260 ipse
248 2221 324 2261 pro
347 2213 537 2260 tempore
561 2208 658 2247 alui.
711 2208 769 2246 Et
789 2208 961 2247 interim
982 2207 1055 2246 isti
1075 2219 1162 2246 non
1184 2209 1412 2257 expectato
1434 2205 1575 2244 libello
1598 2217 1742 2256 coepe-

137 2267 236 2302 rant
267 2276 334 2302 me
365 2263 516 2302 libellis
547 2262 762 2302 lacessere.
823 2261 940 2301 Nihil
970 2262 1101 2313 igitur
1131 2260 1325 2300 restabat
1356 2261 1437 2299 nisi
1469 2263 1519 2298 vt
1550 2259 1744 2298 aederem

138 2317 254 2368 quod
309 2318 557 2368 scripseram
578 2330 585 2355 :
648 2317 805 2368 alioqui
861 2320 905 2355 et
960 2316 1210 2356 monarchas
1255 2314 1498 2353 habuissem
1542 2312 1742 2359 infensos,

138 2371 293 2423 quibus
310 2373 426 2411 visus
443 2371 617 2411 fuissem
635 2371 799 2410 dedisse
818 2370 962 2417 verba,
982 2374 1026 2409 et
1042 2371 1114 2408 isti
1132 2369 1388 2408 tumultuosi
1405 2368 1661 2407 clamassent
1678 2379 1745 2405 me

140 2430 257 2465 metu
270 2438 471 2477 premere,
484 2430 528 2465 et
540 2426 726 2465 atrocius
739 2425 901 2476 aliquid
913 2428 1190 2475 expectantes
1202 2424 1482 2475 impotentius
1496 2422 1743 2461 saeuissent.
1769 2426 1829 2456 180

140 2480 373 2527 Postremo,
413 2481 616 2532 quoniam
653 2479 833 2531 epistola
871 2479 1046 2518 Lutheri
1082 2480 1169 2517 iam
1206 2482 1271 2516 cst
1314 2479 1357 2516 in
1403 2476 1613 2522 manibus,
1659 2488 1745 2526 qua

141 2534 362 2586 pollicetur
387 2548 430 2573 se
456 2535 743 2574 cohibiturum
770 2534 981 2572 calamum
1005 2534 1050 2572 in
1075 2546 1155 2579 me,
1183 2533 1217 2571 si
1243 2532 1552 2582 conquiescam,
1580 2529 1745 2569 viderer

190 2752 261 2781 141.
288 2741 450 2780 Balaam]
468 2740 518 2773 Cf.
538 2741 603 2782 Ep.
627 2749 720 2781 1510.
744 2741 818 2771 18n.
974 2740 1050 2772 HE.
1071 2748 1147 2780 344,
1165 2749 1199 2781 p.
1219 2748 1293 2780 374.
1312 2740 1410 2780 27-8.

230 2784 419 2834 Adrianus]
436 2786 498 2817 See
517 2784 582 2825 Ep.
605 2785 698 2823 1338.
1022 2784 1094 2823 164.
1121 2783 1288 2824 prohibeo
1307 2782 1464 2824 nuptias]
1482 2781 1566 2814 ibid.
1587 2791 1644 2822 pp.
1666 2790 1741 2822 374.

190 2838 261 2868 142.
288 2827 365 2859 Mlsl
382 2827 534 2869 partem]
550 2827 615 2868 Ep.
638 2835 730 2867 1352.
972 2827 1073 2867 44—6,
1093 2835 1167 2867 377.
1191 2834 1306 2866 14-33.

190 2881 261 2912 143.
287 2871 514 2921 decanatum]
530 2871 593 2903 See
611 2870 676 2911 Ep.
700 2879 791 2911 1345.
817 2871 890 2902 18n.
1021 2871 1092 2911 165.
1118 2880 1205 2901 voco
1219 2869 1297 2901 illos
1312 2868 1355 2900 R.
1370 2867 1518 2919 r.]ibid.
1531 2878 1563 2910 p.
1578 2870 1650 2908 378.
1669 2877 1740 2901 1-2.

143 2914 604 2993 Th¹0⁴1⁴a50⁹53³5¹832³033n¹ss
633 2924 666 2955 Ρ·
698 2912 1690 2999 411112·161721111ἓῖθῖῗῶῗὲἒέἘὲῖἷίξῗέΐὲὶ

192 3011 262 3045 157.
284 3001 418 3042 libello]
435 3002 499 3036 Sec
516 3001 606 3044 Epp.
629 3002 757 3042 14o5‚6.
1020 3010 1092 3041 171.
1119 2999 1316 3043 collegium]
1333 3000 1396 3033 See
1414 3000 1504 3042 Epp.
1528 2967 1741 3040 122’1,4132;2.

192 3048 262 3087 163.
290 3045 521 3087 Hieronymo]
546 3046 609 3079 See
638 3045 696 3077 the
726 3044 908 3081 Iudicium,
1023 3048 1091 3076 181.
1120 3043 1279 3083 Lutheri]
1300 3044 1362 3085 Ep.
1386 3053 1479 3084 1443.
1498 3054 1600 3084 ,μυ-,1,
1617 3046 1740 3084 67-70.
