2012 3370
544 124 617 165 TO
646 123 801 165 JOHN
830 122 1214 165 CARONDELET
1600 121 1675 162 187

87 127 209 177 1334]

84 249 217 288 vsque
252 237 307 276 ad
341 236 821 288 sexagesimumnonum‚
858 247 1000 273 rursus
1035 247 1060 273 a
1095 233 1322 272 centesimo
1358 231 1677 271 decimooctauo
1695 241 1758 280 655

83 303 218 342 Vsque
239 291 294 330 ad
314 291 441 330 finem
456 304 465 337 ;
494 290 575 328 nisi
595 289 711 340 quod
725 289 877 327 vltima
897 302 995 340 pars
1010 288 1155 327 abesse
1175 287 1346 326 videtur
1365 287 1410 325 in
1430 285 1675 336 exemplari-

84 345 176 392 bus,
202 350 405 392 extrema,
431 348 480 383 vt
503 344 702 394 suspicor,
729 344 883 394 pagina
906 344 950 381 in
974 355 1104 381 manu
1128 342 1349 392 descriptis
1373 340 1587 379 codicibus
1611 339 1678 377 vel

83 399 251 438 reuulsa
276 399 343 438 vel
369 399 525 438 detrita
545 411 553 436 ε
596 411 704 448 quae
730 399 816 436 fere
842 398 976 449 perire
1001 397 1108 435 solet
1133 409 1220 435 non
1245 396 1367 434 aliter
1392 407 1535 445 quam,
1563 393 1679 444 quod

61 487 63 489 .
83 457 149 492 est
167 454 211 492 in
231 453 475 504 prouerbiis,
497 456 687 490 extrema
706 451 819 490 faba.
869 452 935 490 Ex
957 451 1112 502 quibus
1132 450 1236 489 illud
1257 449 1478 500 colligitur,
1500 447 1616 499 quod
1635 448 1679 486 in

83 507 274 546 Psalmos
292 508 515 558 scripserat
534 506 735 552 Hilarius,
754 519 841 544 non
860 510 1001 544 totum
1021 505 1259 556 peruenisse
1280 503 1334 542 ad
1353 503 1677 554 Hieronymum.
1695 513 1764 543 660

82 561 195 600 Nam
215 561 463 612 Catalogum
484 560 536 599 de
556 560 676 599 claris
696 559 979 610 Scriptoribus
1006 558 1167 597 aedidit
1196 558 1358 596 Hilario
1388 561 1556 596 mortuo
1577 569 1585 594 :
1626 569 1679 595 ne

83 617 178 666 quis
198 616 361 655 causari
379 615 513 666 possit
533 614 743 653 Hilarium
764 613 975 652 addidisse
995 612 1206 663 quaedam
1227 612 1343 663 operi
1362 615 1461 662 post
1487 611 1677 650 aeditum

84 669 344 721 Hieronymo
365 669 618 720 catalogum.
667 668 810 719 Atque
837 668 882 706 in
905 668 969 706 his
989 671 1175 705 testatur
1197 679 1287 704 sese
1306 679 1357 704 ex
1377 665 1590 703 nonnullis
1612 678 1678 703 ac-

83 725 239 775 cepisse
255 724 370 775 quod
389 724 622 774 scripsisset
642 722 946 761 commentaria
958 722 1002 760 in
1018 721 1193 761 Cantica
1213 720 1474 759 canticorum
1491 733 1500 766 ;
1530 732 1678 758 verum

85 782 214 828 negat
234 778 313 816 hoc
335 790 440 828 opus
462 777 542 816 sibi
564 781 837 828 conspectum
859 776 1000 814 fuisse.

135 832 270 871 Nobis
291 832 413 883 plura
434 832 563 870 etiam
585 831 902 877 interciderunt,
927 829 1124 869 Videlicet
1146 828 1363 880 Epistolae
1385 840 1491 878 quas
1513 827 1681 878 scripsit

82 885 137 925 ad
161 886 349 925 diuersos
369 899 376 924 :
417 886 521 925 item
544 886 649 925 liber
673 885 957 936 Hymnorum.
1014 884 1126 922 Nam
1152 882 1331 934 epistola
1355 895 1464 932 quae
1489 884 1681 932 superest

82 940 138 979 ad
157 940 317 992 Apram
336 940 480 987 filiam,
502 940 607 978 nihil
626 940 757 978 habet
778 939 941 985 Hilarii,
964 938 1148 989 hymnus
1169 937 1304 976 multo
1326 937 1465 975 minus
1485 948 1493 982 3
1530 936 1575 974 in
1595 947 1680 986 quo

83 1008 135 1033 ne
153 995 349 1034 carminis
367 994 538 1046 quidem
556 995 665 1033 ratio
684 997 867 1041 constat,
882 1006 1014 1045 quum
1029 993 1315 1043 Hieronymus
1329 990 1484 1030 alicubi
1497 994 1680 1029 testetur

83 1049 202 1088 illum
252 1062 421 1088 carmen
471 1049 695 1100 scripsisse.
763 1048 853 1088 Nos
891 1053 1037 1086 tamen
1077 1050 1291 1097 vtrunque
1331 1044 1586 1090 addidimus,
1627 1057 1680 1082 ne
1699 1056 1765 1094 670

81 1107 230 1154 gustus
254 1103 431 1150 deesset,
455 1104 490 1141 si
512 1103 607 1154 quis
629 1102 740 1141 forte
762 1102 890 1141 vellet
913 1101 965 1140 de
988 1102 1053 1140 his
1076 1101 1200 1139 rebus
1222 1099 1422 1139 iudicare.
1480 1098 1682 1138 Declarat

83 1158 161 1196 hoc
201 1158 365 1208 phrasis
405 1161 449 1196 et
489 1157 738 1208 compositio
779 1157 982 1196 sermonis
1022 1155 1244 1201 Hilariani,
1285 1154 1330 1192 in
1370 1153 1555 1192 carmine
1594 1165 1681 1191 non

81 1211 290 1251 infelicem
330 1212 471 1250 fuisse.
530 1212 588 1250 Et
626 1211 818 1250 fortassis
859 1211 1024 1261 aliquot
1063 1209 1212 1260 hymni
1252 1221 1358 1259 quos
1399 1206 1524 1246 hodie
1565 1206 1681 1245 canit

82 1265 282 1312 Ecclesia,
300 1279 386 1304 non
401 1265 595 1304 indoctos
612 1265 685 1304 sed
700 1265 849 1304 incerti
866 1265 1039 1310 autoriS,
1057 1264 1167 1302 illius
1184 1267 1285 1301 sunt
1305 1275 1313 1300 :
1346 1262 1480 1300 veluti
1496 1261 1681 1312 hymnus

83 1319 93 1334 ⁶
111 1319 175 1359 De
195 1320 308 1371 ligno
329 1320 462 1359 crucis
477 1319 501 1366 '‚
524 1320 641 1358 cuius
661 1320 831 1358 initium
852 1319 964 1357 Crux
977 1318 1128 1370 fidelis,
1153 1317 1161 1332 ‘
1176 1317 1241 1356 De
1270 1316 1430 1355 Ioanne
1451 1313 1679 1366 Baptista,'
1699 1327 1741 1367 67
1747 1334 1763 1367 5

81 1374 198 1413 ouius
230 1374 400 1413 initium
440 1373 488 1413 Vt
520 1378 666 1424 queant
698 1373 815 1412 lascis.
875 1372 1173 1411 Desideramus
1205 1375 1249 1410 et
1281 1370 1605 1409 commentarios
1637 1369 1682 1407 in

81 1428 188 1475 Iob;
235 1441 354 1480 quos,
387 1432 437 1467 vt
464 1428 627 1467 indicat
655 1427 813 1466 ibidem
843 1427 1142 1478 Hieronymus,
1175 1438 1226 1464 ex
1258 1424 1435 1476 Origene
1465 1424 1597 1462 vertit
1627 1422 1682 1461 ad

80 1495 263 1521 sensum.
346 1482 405 1521 Et
447 1486 569 1521 extat
611 1482 784 1533 quidem
827 1482 938 1520 inter
982 1481 1171 1532 Origenis
1214 1479 1412 1530 reliquias
1454 1478 1559 1516 liber
1602 1476 1681 1515 Iob

82 1541 313 1584 enarrator,
337 1538 455 1576 cuius
477 1537 641 1588 phrasis
655 1536 761 1575 nihil
782 1536 913 1575 habet
928 1536 1052 1574 affine
1069 1547 1165 1574 cum
1181 1534 1401 1572 Hilariano
1423 1532 1678 1571 charactere.

83 1591 194 1638 Quin
210 1596 254 1630 et
269 1591 477 1642 praefatio
494 1595 679 1631 testatur
694 1591 806 1629 idem
823 1603 929 1642 opus
946 1590 1000 1629 ab
1018 1590 1108 1628 aliis
1124 1588 1336 1628 normullis
1351 1587 1480 1626 fuisse
1497 1599 1679 1632 versum,
1700 1600 1767 1631 680

81 1645 155 1684 sed
171 1659 308 1697 neque
326 1646 438 1684 bona
454 1645 537 1684 fide
555 1658 692 1696 neque
710 1645 846 1692 docte,
867 1645 969 1683 dum
987 1657 1040 1683 ex
1058 1644 1164 1682 bene
1182 1642 1351 1682 Graecis
1368 1641 1554 1681 reddunt
1571 1640 1681 1679 male

82 1699 260 1748 Latina3
299 1713 432 1752 quum
462 1700 551 1752 ipse
574 1701 648 1749 qui
678 1700 781 1739 haec
812 1699 1043 1751 praefatur,
1066 1711 1110 1737 re
1139 1699 1233 1749 ipsa
1263 1696 1448 1735 declaret
1478 1709 1522 1734 se
1552 1694 1682 1734 fuisse

82 1754 295 1793 hominem
321 1755 395 1806 qui
419 1768 496 1794 nec
522 1754 673 1793 Latine
698 1755 823 1793 sciret
847 1767 924 1793 nec
949 1753 1116 1804 ingenio
1142 1756 1219 1790 aut
1243 1750 1479 1790 eruditione
1505 1749 1680 1795 valeret,

82 1808 156 1847 sed
191 1810 266 1860 qui
300 1812 424 1848 tanto
460 1809 555 1860 plus
590 1809 766 1847 haberet
802 1808 1080 1859 arrogantiae,
1118 1810 1281 1857 quanto
1317 1805 1457 1844 minus
1492 1803 1682 1842 habebat

83 1863 272 1914 peritiae.
329 1863 626 1902 Desideramus
671 1867 714 1901 et
757 1875 855 1901 eum
898 1862 1052 1900 librum
1096 1873 1223 1912 quem
1267 1859 1435 1910 scripsit
1478 1858 1680 1897 aduersus
1699 1872 1762 1912 635

83 1917 315 1957 Salustium
345 1917 622 1968 praefectum,
654 1918 742 1955 siue
774 1921 922 1955 contra
952 1916 1202 1955 Dioscorum
1233 1914 1473 1959 medicum3
1520 1913 1564 1951 in
1594 1924 1679 1963 quo

82 1971 253 2010 Videtur
284 1984 428 2011 omnes
460 1972 615 2023 ingenii
646 1971 953 2022 facundiaeque
985 1971 1094 2009 vires
1126 1969 1347 2008 exeruisse.
1405 1966 1606 2006 Declarat
1636 1966 1681 2004 id

83 2025 207 2064 diuus
246 2026 530 2077 Hieronymus
568 2026 612 2064 in
649 2025 828 2076 epistola
865 2025 920 2064 ad
957 2025 1160 2076 Magnum
1197 2027 1409 2062 oratorem
1429 2035 1437 2060 ε
1495 2022 1503 2036 ⁶
1522 2021 1651 2060 Breui
1670 2019 1678 2035 '

82 2080 236 2131 inquit,
266 2079 432 2119 ‘libello
458 2093 585 2131 quem
612 2080 779 2131 scripsit
805 2084 952 2118 contra
978 2079 1228 2118 Dioscorum
1254 2076 1479 2122 medicum,
1507 2075 1611 2126 quid
1636 2075 1681 2113 in

82 2134 214 2173 literis
237 2139 380 2185 posset
399 2134 587 2173 ostendit
601 2134 625 2173 '.
683 2134 958 2173 Desideratur
981 2138 1024 2172 et
1046 2133 1151 2171 liber
1171 2132 1373 2171 aduersus
1393 2130 1616 2170 Valentem
1637 2133 1681 2168 et
1698 2145 1767 2180 600

84 2188 313 2235 Vrsatium,
345 2189 565 2227 historiam
594 2188 868 2228 Ariminensis
899 2192 943 2227 et
972 2187 1244 2228 seleuciensis
1274 2185 1426 2237 synodi
1456 2189 1554 2224 acta
1583 2197 1680 2224 con-
1721 2180 1731 2185 ”

83 2243 222 2282 tinens
243 2255 251 2289 ;
290 2243 370 2281 nisi
391 2242 500 2282 forte
522 2243 590 2282 hic
611 2243 871 2294 synodorum
893 2243 1000 2281 libro
1023 2242 1241 2281 admixtus
1262 2245 1339 2280 est.

137 2297 279 2348 Atque
317 2297 522 2337 hactenus
560 2297 732 2349 quidem
771 2297 823 2337 de
861 2297 1034 2348 singulis
1071 2297 1159 2335 eius
1197 2296 1278 2333 viri
1314 2291 1681 2333 lucubrationibus

83 2352 274 2402 attigisse
290 2352 394 2391 satis
410 2356 486 2391 est.
535 2352 660 2391 Nunc
675 2353 720 2391 in
735 2365 884 2404 genere
900 2351 952 2390 de
968 2350 1250 2390 laudatissimi
1262 2349 1342 2387 Viri
1358 2348 1530 2387 dotibus
1543 2359 1681 2398 pauca

82 2405 322 2446 libabimus.
379 2406 441 2446 Ac
468 2407 652 2458 primum
681 2407 733 2446 de
761 2407 877 2446 vitae
903 2405 1186 2445 sanctimonia
1212 2403 1316 2455 quid
1344 2403 1502 2441 attinet
1529 2402 1679 2447 dicere,
1698 2418 1762 2457 693

83 2473 217 2511 quum
260 2461 468 2500 autoritas
511 2461 792 2501 ecclesiastica
835 2462 920 2500 iam
963 2460 1064 2500 olim
1106 2472 1204 2499 eum
1247 2458 1443 2496 diuorum
1487 2455 1680 2507 catalogo

1697 785 1760 823 665

310 2534 384 2573 659.
410 2532 593 2573 prouerbio
609 2535 643 2567 β.

128 2621 202 2660 659.
228 2622 384 2650 extrema
406 2619 503 2658 faba]
527 2620 578 2652 Cf.
604 2620 710 2659 Aday.
736 2629 819 2660 3372
839 2631 846 2650 :

84 2662 216 2703 quoted
235 2662 324 2693 from
346 2662 478 2694 Festus.

129 2708 203 2748 673.
229 2705 363 2746 aliquot
382 2704 518 2747 hymni]
531 2706 548 2738 I
561 2716 618 2736 am
630 2705 796 2737 indebtcd
811 2709 847 2736 to

85 2748 144 2780 the
169 2748 240 2780 late
266 2749 325 2780 Dr.
353 2749 398 2780 H.
426 2749 472 2780 M.
500 2750 685 2780 Bannister
709 2749 763 2780 for
789 2748 848 2779 tho

83 2792 277 2824 indication
303 2792 382 2823 that
408 2792 478 2823 this
502 2793 589 2824 view
615 2794 643 2824 is
668 2793 847 2824 ineorrect.

85 2834 157 2866 The
167 2835 295 2867 former
306 2835 414 2877 hymn
426 2846 507 2877 may
519 2836 560 2867 be
570 2835 751 2867 identified
763 2835 848 2867 with

84 2878 143 2910 t-he
164 2879 210 2911 In
230 2879 348 2911 honore
368 2883 499 2911 samiae
521 2879 638 2911 Crucis
660 2879 694 2911 of
715 2879 850 2911 Venan-

84 2921 156 2953 tius
210 2922 435 2961 Fortunatus,
492 2924 556 2964 Bp.
613 2922 647 2954 of
702 2922 850 2954 Poitiers

86 2965 121 3005 (†
138 2976 171 3006 p.
188 2967 281 3006 600),
302 2966 309 2978 ⁴
324 2967 450 3008 Pange,
469 2966 625 3008 lingua'3
657 2966 716 2998 the
728 2965 848 3007 eighth

86 3011 207 3041 stanza
230 3010 264 3041 of
288 3010 399 3043 which
422 3010 540 3052 begins
566 3008 573 3021 ‘
588 3010 679 3043 Crux
703 3010 812 3042 fidelis
828 3009 848 3040 '.

890 2534 966 2573 664.
990 2529 1136 2562 Cantica
1151 2541 1170 2559 α
1186 2540 1194 2560 :
1223 2527 1406 2560 Canticum
1423 2528 1457 2560 β.

915 2617 988 2649 The
1018 2617 1124 2648 latter
1153 2616 1182 2647 is
1213 2626 1289 2646 now
1320 2613 1521 2654 recognized
1552 2623 1590 2644 as
1621 2612 1679 2645 the

915 2661 1009 2692 work
1055 2660 1090 2692 of
1136 2659 1263 2691 Paulus
1310 2658 1484 2690 Diaconus
1537 2657 1571 2697 (†
1589 2659 1680 2697 799).

916 2706 977 2736 See
1008 2704 1049 2736 G.
1081 2704 1127 2734 M.
1159 2703 1302 2738 Dran-es,
1334 2700 1541 2732 Laminie-che
1572 2700 1678 2741 Hym-

915 2747 1104 2779 nendichter
1122 2747 1179 2778 des
1199 2746 1239 2776 M
1243 2744 1421 2781 ittelalters,
1445 2748 1479 2775 2⁸
1503 2743 1619 2784 Folge,
1642 2744 1679 2775 in

916 2791 1077 2822 Analecta
1107 2789 1263 2830 hymnica
1293 2787 1396 2820 medii
1419 2787 1508 2826 aeui,
1531 2787 1599 2819 vol.
1625 2798 1680 2829 50,

918 2843 1012 2875 1907,
1034 2844 1092 2875 pp.
1115 2842 1167 2874 71,
1194 2842 1265 2864 120.

959 2880 1034 2910 688.
1060 2874 1308 2917 Hieronymus]
1329 2875 1395 2915 Ep.
1418 2884 1470 2916 70.
1496 2883 1524 2915 5.

961 2924 1035 2960 690.
1061 2920 1226 2951 aduersus
1251 2917 1448 2957 Valentem]
1472 2918 1678 2959 Fragments

915 2964 950 2995 of
971 2965 1041 2995 this
1062 2974 1148 2996 were
1168 2962 1351 3005 published
1370 2962 1407 2993 in
1431 2964 1511 3002 1598
1535 2962 1581 3002 by
1602 2962 1678 2993 Nic.

916 3008 1038 3045 Faber,
1054 3008 1144 3039 from
1160 3018 1180 3039 a
1197 3016 1254 3039 ms.
1273 3006 1454 3048 belonging
1472 3009 1508 3037 to
1524 3005 1663 3037 Pithon.
