2012 3370
578 134 651 175 TO
681 134 925 174 FRANGIS
955 133 1235 174 TOURNON
1623 135 1698 175 137

111 140 234 189 1319]

108 246 138 277 it
159 256 244 278 soon
267 246 467 288 permeated
483 245 568 278 with
590 245 724 287 heresy,
742 245 784 277 he
808 245 1020 277 transferred
1042 245 1071 275 it
1095 247 1132 276 to
1155 243 1215 275 the
1238 243 1382 281 -Jesuits,
1407 242 1517 274 under
1539 242 1653 274 whom
1676 243 1706 274 it

109 289 295 321 flourished
315 300 353 321 as
369 290 428 322 the
444 289 631 321 Academia
652 288 839 321 Turnonia.
885 289 946 321 See
963 288 1144 321 Ciaconius
1164 288 1212 318 iii.
1237 288 1390 328 506-16;
1414 286 1482 318 GC.
1505 286 1575 317 and
1596 285 1703 318 NBG.

156 332 221 364 His
246 334 504 374 acquaintance
522 332 608 363 with
621 332 789 364 Erasmus
807 333 914 364 dated
928 331 1019 363 from
1033 342 1053 362 a
1071 331 1224 370 meeting
1239 334 1277 362 at
1294 329 1396 361 Basle
1409 329 1530 362 earlier
1544 330 1580 360 in
1598 337 1679 369 1522
1692 339 1701 366 3

110 385 165 407 see
181 376 246 418 Ep.
268 386 362 418 1342.
382 374 540 416 550-55.]

172 475 389 506 ERASMVS
421 475 525 505 ROT.
560 474 837 514 FRANCISOO,
872 474 1248 505 ARCHIEPISOOPO
1283 472 1640 510 EBREDVNENSI,

856 533 891 563 S.
915 534 959 563 D.

165 604 291 643 ANTE
321 604 410 643 dies
438 617 524 642 non
553 604 711 643 multos
740 605 886 655 scripsi
916 617 989 655 per
1018 604 1273 651 Conradum,
1306 602 1579 653 bibliopolam
1611 601 1709 641 Ger·

112 671 300 705 manum,
330 659 404 709 qui
432 658 607 697 domum
635 658 767 698 habet
796 658 1005 706 Lutetiae,
1036 662 1080 697 et
1107 658 1187 696 tibi
1216 662 1260 696 et
1289 657 1462 696 Budaeo
1492 661 1536 695 et
1565 656 1710 694 Brixio

111 716 155 752 et
188 712 383 752 Beraldo.
448 712 604 752 Omnes
638 712 718 751 sibi
752 712 974 752 vindicant
1007 712 1177 751 laudem
1211 712 1431 762 impetrati
1466 710 1712 761 diplomatis

112 767 242 818 regii:
288 766 404 818 quod
433 767 536 805 mihi
566 770 678 806 certe
706 767 791 806 fuit
819 767 1120 818 gratissimum,
1151 766 1312 818 gratius
1342 769 1488 804 tamen
1516 764 1710 803 futurum

111 821 146 859 si
174 820 268 859 Rex
295 824 447 871 suapte
475 833 604 860 manu
632 821 960 872 subscripsisset.
1017 820 1100 861 Sed
1128 821 1251 859 aiunt
1278 833 1344 859 me
1372 833 1425 858 ne
1452 819 1511 858 sic
1539 818 1746 869 quidem5

112 875 216 914 satis
244 878 341 914 tuto
369 875 479 914 istuc
508 888 630 926 posse
659 876 946 927 commigrare,
977 875 1093 926 quod
1122 874 1267 913 dicant
1295 873 1524 924 improbos,
1554 873 1589 911 si
1617 872 1712 923 quis

112 928 291 967 forsitan
321 929 366 967 in
395 929 562 968 illorum
593 943 746 969 manus
774 929 949 977 incidat,
982 929 1087 968 nihil
1118 929 1374 968 commoueri
1406 927 1711 979 diplomatibus

114 982 207 1022 vllis
228 996 235 1021 :
277 982 392 1034 apud
415 983 570 1034 probos
595 984 698 1023 mihi
722 997 808 1023 non
831 984 920 1023 fore
945 997 1064 1035 opus.
1118 983 1200 1024 sed
1224 982 1361 1022 multa
1385 986 1486 1021 sunt
1510 994 1619 1033 quae
1644 994 1712 1020 me

114 1037 181 1076 1110
210 1036 350 1077 adhuc
382 1042 663 1077 remorantur.
721 1037 912 1077 Primum
942 1037 1157 1084 valetudo,
1192 1050 1303 1088 quae
1337 1050 1403 1076 me
1434 1035 1712 1076 Constantiae

114 1091 217 1130 mire
230 1091 382 1130 afflixit
402 1104 409 1130 :
430 1105 530 1130 nam
543 1105 592 1131 00
608 1105 674 1131 010
688 1093 965 1140 contuleram,
981 1093 1165 1131 Romam
1180 1091 1448 1143 profecturus
1462 1091 1497 1129 si
1510 1090 1709 1135 licuisset,
1735 1100 1774 1123 10

114 1145 260 1184 multis
289 1145 600 1185 affirmantibus
629 1147 673 1185 in
702 1160 790 1185 rem
820 1160 959 1186 meam
988 1146 1183 1185 futurum
1213 1146 1247 1184 si
1277 1159 1343 1184 me
1372 1158 1485 1184 nouo
1515 1143 1713 1183 Pontifici

113 1199 411 1238 exhibuissem.
472 1199 635 1239 Deinde
666 1201 822 1240 isthinc
854 1201 1156 1240 adferebantur
1188 1200 1304 1239 saeui
1335 1211 1537 1246 rumores,
1571 1198 1714 1237 omnia

114 1253 232 1292 1101110
259 1266 307 1292 00
334 1257 452 1304 peste
479 1254 736 1305 conflagrare
762 1254 950 1306 vndique
970 1268 978 1302 ;
1021 1259 1115 1294 tum
1142 1254 1306 1293 nullum
1332 1254 1413 1293 iter
1439 1266 1527 1292 esse
1553 1256 1713 1291 tutum.

112 1307 217 1346 Post
237 1311 388 1346 nactus
409 1308 557 1347 vinum
578 1322 600 1347 e
621 1309 882 1359 Burgundia‚
906 1309 1024 1360 coepi
1045 1309 1193 1347 melius
1214 1308 1369 1347 11011010
1389 1321 1398 1354 ;
1435 1311 1486 1346 vt
1504 1306 1715 1357 intelligas

113 1361 294 1400 Galliam
321 1361 412 1400 fato
440 1362 627 1413 quodam
654 1376 742 1401 esse
770 1363 873 1401 mihi
900 1362 1177 1401 salutiferam.
1234 1362 1411 1400 Interim
1439 1365 1714 1412 expectamus
1736 1371 1771 1403 15

113 1415 305 1454 aurulam
334 1416 521 1467 aliquam
550 1417 665 1467 pacis
693 1430 746 1455 ex
773 1417 853 1456 hoc
881 1416 1101 1464 Pontifice,
1131 1416 1364 1467 statimque
1392 1419 1490 1467 post
1518 1415 1714 1454 brumam

112 1470 195 1509 toti
215 1483 312 1508 cum
332 1471 436 1508 totis
455 1471 629 1509 sarcinis
649 1471 1020 1522 commigrabimus
1039 1472 1083 1510 in
1104 1470 1298 1510 Galliam.

167 1524 231 1562 De
248 1524 447 1574 pensione
464 1524 665 1571 00000110,
684 1538 793 1576 quae
809 1526 895 1564 iam
912 1529 1007 1564 tota
1024 1525 1148 1564 huius
1166 1526 1267 1564 anni
1283 1524 1476 1571 debetur,
1494 1526 1714 1569 excusant,

113 1591 189 1617 nec
207 1578 280 1617 Vlli
296 1591 374 1617 sua
390 1579 535 1630 pensio
552 1579 732 1618 soluitur
752 1593 760 1618 :
794 1579 900 1619 adeo
917 1583 1033 1618 totos
1050 1593 1126 1618 nos
1145 1579 1200 1618 ad
1216 1592 1312 1618 ossa
1328 1591 1461 1630 Vsque
1479 1578 1717 1629 deglubunt

113 1636 323 1684 satrapae,
347 1632 445 1672 belli
466 1646 595 1684 quam
617 1634 733 1685 pacis
755 1635 1026 1673 amantiores.
1076 1634 1140 1673 De
1163 1633 1396 1685 diplomate
1417 1633 1626 1684 putabam
1648 1645 1716 1670 me
1732 1643 1776 1666 20

112 1690 285 1725 tantum
313 1686 465 1726 debere
491 1687 666 1727 Budaeo
693 1692 738 1727 et
764 1688 873 1735 tibi3
916 1702 1028 1727 nune
1057 1688 1262 1727 Beraldus
1289 1692 1334 1726 et
1361 1687 1531 1726 Brixius
1558 1687 1715 1725 bonam

113 1741 237 1780 huius
261 1742 422 1792 gratiae
446 1742 685 1792 portionem
710 1743 790 1781 sibi
814 1742 1050 1782 vindicant.
1103 1742 1324 1781 Postremo
1349 1741 1473 1780 video
1498 1754 1566 1780 me
1591 1740 1715 1780 Card.

113 1807 283 1846 quoque
309 1795 568 1848 Lothoringo
595 1796 747 1835 debere
768 1810 776 1835 :
819 1798 887 1836 cui
913 1801 1024 1836 certe
1051 1796 1184 1835 debeo
1210 1796 1403 1843 libenter,
1431 1795 1505 1834 sed
1531 1795 1717 1834 maxime

114 1849 233 1900 Regi,
262 1850 336 1900 qui
363 1849 517 1901 gaudio
545 1851 727 1901 gestiens
755 1850 910 1890 dixerit
937 1851 1112 1889 Budaeo
1140 1851 1259 1889 breui
1286 1851 1330 1888 in
1357 1849 1495 1889 Gallia
1520 1849 1715 1888 futurum

115 1903 354 1942 Erasmum.
401 1904 531 1955 Spero
550 1904 744 1943 futurum
764 1909 813 1944 vt
831 1905 1060 1956 aliquando
1080 1905 1287 1944 declarem
1307 1904 1491 1943 vicissim
1510 1908 1555 1943 et
1573 1916 1715 1942 meum
1733 1914 1773 1947 25

115 1958 304 1996 animum
326 1970 424 2008 erga
444 1962 535 1997 tam
556 1959 786 2010 benignum
807 1959 1059 2010 Principem.

169 2011 475 2063 Amplitudinis
518 2016 619 2052 tuac
663 2013 853 2052 studium
897 2027 995 2066 erga
1038 2014 1150 2052 hunc
1194 2013 1521 2052 homuncionem
1564 2012 1715 2050 lubens

115 2065 361 2116 amplector.
410 2066 604 2105 Conabor
624 2079 699 2118 pro
720 2080 815 2107 mea
834 2068 945 2106 virili
964 2068 1144 2107 hominis
1165 2068 1321 2119 ingrati
1341 2068 1499 2106 crimen
1519 2066 1714 2118 effugere.

115 2119 304 2159 Reddita
334 2120 460 2159 simul
490 2125 556 2160 est
585 2125 630 2160 et
660 2121 854 2173 Dionysii
885 2122 1052 2162 Coronii
1082 2123 1275 2174 epistola,
1308 2126 1408 2161 tuae
1440 2121 1717 2173 benignitatis

164 2211 190 2233 1.
216 2201 351 2244 scripsi]
371 2202 470 2234 None
493 2202 527 2234 of
549 2202 644 2234 these
665 2202 785 2234 letters
805 2213 876 2234 sur-

117 2245 218 2277 vive:
260 2245 324 2278 but
350 2245 404 2278 for
429 2256 450 2277 a
476 2245 573 2288 reply
599 2246 688 2278 from
717 2246 879 2278 Budaeus

116 2298 170 2320 see
187 2289 251 2330 Ep.
272 2291 364 2330 1328.

205 2331 417 2372 Conradum]
448 2332 585 2372 Reseh3
621 2343 676 2365 see
707 2333 772 2375 Ep.
802 2343 878 2374 330.

120 2385 193 2416 14n.

163 2428 192 2459 3.
217 2417 435 2460 diplomatis]
475 2419 506 2451 A
549 2419 802 2459 ease—conduct,
845 2424 882 2452 to

118 2462 239 2494 enable
264 2463 428 2495 Erasmus
456 2466 493 2495 to
519 2463 650 2495 travel:
679 2463 880 2495 mentioned

119 2505 233 2537 alsoin
245 2506 439 2548 Epp.1311.
452 2518 504 2548 31,
520 2509 614 2547 1328.
628 2507 682 2547 38,
696 2517 789 2547 1342.
803 2509 878 2547 561.

167 2557 194 2589 5.
229 2549 502 2591 subscripsisset]
550 2551 585 2582 It
620 2551 649 2581 is
686 2550 881 2582 noticeable

119 2592 198 2624 that
215 2592 356 2624 Francis
372 2593 415 2625 1's
432 2594 622 2625 invitation
637 2594 674 2626 in
691 2594 714 2626 J
717 2594 776 2635 uly
798 2602 880 2635 1523

118 2636 197 2677 (Ep.
221 2638 317 2677 1375)
336 2637 500 2678 complies
517 2636 602 2668 with
621 2637 690 2668 this
707 2637 802 2668 wish.

163 2688 194 2716 9.
222 2679 461 2718 Constantiae]
480 2681 541 2711 Sec
561 2691 618 2721 pp.
644 2689 759 2719 130—1.

167 2730 218 2760 14.
244 2733 262 2754 0
280 2722 496 2764 Burgundia]
513 2724 574 2756 See
591 2724 656 2763 Ep.
678 2725 770 2762 1316.
792 2734 868 2765 24n.

167 2766 218 2797 18.
245 2766 408 2808 pensione
425 2765 593 2804 Caesaris]
613 2768 675 2799 See
695 2767 760 2807 Ep.
786 2776 878 2808 1273.

163 2819 196 2840 n.

120 2821 184 2882 442
190 2861 219 2892 3.
245 2851 473 2895 Lothoringo]
489 2852 550 2885 See
567 2852 631 2894 Ep.
650 2862 713 2896 997
730 2853 858 2885 introd.
872 2865 881 2890 ;

121 2895 202 2934 and,
224 2896 279 2928 for
302 2896 360 2928 the
385 2897 542 2928 occasion
566 2896 766 2928 mentioned
789 2896 880 2934 here,

122 2938 186 2980 Ep.
208 2948 301 2980 1342.
322 2941 461 2980 554-62.

167 2989 219 3019 29.
246 2982 398 3022 Coronii]
416 2983 462 3015 M.
479 2983 667 3025 Dionysius
686 2983 828 3021 Corron,
848 2982 883 3014 of

123 3023 181 3056 the
213 3025 346 3057 diocese
379 3027 413 3058 of
446 3027 617 3065 Chai-tres,
651 3037 719 3059 was
752 3026 882 3058 elected

946 2203 1091 2235 Proctor
1114 2203 1148 2235 01
1171 2202 1230 2235 the
1254 2202 1387 2235 French
1409 2203 1533 2234 nation
1555 2206 1592 2234 at
1616 2202 1713 2234 Paris

946 2246 1162 2289 University,
1186 2256 1229 2279 20
1254 2247 1330 2279 Oet.
1359 2239 1465 2287 15‘18:
1502 2256 1557 2278 see
1583 2246 1713 2278 Omont

944 2290 981 2321 in
1013 2290 1116 2323 Me‘m.
1149 2290 1222 2322 Soc.
1254 2290 1345 2322 Hist.
1378 2289 1493 2327 Paris,
1523 2289 1583 2327 xli,
1617 2299 1712 2329 1914,

946 2344 979 2374 p.
1002 2335 1055 2374 67.
1103 2333 1198 2366 John
1219 2333 1381 2375 Angelus'
1405 2333 1541 2375 preface
1564 2336 1601 2364 to
1625 2333 1713 2364 Orus

946 2377 1072 2418 Apollo
1108 2380 1178 2418 (000
1215 2388 1249 2419 p.
1289 2379 1366 2418 375)
1406 2377 1580 2408 mentions
1603 2386 1641 2407 as
1666 2386 1711 2407 an

946 2420 1106 2462 example
1130 2421 1165 2452 of
1189 2421 1248 2452 the
1272 2421 1497 2452 munificence
1521 2420 1555 2451 of
1579 2419 1713 2450 French

947 2464 1097 2504 prelates
1121 2462 1129 2475 ‘
1145 2464 1381 2496 venerandum
1405 2463 1712 2504 Archicpiscopum

949 2508 1247 2545 Ebrodunensem,
1286 2508 1347 2548 qui
1386 2507 1594 2547 Dionysium
1633 2507 1712 2538 Cor-

948 2551 1122 2590 rhonium,
1175 2552 1289 2582 virum
1342 2551 1522 2591 vtriusque
1575 2550 1712 2590 linguae

948 2594 1201 2634 doctissimum,
1227 2594 1361 2635 magnis
1376 2597 1520 2625 exornet
1537 2592 1712 2634 donetque

945 2638 1162 2679 stipendiis'.
1211 2638 1349 2669 Brixius
1375 2637 1411 2667 in
1434 2636 1486 2668 his
1517 2636 1652 2678 prefacc
1677 2640 1714 2667 to

949 2682 1174 2722 Glirysostom
1215 2683 1284 2720 (000
1324 2680 1468 2719 introd.)
1514 2689 1552 2718 19
1593 2679 1712 2711 March

953 2728 1045 2764 1528,
1079 2724 1178 2756 lauds
1210 2723 1335 2755 ‘Dion-
1369 2724 1563 2755 Coronaeus
1595 2727 1676 2755 tuus
1691 2723 1712 2761 ',

947 2768 1018 2798 and
1039 2767 1188 2799 ascribes
1211 2771 1248 2799 to
1269 2767 1342 2798 him
1366 2768 1373 2778 “
1389 2767 1494 2798 trium
1516 2766 1713 2808 linguarum

947 2811 1134 2851 cognitio’.
1198 2811 1240 2841 In
1283 2819 1358 2851 1531
1403 2811 1531 2843 Corron
1570 2821 1639 2841 was
1676 2811 1712 2841 in

949 2854 1007 2885 the
1028 2855 1119 2885 train
1140 2853 1175 2885 of
1195 2854 1293 2886 Card.
1316 2854 1478 2885 Tournon
1498 2858 1538 2885 at
1558 2854 1712 2895 Bologna

949 2898 1172 2938 (13u11.E.p.
1192 2899 1274 2938 45);
1308 2897 1379 2928 and
1401 2898 1436 2929 in
1463 2906 1544 2938 1532
1567 2899 1710 2938 (11533)

948 2951 1017 2972 was
1047 2944 1143 2973 tutor
1170 2944 1208 2972 to
1235 2941 1294 2972 the
1321 2940 1512 2973 Cardinal's
1539 2941 1713 2982 nephews,

949 2984 1099 3022 01101100,
1127 2985 1259 3023 James,
1285 2984 1355 3016 and
1382 2985 1507 3016 «Iustus
1534 2986 1603 3024 (see
1634 2984 1710 3016 Nic.

952 3028 1154 3060 Borbonius'
1192 3029 1323 3068 Nuqac,
1360 3028 1468 3065 Paris,
1504 3028 1550 3059 M.
1588 3028 1711 3060 Vaseo-
