2012 3370
264 166 317 202 54
739 161 991 202 LETTERS
1022 161 1096 202 oF
1125 161 1389 203 ERASMUS
1736 165 1858 213 [1522

266 273 477 324 plinarum
515 285 643 311 causa
680 271 1082 310 coniunctissimam.
1149 270 1261 309 Nam
1297 271 1341 310 id
1377 272 1574 322 equidem
1610 273 1732 323 genio
1769 285 1864 311 meo

266 329 438 367 minime
466 326 625 377 alioqui
654 325 791 364 1061161
820 325 945 376 plane
973 325 1120 372 debeo,
1151 325 1267 376 quod
1296 326 1577 377 asperioribus
1607 327 1661 365 ab
1689 327 1864 365 ineunte

264 382 447 434 pueritia
465 381 630 427 6111(1116,
653 379 725 418 66(1
745 379 882 418 3116110
902 379 1125 426 arbitratu,
1148 379 1345 426 traditus,
1368 381 1672 419 mansuetiores
1692 381 1863 420 interim

207 455 247 487 50
264 437 408 475 Musas
452 435 819 484 eruditionemque
862 434 1155 472 humaniorem
1201 435 1480 485 argutissimis
1524 435 1697 486 quidem
1741 436 1864 486 nugis

265 491 461 530 omnibus
508 489 823 540 praeuerterim,
875 489 1152 527 seuerioribus
1201 501 1301 526 vero
1348 489 1518 527 diuinae
1567 490 1863 540 humanaeque

265 544 555 595 philosophiae
587 546 796 594 θεωρήμασι
828 542 1135 581 conciliandam
1166 543 1588 594 coniungendamque
1627 544 1862 582 iudicarim.

265 599 316 637 Id
342 598 458 649 quod
483 610 580 637 cum
605 601 654 636 tu
681 600 823 636 aetate
849 601 996 635 nostra
1021 598 1184 648 magnis
1210 597 1382 647 quidem
1408 597 1623 636 laboribus
1649 598 1722 636 sed
1747 597 1861 637 foeli-

264 654 428 692 cissime
451 656 667 703 praestare
691 651 911 703 adgressus
935 652 1004 698 sis,
1029 651 1238 690 debentur
1262 651 1378 690 haud
1402 651 1528 690 dubie
1553 652 1632 690 tibi
1656 653 1863 691 bonorum

208 728 243 760 55
265 708 455 746 omnium
481 720 568 746 non
593 706 737 745 studia
763 705 890 744 modo
916 710 961 744 et
986 710 1102 753 vota,
1131 705 1203 744 scd
1231 706 1368 744 officia
1394 719 1564 757 prorsus
1591 711 1635 744 et
1661 707 1862 745 subsidia.

264 762 407 812 Atque
428 761 531 800 haec
553 761 726 812 quidem
748 765 798 799 vt
819 764 1034 811 praestare
1055 761 1244 800 tenuitas
1267 773 1360 798 mea
1382 774 1468 799 non
1490 762 1636 812 possit,
1659 761 1731 799 1113
1753 764 1866 799 66116

265 816 450 868 polliceri
474 817 563 855 sine
586 815 685 854 fidei
708 814 894 867 periculo
918 815 1053 854 ausim
1075 828 1082 853 :
1124 827 1233 865 quae
1258 815 1355 853 olim
1382 815 1511 854 etiam
1537 828 1613 866 pro
1638 815 1747 853 virili
1772 827 1866 853 mea

264 875 447 922 praesto.

320 925 458 972 Quare
483 938 583 963 vero
608 928 664 971 te,
691 924 867 962 Erasme
892 923 1146 970 doctissime,
1174 925 1303 962 etiam
1330 925 1364 962 si
1389 936 1751 975 superuacaneum
1777 937 1866 962 esse

202 994 247 1025 60
264 980 414 1026 sentio,
442 979 589 1018 hortor
614 982 760 1017 tamen
785 982 830 1017 et
855 991 1006 1017 moneo
1033 991 1081 1016 ac
1108 991 1182 1029 per
1207 978 1400 1016 laborum
1426 979 1606 1017 istorum
1633 978 1866 1017 vberrimos

263 1033 428 1072 fructus
457 1033 661 1079 obtestor,
691 1046 745 1071 ne
775 1046 908 1071 cesses
937 1033 1113 1083 erigenti
1143 1032 1314 1082 quidem
1345 1045 1445 1071 sese.
1477 1032 1691 1071 laboranti
1719 1037 1866 1071 tamen

263 1089 500 1127 etiamnum
530 1091 574 1126 et
603 1087 798 1133 afflictae,
820 1088 879 1125 rei
904 1087 1115 1124 literaria-e
1146 1086 1358 1137 opitulari,
1390 1099 1471 1124 neu
1503 1091 1545 1125 te
1575 1086 1866 1137 improborum

263 1142 532 1193 quorundam
560 1154 742 1180 vesanae
767 1141 1039 1191 intemperies
1066 1154 1091 1178 a
1117 1146 1208 1178 tam
1236 1140 1378 1178 arduis
1405 1141 1678 1191 honestisque
1705 1141 1866 1192 coeptis

263 1197 519 1235 det-‚erreant
579 1195 712 1234 Vetus
742 1208 792 1233 ea
822 1195 953 1246 pestis
983 1199 1060 1233 est.
1120 1194 1311 1233 Fuerunt
1343 1195 1455 1240 olim,
1488 1208 1536 1233 36
1566 1194 1702 1234 futuri
1732 1208 1866 1246 vsque

202 1266 242 1305 65
263 1255 377 1297 sunt,
403 1251 505 1289 tetri
530 1254 574 1288 et
599 1250 772 1300 maligni
797 1249 972 1300 quidam
999 1253 1241 1294 certatores,
1269 1250 1412 1300 inepte
1437 1262 1607 1311 prorsus
1631 1250 1866 1300 insciteque

262 1306 415 1357 arguti,
451 1305 524 1355 qui
557 1317 655 1342 cum
688 1304 850 1342 alienae
883 1303 1133 1342 eruditionis
1165 1303 1372 1354 fulgorem
1406 1305 1540 1354 368116
1574 1304 1701 1342 6611161
1734 1304 1866 1343 0611116

261 1360 536 1411 inspexerint
564 1371 650 1397 non
676 1362 843 1397 cessant
868 1359 1031 1409 optima
1057 1370 1250 1409 quaeque
1277 1362 1320 1396 et
1345 1358 1682 1397 fructuosissima
1707 1359 1866 1409 scripta

262 1414 459 1453 insidiose
500 1414 685 1464 primum
726 1417 770 1451 et
810 1412 1049 1451 clanculum
1090 1412 1297 1458 vellicare,
1341 1425 1441 1451 mox
1482 1412 1683 1463 perfricta
1722 1412 1864 1451 fronte

263 1468 485 1519 propalam
529 1468 747 1514 1116666616,
792 1467 921 1517 inque
965 1468 1024 1505 eis
1068 1467 1359 1517 sagacissimas
1403 1466 1599 1517 lapsuum
1644 1466 1865 1518 indagines

200 1544 245 1576 70
263 1523 451 1585 vndique
480 1535 653 1560 v01sum
682 1521 893 1583 factitare,
924 1522 968 1559 in
998 1521 1144 1559 31161116
1173 1522 1324 1559 erratis
1353 1521 1581 1567 ambitiosi,
1613 1534 1785 1560 suorum
1816 1525 1866 1559 vt

263 1578 338 1628 qui
368 1576 473 1615 nihil
504 1576 635 1614 edant
666 1577 813 1614 securi.
874 1575 1090 1614 Aduersus
1122 1588 1229 1626 quos
1261 1588 1406 1614 omnes
1437 1574 1606 1614 firmum
1639 1580 1682 1614 te
1714 1580 1757 1614 et
1788 1576 1864 1614 im-

264 1632 534 1684 perterritum
556 1635 669 1669 stare
690 1631 832 1680 potius
854 1629 976 1668 decet
997 1642 1127 1680 quam
1149 1629 1352 1668 aduersus
1375 1629 1559 1680 singulos
1580 1629 1790 1681 congredi.

315 1686 404 1725 Nec
431 1697 530 1723 vero
555 1684 659 1723 haec
685 1697 734 1722 eo
760 1685 975 1736 pertinent
1001 1688 1210 1734 tanquam
1237 1683 1456 1723 Stunicam
1483 1683 1759 1723 Sanctiumue
1783 1684 1863 1723 hoc

263 1753 439 1779 numero
468 1751 662 1777 censeam
691 1743 735 1777 et
764 1739 1070 1789 sycophantiae
1098 1738 1343 1777 11161111111316
1372 1737 1622 1789 adgrediar;
1671 1738 1863 1777 homines

204 1817 219 1823 -
227 1808 359 1849 5611111
383 1794 541 1832 31111606
565 1793 681 1839 1111111,
706 1798 801 1831 111111
824 1806 898 1844 per
921 1806 964 1831 se
987 1793 1143 1843 probos
1166 1792 1399 1843 doctosque
1422 1794 1535 1831 viros
1558 1797 1601 1831 et
1623 1793 1863 1844 longissime

227 1829 318 1888 ab
353 1847 596 1887 huiusmodi
630 1848 746 1886 vitiis
781 1847 1070 1886 abhorrentes.
1134 1846 1217 1886 Sed
1251 1860 1346 1885 611111
1382 1847 1540 1885 multos
1574 1847 1731 1898 ibique
1766 1860 1861 1886 con-

263 1904 439 1955 spiciam
470 1902 515 1941 id
547 1915 680 1953 genus
711 1901 917 1949 homines,
953 1906 1030 1940 aut
1061 1901 1283 1940 hominum
1315 1902 1459 1952 potius
1495 1902 1590 1950 (11161
1623 1901 1739 1952 quod
1771 1906 1862 1940 tam

262 1962 363 1996 sunt
387 1957 646 2007 frequentes)
674 1956 798 2007 plane
824 1961 1028 2002 monstra,
1055 1957 1204 1995 timere
1229 1968 1399 2006 prorsus
1426 1968 1550 2006 cogor
1574 1969 1627 1994 ne
1654 1956 1861 1994 bonorum

262 2013 411 2063 tuique
445 2011 645 2050 simssium
680 2012 923 2049 constantia
955 2015 1081 2049 tanto
1114 2010 1247 2049 furori
1280 2010 1511 2060 aliquando
1544 2023 1621 2061 par
1655 2023 1743 2049 esse
1776 2023 1863 2049 non

200 2080 245 2110 80
262 2067 409 2118 possit.
462 2065 619 2104 Verum
643 2077 846 2115 quorsum
868 2065 972 2103 haec
996 2077 1072 2116 ego
1096 2069 1187 2103 tam
1211 2064 1357 2103 multis
1379 2065 1393 2103 2
1435 2065 1502 2103 cui
1525 2065 1629 2103 satis
1652 2077 1862 2116 superque

262 2125 327 2159 est
348 2121 382 2159 si
403 2132 499 2158 eum
521 2124 569 2158 tu
592 2132 658 2157 me
679 2132 767 2157 esse
788 2119 987 2170 intelligis
1007 2120 1081 2170 qui
1102 2119 1223 2158 bonis
1245 2118 1397 2157 studiis
1418 2119 1587 2170 cupiam
1607 2118 1863 2170 faueamque

262 2188 315 2214 ex
336 2175 492 2220 animo,
515 2174 674 2224 quique
696 2186 745 2211 ea
767 2186 895 2212 causa
915 2173 1032 2212 nullo
1054 2174 1133 2212 sim
1154 2173 1235 2211 tibi
1256 2173 1412 2219 studio,
1435 2173 1552 2212 nullo
1574 2173 1723 2220 officio,
1747 2172 1862 2224 quod

262 2229 434 2280 quidem
455 2240 644 2266 mearum
666 2228 722 2266 sit
741 2228 1027 2274 viricularum,
1049 2240 1241 2277 vnquam
1261 2227 1498 2266 defuturus.

316 2283 491 2322 Librum
530 2283 670 2334 ipsum
710 2295 796 2320 vna
836 2295 932 2320 cum
971 2282 1051 2320 hac
1092 2281 1272 2333 epistola
1311 2281 1490 2320 daturus
1530 2294 1645 2320 eram
1686 2281 1859 2320 domino

201 2351 241 2390 35
262 2338 464 2389 magistro
493 2337 547 2375 N.
578 2336 840 2384 Hermanno,
871 2337 936 2375 tui
965 2335 1151 2387 quidem,
1182 2339 1394 2386 quantum
1423 2335 1625 2386 1111611180,
1656 2336 1858 2374 amantis·

262 2393 369 2431 simo
388 2405 395 2430 :
435 2404 562 2442 quem
583 2403 659 2442 ego
679 2403 824 2429 recens
845 2395 997 2430 notum
1017 2403 1160 2429 amare
1181 2391 1330 2429 statim
1351 2390 1403 2428 de
1423 2391 1579 2441 ingenii
1600 2390 1861 2429 amoenitate

263 2450 307 2486 et
328 2447 492 2498 egregia
514 2445 710 2484 doctrina
731 2446 863 2496 coepi.
915 2445 968 2484 Ei
990 2446 1076 2492 vni,
1100 2444 1218 2507 quod
1238 2444 1439 2483 mittendi
1461 2444 1516 2482 ad
1538 2449 1581 2483 te
1604 2445 1693 2483 eius
1715 2457 1860 2483 curam

262 2501 505 2551 susceperit,
540 2500 707 2550 copiam
738 2499 835 2538 libri
865 2499 974 2539 feci:
1024 2512 1101 2538 nec
1133 2500 1246 2538 enim
1278 2498 1395 2537 volui
1426 2511 1500 2550 per
1533 2499 1711 2537 aliorum
1743 2499 1860 2549 prius

262 2567 413 2594 manus
441 2553 642 2593 volitaret
670 2566 800 2604 quam
828 2555 909 2593 iret
937 2553 993 2592 ad
1021 2558 1078 2593 te.
1137 2552 1261 2615 Quod
1288 2554 1322 2592 si
1350 2552 1602 2604 respondere
1630 2552 1860 2603 aliquando

199 2630 245 2660 90
263 2608 544 2655 constitueris,
570 2607 639 2646 fao
664 2608 813 2647 6011136
838 2607 1071 2647 modestiae
1091 2608 1358 2646 memineris·
1350 2638 1359 2654 ‚
1401 2612 1445 2646 et
1469 2611 1546 2646 1113
1570 2607 1791 2658 imprimis,
1817 2610 1861 2645 et

262 2664 394 2714 ipsius
427 2639 580 2702 deinde
614 2662 819 2709 authoris,
855 2663 929 2713 qui
963 2662 1193 2714 plurimum
1228 2661 1308 2700 tibi
1342 2665 1436 2700 toto
1472 2674 1597 2713 opere
1631 2660 1780 2708 defert,
1817 2664 1861 2699 et

262 2717 454 2757 nonnihil
477 2717 622 2762 etia-m,
648 2717 683 2755 si
705 2717 785 2755 tibi
809 2716 1037 2763 videbitur,
1064 2729 1158 2755 mea
1183 2729 1322 2755 causa.
1376 2715 1480 2767 Ego,
1506 2717 1541 2755 si
1563 2715 1668 2766 quid
1690 2715 1860 2754 interim

265 2772 416 2810 exierit
437 2784 462 2809 a
483 2770 674 2816 Stuniea,
697 2770 800 2810 dum
817 2770 969 2810 Caesar
988 2784 1075 2811 non
1094 2771 1254 2810 traiicit
1273 2771 1317 2809 in
1338 2769 1606 2821 Hispaniam,
1628 2769 1785 2808 curabo
1806 2768 1862 2808 ad

306 2934 364 2967 47.
389 2926 724 2965 coniunctissimam]
747 2927 796 2960 Cf.
822 2928 928 2960 BRE.
952 2937 1030 2970 217,
1100 2928 1264 2965 mentari,
1307 2938 1397 2969 quas
1443 2937 1498 2958 me
1542 2926 1644 2959 vnice
1691 2925 1864 2960 oblectare

263 2970 353 3002 from
387 2970 492 3003 Mieh.
527 2970 778 3012 Hummelberg
813 2974 852 3002 to
887 2972 1030 3009 Beatus,
1100 2971 1215 3003 nosti’

263 3014 450 3055 expecting
498 3013 572 3045 him
626 3012 633 3025 ‘
649 3023 785 3045 meeum
836 3014 878 3046 de
929 3014 1031 3046 rebus
1146 3015 1200 3054 85.
1226 3012 1443 3052 Hermanno]
1454 3012 1608 3055 Perhaps
1620 3012 1867 3046 Lethmat-ius:

265 3057 461 3095 Erasmieis,
508 3057 572 3089 hoc
619 3060 673 3088 est
716 3056 893 3094 literariis,
940 3067 1031 3089 com-
1102 3067 1157 3089 666
1172 3068 1205 3099 p.
1228 3057 1299 3098 138.
