2012 3370
142 121 264 169 1520]
445 118 605 158 FROM
633 118 799 157 DUKE
829 116 1062 156 GEORGE
1094 117 1166 157 OF
1195 117 1430 157 SAXONY
1654 119 1732 158 589

136 230 333 265 strenuus
366 230 655 278 propugnator
687 229 730 264 et
763 226 990 264 acerrimus
1022 225 1216 264 defensor
1249 225 1460 265 Ecclesiae
1493 226 1735 276 sanctisque

139 279 339 320 Patribus
383 281 509 320 adsis.
582 279 670 319 Nec
714 279 963 319 dubitamus
1008 281 1124 331 quin,
1172 285 1221 319 vt
1266 280 1453 320 Hilarius
1497 280 1735 330 rumpendo

137 335 350 375 diutinum
392 335 606 374 silentium
645 333 869 373 Arrianam
909 334 1088 373 heresim
1129 336 1345 385 supressit,
1386 336 1449 374 ita
1487 338 1537 373 tu
1577 335 1736 386 poteris

138 391 304 429 vincere
334 389 633 434 Lutheranam,
665 392 710 426 et
738 387 939 439 pestifera
966 388 1078 428 illius
1107 389 1325 439 paradoxa
1354 390 1566 440 extirpare
1596 388 1734 440 profli-
1752 404 1796 434 40

137 456 331 495 gareque.

192 497 303 546 Quid
321 502 465 537 autem
483 498 527 536 in
546 508 673 536 causa
690 495 819 535 fuerit
837 496 953 547 quod
972 496 1027 534 ad
1045 496 1248 546 epistolae
1267 501 1436 536 nostrae
1456 497 1612 536 calcem
1631 496 1736 536 nihil

134 552 399 603 responderis
415 556 459 590 et
475 564 526 590 ne
544 563 662 601 spem
679 550 851 601 quidem
868 550 1014 589 feceris
1032 551 1280 601 surrogandi
1297 551 1473 589 alicuius
1490 551 1732 597 Mosellano,

135 605 257 644 nobis
285 618 371 645 non
399 606 502 644 satis
531 608 713 651 constat,
743 605 824 643 nisi
851 605 1070 655 inopinate
1099 604 1278 643 abitioni
1306 606 1437 655 ipsius
1466 606 1631 644 nunctii
1658 606 1732 644 im·-

136 660 278 710 putari
311 659 427 698 velis.
489 659 705 710 Rogamus
738 671 837 709 ergo
868 662 918 697 vt
950 659 1266 709 quamprimum
1300 671 1376 697 nos
1408 659 1461 696 de
1493 659 1571 697 hoc
1604 658 1735 698 facias
1762 675 1793 705 ις

135 714 345 753 certiores.
394 713 455 752 Ac
476 713 581 752 bene
601 712 757 751 valeas.

191 766 256 806 Ex
279 767 498 806 Dresdenn
520 766 659 805 Pridie
681 766 874 805 Andreae
896 766 933 805 A
955 765 1122 805 Christo
1144 771 1260 805 nato.
1284 777 1534 806 M.D.XX1111.

529 927 650 966 1521.
713 923 853 966 FROM
886 923 1041 966 SIMON
1073 924 1343 967 PISTORIUS.

182 1014 375 1061 Hamburg
391 1015 479 1056 MS„
499 1015 603 1050 Folio
621 1015 684 1050 IV.
708 1026 760 1050 11.
1420 1016 1599 1051 Dresden.

1326 1085 1337 1108 1
1361 1074 1565 1109 December
1585 1084 1685 1120 1524.

178 1153 247 1194 [An
272 1153 417 1196 original
438 1153 552 1191 letter,
578 1153 776 1195 autograph
800 1153 1040 1196 throughout:
1078 1154 1114 1185 in
1138 1153 1199 1185 the
1223 1153 1530 1186 Uffenbach-Wolf
1552 1153 1733 1187 collection

132 1197 316 1239 belonging
332 1201 370 1229 to
386 1197 447 1229 the
462 1197 763 1230 Stadtbibliothek
779 1201 817 1229 at
834 1197 1026 1239 Hamburg.
1068 1197 1117 1229 At
1132 1197 1192 1229 the
1209 1196 1285 1229 foot
1302 1197 1338 1229 of
1354 1197 1413 1230 the
1430 1208 1529 1240 page,
1546 1197 1658 1230 where
1674 1198 1734 1230 the

131 1241 309 1282 signature
336 1251 460 1278 comes,
488 1241 548 1273 the
575 1241 791 1282 manuscript
815 1241 844 1272 is
868 1240 1015 1282 slightly
1040 1240 1222 1282 damaged.
1273 1241 1345 1273 The
1370 1241 1476 1273 letter
1499 1242 1529 1273 is
1554 1241 1734 1283 evidently

133 1288 402 1325 contemporary
422 1284 508 1316 with
530 1284 594 1326 Ep.
622 1292 729 1324 1520;
764 1285 794 1316 it
813 1294 960 1325 appears
983 1288 1020 1316 to
1043 1284 1131 1316 have
1155 1285 1240 1316 been
1263 1284 1338 1317 first
1359 1284 1499 1326 printed
1520 1286 1556 1316 in
1577 1284 1638 1317 the
1665 1285 1733 1317 Un-

135 1326 301 1367 schuldiye
327 1327 562 1365 Nachrichten,
594 1335 686 1369 1715,
715 1338 747 1369 p.
779 1337 886 1368 17—a
911 1338 986 1359 rare
1012 1327 1230 1369 publication
1256 1328 1369 1360 which
1395 1328 1411 1360 I
1439 1328 1527 1360 have
1553 1333 1617 1361 not
1640 1338 1732 1361 seen.

133 1369 203 1402 For
223 1370 403 1409 Pistorius,
425 1371 502 1403 who
521 1372 614 1403 since
638 1379 718 1411 1523
742 1371 811 1403 had
833 1371 918 1402 been
940 1370 1040 1402 Duke
1062 1370 1222 1413 George’s
1244 1371 1448 1409 chancellor,
1471 1382 1526 1403 see
1547 1371 1611 1414 Ep.
1638 1380 1731 1412 1125.

132 1412 232 1455 27n.]

898 1500 972 1529 .ST.

185 1554 226 1595 S.
246 1555 299 1595 D.
358 1554 629 1594 Hieronimus
656 1555 856 1594 Emserus
883 1555 1073 1594 ostendit
1100 1555 1202 1594 mihi
1230 1560 1351 1595 tuam
1378 1556 1433 1595 ad
1461 1570 1504 1595 se
1531 1558 1733 1608 scriptam

130 1609 354 1661 epistolam
375 1623 383 1656 3
413 1611 456 1648 in
472 1623 557 1661 qua
572 1609 687 1661 quod
702 1609 802 1647 Dux
817 1608 1020 1661 Georgius
1035 1611 1108 1648 xxi
1122 1610 1223 1648 Maii
1237 1610 1292 1648 ad
1306 1614 1349 1649 te
1365 1612 1480 1650 misit
1495 1611 1731 1650 stomacho-

131 1665 259 1702 siores
294 1663 451 1710 literas,
488 1665 569 1714 ipsi
604 1665 806 1714 imputas,
845 1676 996 1713 nempe
1032 1668 1152 1702 ratus
1188 1677 1285 1702 eum
1321 1664 1449 1703 fuisse
1487 1678 1512 1703 a
1547 1667 1731 1712 secretis,

132 1730 361 1769 monesque
392 1722 442 1756 vt
473 1717 712 1768 Principem
744 1717 892 1755 melius
922 1718 1109 1756 instruat
1139 1722 1184 1757 et
1214 1718 1266 1757 de
1297 1720 1468 1770 negotio
1499 1723 1543 1758 et
1573 1719 1626 1758 de
1656 1724 1733 1759 tuo

130 1772 286 1819 animo,
311 1784 396 1823 quo
420 1771 626 1811 ciuiliores
649 1771 704 1810 ab
728 1784 776 1810 eo
800 1771 958 1810 habeas
981 1771 1137 1811 literas.
1191 1771 1387 1811 Ceterum
1411 1784 1508 1810 cum
1534 1773 1732 1812 Emserus
1755 1792 1770 1824 5

130 1825 210 1865 hac
232 1827 277 1865 in
299 1837 344 1864 re
368 1826 483 1865 omni
507 1838 677 1877 prorsus
702 1825 826 1877 culpa
850 1830 1005 1872 careat,
1031 1839 1108 1864 nec
1132 1826 1320 1877 aliquam
1344 1827 1731 1878 expostulationem

130 1881 439 1927 commeruerit,
462 1879 739 1919 metuendum
761 1880 863 1918 mihi
885 1884 950 1919 est
970 1893 1022 1918 ne
1042 1880 1177 1919 isthec
1198 1882 1242 1919 in
1264 1894 1331 1920 me
1353 1881 1532 1920 cudetur
1552 1881 1665 1929 faba,
1689 1886 1732 1921 et

131 1934 234 1973 mihi
262 1934 402 1973 dicam
428 1934 600 1981 scribas,
628 1935 703 1986 qui
731 1935 864 1985 magis
892 1947 985 1973 sum
1013 1946 1040 1972 a
1066 1936 1237 1974 secretis
1264 1947 1395 1987 quam
1423 1936 1635 1983 Emserus,
1665 1937 1732 1975 cui

130 2001 227 2027 cum
255 1988 558 2039 principalibus
585 1988 774 2040 epistolis
800 1988 905 2027 nihil
933 1989 1103 2039 penitus
1130 1994 1196 2028 est
1222 1991 1394 2041 negotii.
1452 1990 1608 2029 Verum
1636 2003 1732 2029 cum

131 2043 304 2081 omnino
330 2042 542 2082 illibenter
570 2043 697 2081 velim
726 2042 780 2081 ab
810 2042 988 2081 Erasmo
1017 2042 1174 2081 malam
1202 2044 1306 2082 im're
1335 2045 1516 2095 gratiam
1545 2049 1589 2083 et
1617 2044 1733 2095 apud
1756 2063 1795 2085 ιο

129 2097 270 2148 ipsum
286 2098 330 2135 in
347 2109 441 2135 eam
459 2098 601 2136 venire
619 2098 909 2148 suspitionem,
930 2102 979 2136 vt
995 2097 1038 2135 id
1056 2097 1172 2148 quod
1189 2102 1233 2136 et
1250 2099 1439 2137 animum
1457 2103 1501 2137 et
1518 2100 1731 2137 existima-

130 2152 292 2190 tionem
326 2152 457 2202 ipsius
491 2164 667 2202 grauare
702 2152 903 2201 potuerit,
940 2152 1224 2203 promouerim
1259 2154 1403 2203 potius
1437 2165 1567 2204 quam
1601 2154 1731 2204 impe-

131 2204 293 2252 dierim,
318 2206 469 2256 putaui
493 2205 615 2244 offitii
638 2207 721 2244 mei
743 2219 831 2244 esse
854 2219 943 2244 rem
966 2207 1117 2257 ipsam,
1143 2210 1192 2246 vt
1215 2211 1293 2253 est,
1318 2207 1373 2245 ad
1396 2211 1440 2246 te
1463 2207 1731 2258 perscribere,

131 2271 384 2311 omnemque
422 2259 502 2299 tibi
541 2259 841 2310 expostulandi
880 2261 1142 2299 occasionem
1182 2262 1404 2312 preripere.
1473 2261 1597 2301 Certo
1635 2274 1733 2312 ergo

131 2314 286 2352 certius
320 2318 385 2352 est
418 2313 534 2365 quod
567 2315 691 2353 istius
724 2318 769 2353 et
803 2314 982 2353 aliarum
1017 2315 1207 2353 omnium
1242 2327 1324 2366 que
1359 2315 1414 2353 ad
1449 2319 1492 2354 te
1527 2315 1733 2366 Principis
1756 2334 1791 2365 15

132 2368 301 2406 nomine
343 2367 482 2407 delate
524 2373 625 2407 sunt
666 2368 955 2419 epistolarum,
1000 2373 1251 2419 argumenta
1293 2373 1337 2408 et
1379 2371 1601 2408 materiam
1644 2370 1733 2421 ipse

134 2420 333 2472 Princeps
366 2423 550 2473 proprio,
577 2426 626 2461 vt
652 2422 844 2468 dicimus,
870 2423 1006 2460 Marte
1033 2422 1300 2462 adiuuencrit
1334 2427 1378 2461 et
1411 2424 1731 2475 cxcogitaucrit,

132 2479 261 2526 atque
289 2488 341 2514 ex
365 2489 414 2515 eo
434 2476 586 2515 iuditio
606 2476 721 2527 quod
741 2477 785 2515 in
806 2476 884 2514 hoc
905 2478 1075 2527 negotio
1096 2476 1239 2523 habet,
1261 2478 1432 2528 propria
1452 2478 1582 2516 etiam
1603 2490 1731 2515 manu

131 2530 402 2580 prescripsit:
448 2543 578 2581 quam
608 2531 775 2569 vtinam
804 2530 883 2569 tibi
914 2531 1134 2569 commode
1164 2543 1329 2581 possem
1361 2531 1609 2570 ostendere!
1657 2544 1732 2570 nec

131 2584 361 2635 quicquam
403 2588 543 2634 preter
582 2584 770 2634 phrasim
811 2586 957 2635 (quani
997 2598 1167 2635 quoque
1206 2598 1343 2623 meam
1384 2598 1468 2624 non
1510 2599 1598 2624 csse
1639 2598 1731 2636 pro·
1752 2605 1794 2627 20

132 2636 331 2676 culdubio
359 2639 562 2688 agnoscis,
592 2638 665 2677 sed
696 2639 814 2676 cuius
841 2639 897 2676 sit
924 2639 1045 2686 scies)
1073 2643 1138 2677 est
1166 2639 1231 2677 vel
1253 2639 1448 2678 additum
1471 2639 1536 2678 vel
1561 2639 1731 2690 ademp-

696 2735 790 2766 1520.
818 2742 869 2774 37.
896 2738 1060 2766 strennus
1079 2734 1156 2766 MS.

180 2826 274 2856 1520.
286 2834 340 2864 43.
357 2823 562 2863 Mosellano]
573 2824 622 2856 Cf.
633 2825 696 2867 Ep.
711 2827 894 2865 1448.65n.
971 2826 1137 2857 Pistorius
1152 2826 1310 2867 employs
1325 2828 1355 2858 it
1370 2828 1472 2867 again
1490 2829 1523 2859 in
1543 2827 1613 2859 ΕΕ.
1632 2828 1686 2868 83.

180 2870 272 2901 1521.
293 2876 361 2899 rrr.
375 2867 570 2907 .s'r.]Saluo
580 2868 713 2900 Titulo:
729 2869 849 2900 aform
861 2869 898 2901 of
1015 2878 1040 2900 1.
1068 2867 1247 2907 Emserus]
1262 2871 1325 2903 See
1342 2870 1406 2912 Ep.
1427 2879 1486 2912 553
1505 2871 1634 2903 introd.

131 2911 282 2954 apology
301 2911 356 2943 for
378 2911 438 2943 the
460 2912 624 2943 omission
648 2912 743 2944 osan
759 2913 894 2944 honori·
1010 2922 1039 2944 2.
1066 2912 1266 2953 epistolam]
1292 2914 1366 2946 Not
1390 2918 1538 2947 extant:
1578 2919 1731 2948 oontem-

135 2957 175 2988 fic
200 2954 359 2998 heading.
408 2954 444 2987 It
465 2956 494 2987 is
517 2955 591 2988 still
612 2956 648 2988 in
670 2965 730 2988 use
753 2958 787 2988 in
811 2956 892 2988 Hol-
966 2967 1092 2997 porary
1108 2957 1193 2989 with
1210 2957 1274 2999 Ep.
1297 2967 1390 2997 1499.

135 2998 229 3039 land,
241 3000 310 3032 and
321 3001 348 3032 is
358 2999 467 3032 found
479 3000 515 3032 in
529 2999 648 3032 Dutch
660 3000 893 3032 dictionaries.
1011 3009 1040 3040 3.
1065 2999 1200 3039 literas]
1218 3001 1282 3042 Ep.
1306 3003 1400 3042 1448.
