2012 3370
133 150 254 199 1342]
600 146 672 185 TO
703 144 931 184 MARCUS
963 142 1256 183 LAURINUS
1646 139 1725 178 215

132 257 362 309 regionum,
381 255 591 302 tenuibus,
610 254 788 301 acribus,
807 254 977 305 asperis,
996 253 1148 300 crudis,
1166 251 1404 292 crudelibus
1421 254 1464 289 et
1479 250 1726 289 inamoenis.
1744 263 1812 295 440

131 312 299 350 Mutato
316 312 415 349 vino
432 309 613 349 desierat
627 308 832 354 laborare,
850 311 926 346 aut
942 311 1054 346 certe
1069 306 1294 346 laborabat
1308 305 1455 344 leuius
1487 304 1726 344 Communi-

131 366 259 404 cabat
281 369 325 404 et
347 365 430 404 alia
450 363 635 403 remedia
663 376 715 401 ex
746 362 983 401 Mediolano
1007 362 1145 400 missa.
1198 360 1448 399 Adornabat
1471 362 1515 397 et
1536 359 1625 410 ipse
1647 359 1728 396 iter

130 421 174 458 in
196 420 381 466 Italiam,
403 431 539 469 neque
560 417 788 467 quicquam
811 416 1013 454 obstabat
1034 416 1114 454 nisi
1135 415 1271 454 Breue
1292 413 1524 460 Pontificis‚
1546 412 1663 463 quod
1682 413 1728 451 in

129 473 314 525 singulas
338 473 462 512 horas
485 471 741 522 expectabat
761 483 769 515 ;
811 483 877 509 me
902 469 1101 520 cupiebat
1124 469 1287 507 itineris
1309 468 1374 507 sui
1399 468 1613 507 comitem.
1664 466 1726 505 Ac

129 528 232 566 mihi
249 527 420 578 quidem
437 525 645 578 gestiebat
662 525 840 569 animus,
859 537 991 574 quum
1009 537 1095 562 non
1110 523 1274 574 longius
1292 522 1459 561 abesset
1475 521 1725 560 Tridentum
1744 532 1808 566 445

130 595 259 632 quam
286 582 434 620 itinere
461 593 533 619 sex
560 579 736 624 dierum,
765 582 815 616 vt
841 578 1026 616 aiebant.
1077 577 1189 616 Nam
1215 577 1310 615 illac
1338 580 1430 614 erat
1456 575 1643 614 eundum
1670 575 1726 613 ob

130 636 475 675 Caesarianorum
518 636 562 672 et
605 632 821 672 Gallorum
865 632 1051 670 dissidia.
1124 631 1191 670 Sic
1235 631 1346 669 enim
1390 643 1502 668 nunc
1545 629 1726 668 fruimur

130 690 379 729 monarchis.
424 687 676 727 Inuitabant
690 686 817 737 Alpes
833 700 855 725 e
870 686 1108 737 propinquo
1124 684 1370 730 arridentes,
1387 683 1726 722 dehortabantur

129 745 277 783 amici:
307 743 381 782 sed
402 742 572 788 frustra,
592 742 637 780 ni
659 740 843 780 calculus
862 740 1074 779 violentus
1096 739 1239 777 rhetor
1264 738 1540 789 persuasisset
1558 737 1725 776 Basilea

128 799 310 849 repetita
328 796 515 837 reuolare
534 796 578 834 in
596 795 758 834 nidum.
1742 802 1810 836 450

184 852 360 891 Interim
393 851 495 890 dum
527 850 771 889 Abstemius
804 848 955 900 hospes
987 847 1167 886 innectit
1198 845 1393 885 morandi
1425 858 1587 892 causaS,
1621 844 1724 883 dum

129 907 259 945 verba
285 905 392 945 dant
416 908 729 944 nautae—nam
756 907 849 942 erat
875 903 1041 941 animus
1068 901 1366 942 Schiffhusiam
1394 913 1527 951 vsque
1553 899 1724 950 nauigio

127 960 291 1007 deuehi,
313 959 429 1011 quod
448 959 679 998 diffiderem
700 971 766 997 me
786 957 893 997 ferre
912 970 1034 1008 posse
1057 956 1332 995 iactationem
1361 958 1599 1006 equestrem
1620 966 1628 992 ε
1666 953 1724 992 sic

127 1028 242 1054 eram
259 1014 504 1061 affectus—,
523 1013 773 1052 commorati
789 1025 934 1050 sumus
951 1011 1227 1050 Constantiae
1242 1009 1374 1048 ferme
1390 1013 1477 1048 tres
1493 1007 1722 1047 hebdoma-

126 1069 216 1108 das.
265 1068 456 1108 Tandem
477 1081 609 1119 quum
630 1071 788 1106 nautae
808 1066 972 1105 nullum
993 1065 1158 1104 faciunt
1178 1063 1411 1103 mentiendi
1431 1062 1572 1108 finem,
1594 1061 1723 1113 idque
1740 1073 1780 1107 45
1787 1076 1802 1109 5

125 1137 201 1162 suo
229 1123 297 1162 vel
322 1124 412 1161 iure
439 1123 507 1161 vel
532 1135 661 1168 more,
689 1122 752 1160 ira
778 1120 906 1159 robur
933 1119 1112 1166 addidit,
1141 1123 1185 1158 et
1212 1117 1446 1158 conscensis
1474 1117 1592 1167 equis
1621 1116 1725 1155 hora

126 1182 295 1224 octaua,
334 1176 648 1228 peruolauimus
686 1174 984 1215 Schiffhusiam
1024 1178 1124 1212 ante
1162 1173 1335 1212 tertiam
1373 1170 1723 1223 pomeridianam.

126 1232 207 1270 Vbi
227 1231 411 1270 reditum
431 1235 496 1270 est
515 1230 740 1276 Basileam,
761 1230 900 1268 visum
920 1233 985 1267 est
1003 1232 1175 1280 gustare
1193 1227 1341 1266 vinum
1361 1225 1724 1276 Burgundiaeum,

126 1285 242 1337 quod
280 1285 383 1324 mihi
422 1284 605 1323 multum
644 1284 857 1323 recusanti
896 1287 996 1321 ante
1035 1282 1123 1321 dies
1162 1281 1398 1332 complures
1437 1280 1620 1318 donarat
1657 1279 1723 1317 vir

124 1339 452 1378 humanissimus
476 1338 676 1377 Nicolaus
700 1337 924 1383 Diesbach‚
951 1336 1135 1376 decanus
1159 1349 1208 1375 ac
1233 1335 1477 1385 designatus
1501 1333 1722 1384 episcopus
1740 1341 1810 1379 460

123 1394 378 1441 Basiliensis,
417 1406 544 1444 quem
580 1405 693 1431 nunc
730 1391 1019 1430 coadjutorem
1056 1393 1227 1429 vocant.
1292 1388 1434 1427 Primo
1472 1391 1599 1438 gustu
1636 1400 1723 1425 non

123 1448 355 1487 admodum
391 1446 693 1486 adlubescebat
728 1445 886 1497 palato,
924 1449 1138 1484 caeterum
1173 1456 1260 1482 nox
1295 1442 1502 1494 arguebat
1535 1440 1721 1480 indolem

122 1503 223 1541 vini.
285 1502 353 1542 Sic
385 1502 498 1541 enim
530 1501 672 1539 subito
705 1503 917 1539 recreatus
950 1503 1015 1538 est
1047 1498 1306 1544 stomachus,
1339 1501 1390 1535 vt
1422 1496 1526 1535 mihi
1558 1494 1723 1535 viderer

122 1561 294 1595 renatus
325 1556 370 1595 in
401 1555 531 1594 alium
563 1555 791 1594 hominem.
851 1553 994 1605 Atque
1026 1566 1102 1605 ego
1134 1565 1234 1592 sane
1266 1563 1431 1602 semper
1460 1551 1721 1601 imputaram

122 1611 281 1649 malum
298 1611 377 1649 hoc
393 1610 503 1649 vinis
519 1609 789 1660 quibusdam,
807 1622 917 1659 quae
934 1608 1146 1659 pleraque,
1165 1619 1298 1658 quum
1315 1605 1459 1651 cruda,
1478 1605 1591 1643 acria
1607 1608 1651 1643 et
1667 1603 1722 1642 ob
1742 1609 1804 1648 465

122 1665 200 1704 hoc
225 1665 396 1703 inimica
420 1664 640 1703 stomacho
665 1664 764 1710 sint,
790 1667 937 1702 tamen
961 1662 1083 1702 facile
1108 1665 1336 1712 penetrant
1359 1661 1405 1698 in
1428 1672 1561 1706 reneS,
1588 1671 1721 1709 eoque

122 1719 297 1758 crudam
326 1719 549 1757 materiam
578 1731 719 1757 secum
749 1717 958 1756 deferunt.
1016 1716 1084 1755 Ad
1112 1716 1216 1755 haec
1245 1715 1367 1766 quasi
1395 1726 1470 1765 per
1498 1726 1541 1752 se
1570 1725 1721 1764 parum

121 1774 208 1813 sint
246 1773 441 1819 infelicia,
483 1772 605 1811 malis
644 1772 883 1823 pharmacis
922 1771 1097 1816 viciant,
1139 1769 1264 1815 calce,
1300 1768 1497 1813 alumine,
1538 1766 1721 1813 rhesina,

121 1828 334 1878 sulphure,
365 1827 478 1866 sale:
524 1839 624 1865 nam
654 1839 779 1877 aqua,
809 1838 939 1876 quam
968 1824 1139 1875 largiter
1167 1823 1346 1869 addunt,
1405 1822 1628 1861 minimum
1657 1824 1724 1860 est

120 1882 341 1921 malorum.
397 1880 509 1928 Quid
540 1880 721 1919 multis?
775 1879 974 1931 pleraque
1002 1878 1130 1930 digna
1158 1882 1259 1916 sunt
1292 1890 1401 1928 quae
1432 1875 1635 1915 bibantur
1667 1874 1722 1913 ab
1738 1886 1807 1921 470

121 1937 355 1975 haereticis.
404 1936 517 1974 Nam
545 1935 625 1974 hoc
653 1947 729 1986 ego
758 1934 961 1973 tormenti
989 1933 1093 1972 satis
1121 1945 1210 1971 esse
1238 1931 1426 1983 putarim
1455 1929 1510 1969 ad
1539 1929 1722 1980 quoduis

122 1990 374 2030 maleficium
394 1989 669 2040 puniendum.
712 1989 770 2027 Et
789 1992 935 2027 tamen
953 1987 1220 2039 reperiuntur
1239 1986 1313 2037 qui
1328 1990 1418 2025 tam
1434 1984 1595 2023 miseris
1610 1983 1722 2022 villis

121 2045 348 2096 dignentur
367 2044 577 2083 inebriari.

176 2098 405 2138 Gustaram
433 2102 478 2137 et
506 2102 605 2136 ante
634 2097 735 2136 vina
763 2096 973 2148 quaedam
1003 2095 1118 2147 apud
1147 2093 1470 2146 Burgundiones
1498 2095 1616 2139 nata,
1646 2090 1720 2129 sed

120 2153 314 2192 ardentia
350 2156 394 2191 et
429 2156 611 2191 austera.
664 2151 758 2190 Hoc
794 2155 886 2190 erat
922 2150 1058 2190 colore
1093 2150 1346 2201 gratissimo,
1383 2159 1594 2199 pyropum
1631 2158 1722 2185 esse
1737 2167 1800 2201 475

120 2207 291 2254 diceres,
317 2220 465 2258 sapore
488 2220 564 2245 nec
588 2205 700 2245 dulci
724 2219 799 2245 nec
824 2209 1006 2252 austero,
1032 2204 1106 2244 sed
1129 2204 1251 2243 suaui
1270 2217 1279 2250 ;
1319 2216 1395 2242 nec
1419 2201 1619 2252 frigidum
1642 2213 1721 2240 nec

120 2261 284 2308 ardens,
312 2261 386 2300 sed
410 2260 633 2300 humidum
660 2264 704 2299 et
728 2260 949 2299 innoxium
969 2273 978 2306 ;
1021 2259 1240 2298 stomacho
1267 2257 1325 2297 sic
1357 2257 1541 2296 amicum
1567 2258 1618 2293 vt
1642 2267 1721 2293 1166

119 2316 241 2367 copia
260 2315 414 2367 largior
434 2315 617 2354 multum
640 2314 873 2353 offenderet
892 2327 901 2353 2
939 2318 983 2353 et
1003 2313 1119 2365 quod
1140 2314 1184 2351 in
1205 2312 1315 2351 vinis
1337 2309 1554 2350 subrubris
1576 2321 1719 2347 rarum

118 2375 196 2417 est,
222 2369 488 2409 mediocriter
511 2369 705 2408 soluebat
729 2369 873 2407 aluum
897 2368 952 2407 ob
977 2368 1216 2419 genuinam,
1242 2370 1293 2405 vt
1317 2365 1505 2411 coniicio,
1531 2363 1619 2402 vim
1643 2362 1719 2401 hu·

119 2424 340 2470 miditatis,
368 2437 498 2475 quam
525 2423 711 2475 explicat
736 2424 779 2462 in
805 2423 1040 2462 stomacho.
1096 2422 1131 2461 O
1158 2421 1322 2460 felicem
1349 2419 1417 2458 vel
1442 2419 1522 2458 hoc
1548 2417 1718 2456 nomine
1736 2429 1803 2469 480

118 2478 424 2530 Burgundiam,
442 2478 651 2529 planeque
667 2478 838 2529 dignam
855 2490 964 2528 quae
981 2480 1118 2516 mater
1134 2476 1354 2514 hominum
1371 2473 1550 2518 dicatur,
1569 2474 1719 2522 postea

117 2546 248 2584 quam
266 2532 352 2572 tale
369 2532 434 2571 lac
453 2532 584 2571 habet
601 2532 646 2570 in
664 2532 862 2571 vberibus
883 2531 890 2570 l
938 2531 1036 2570 Non
1054 2531 1208 2569 mirum
1227 2530 1261 2568 si
1279 2528 1405 2580 prisci
1423 2525 1623 2566 mortales
1641 2537 1717 2576 pro

117 2587 197 2626 diis
218 2587 427 2633 colebant,
449 2600 629 2638 quorum
649 2586 859 2625 industria
879 2599 1034 2636 magna
1053 2585 1279 2636 quaepiam
1300 2582 1464 2621 vtilitas
1484 2579 1634 2619 addita
1653 2582 1720 2617 est

116 2641 233 2680 vitae
251 2640 509 2680 mortalium.
560 2641 652 2680 Hoc
672 2641 821 2679 vinum
840 2640 914 2690 qui
933 2639 1203 2684 monstrauit,
1224 2637 1298 2688 qui
1317 2635 1449 2681 dedit,
1469 2645 1717 2686 quanquam

116 2699 373 2735 monstrasse
387 2698 455 2733 sat
468 2698 572 2742 erat,
588 2707 727 2733 nonne
740 2695 876 2733 vitam
897 2693 1016 2732 dedit
1034 2693 1174 2732 verius
1193 2704 1323 2743 quam
1343 2690 1491 2728 vinum
1512 2691 1528 2727 ’ἓ
1579 2687 1719 2726 Adue·
1734 2700 1798 2741 485

116 2754 237 2788 ctum
257 2753 323 2789 est
341 2753 385 2788 et
405 2748 519 2788 aliud
535 2762 610 2787 vas
627 2749 762 2800 priore
784 2761 870 2787 non
888 2747 1074 2794 inferius,
1096 2747 1176 2785 nisi
1194 2745 1310 2797 quod
1331 2744 1476 2795 auriga
1497 2742 1592 2794 plus
1613 2741 1718 2781 satis

163 2944 238 2978 442.
267 2934 434 2974 remedia]
450 2934 499 2967 Cf.
520 2934 582 2975 Ep.
606 2936 698 2974 1416.
715 2942 772 2972 9¹1·
996 2940 1070 2971 451.
1097 2928 1315 2968 Abstemius]
1330 2927 1522 2961 Botzhcim.

163 2991 239 3022 447.
255 2979 416 3017 dissidia]
431 2978 493 3011 Sce
510 2977 575 3019 Ep.
598 2980 691 3008 1228.
713 2985 789 3017 5211.
998 2976 1073 3013 458.
1100 2973 1237 3012 vinum]
1255 2974 1316 3005 Sco
1336 2973 1399 3014 Ep.
1423 2973 1516 3013 1316.
1538 2980 1615 3013 24n.
1674 3014 1677 3015 γ

161 3031 237 3063 450.
262 3022 399 3063 nidum]
415 3022 465 3055 Cf.
484 3022 549 3064 Ep.
572 3030 664 3060 1209.
677 3030 731 3060 4n.
990 3020 1066 3057 466.
1092 3017 1281 3057 Dicsbach]
1297 3017 1358 3049 See
1376 3016 1442 3058 Ep.
1460 3023 1552 3056 1353.
1567 3014 1711 3055 256-69.
