2012 3370
172 343 205 374 15

154 1699 198 1729 40

153 1968 193 2000 45

231 112 309 151 376
703 110 955 151 LETTERS
987 110 1059 151 OF
1088 111 1352 153 ERASMUS
1702 115 1829 164 [1524

229 221 461 260 concitauit
505 221 607 260 nihil
638 234 806 271 prorsus
837 224 884 258 vt
912 221 1104 260 timerem
1135 220 1227 260 vnis
1255 225 1298 260 te
1327 219 1656 272 compellaturus
1684 221 1831 270 literis,

230 280 279 314 vt
302 277 416 314 omni
445 276 672 315 timiditate
696 287 934 325 suppressa,
960 288 1009 313 ea
1033 275 1143 314 fixus
1166 287 1242 325 ego
1268 277 1327 324 (et
1350 275 1466 326 quod
1490 275 1640 314 dieunt
1663 276 1830 324 Graeci)

229 333 382 380 ἔμπεδος
406 330 668 368 constiterim
690 329 917 375 sentencia,
947 329 1084 380 primo
1110 342 1280 380 quoquc
1307 334 1511 380 tempore,
1540 329 1574 367 si
1602 342 1690 368 sese
1716 330 1830 369 iusta

225 384 437 423 scribendi
459 384 629 422 offerret
652 383 829 429 occasio,
854 383 1090 423 scriberem.
1144 383 1186 422 Is
1209 384 1345 423 Vasco
1369 397 1478 422 vnus
1501 387 1566 422 cst
1588 396 1733 422 eorum
1756 384 1830 435 qui

227 438 324 477 olim
354 442 496 476 tecum
524 438 672 476 eadem
701 442 745 476 et
772 437 898 476 domo
925 442 970 477 et
999 450 1143 476 mensa
1171 438 1343 476 Paduac
1372 438 1589 477 conuictor
1617 437 1714 484 fuit,
1744 451 1830 489 quo

227 498 417 542 tempore
442 496 544 530 tuus
568 491 637 530 ille
663 491 845 538 Brixius,
875 492 977 531 mihi
1002 505 1222 544 nunquam
1250 493 1356 531 citra
1382 492 1690 543 praefationem
1717 505 1829 531 sum-

226 559 319 585 mae
345 546 664 585 beneuolentiae
687 546 966 597 excultaeque
989 560 1038 585 ac
1062 551 1342 598 perpurgatae
1366 546 1585 585 doctrinae
1607 546 1828 586 nominan-

226 601 316 645 dus,
342 600 531 639 venetiis
553 600 721 652 agebat.

279 654 357 693 Est
380 655 423 693 in
447 655 594 706 primis
617 655 731 706 quod
757 668 824 694 mc
846 655 966 707 angit
989 655 1219 706 plurimum
1243 667 1291 693 ac
1316 655 1479 694 cruciat
1501 654 1702 706 quodque
1726 654 1830 693 mihi

225 708 407 748 multum
432 709 649 748 molestiae
672 710 972 761 peracerbique
995 709 1150 748 doloris
1173 709 1362 755 inuehat,
1388 713 1527 748 ortam
1548 709 1676 748 fuisse
1699 710 1829 749 etiam

223 762 338 801 nulla
376 776 502 802 causa
540 764 757 814 quandam
795 764 904 802 inter
942 768 985 802 te
1022 767 1066 802 ct
1102 764 1305 802 eximium
1352 763 1470 802 illum
1520 763 1707 802 Fabrum
1755 763 1829 802 sed

221 817 497 856 leuiusculam
536 818 882 857 contentionem:
937 822 1161 869 propterea
1199 817 1314 868 quod
1350 817 1482 855 factio
1519 817 1828 869 theologorum,

188 884 199 909 ς
220 884 322 923 gens
344 885 429 910 11011
452 872 572 910 vobis
594 876 766 910 tantum
789 872 860 910 sed
887 872 990 910 bene
1012 872 1125 909 natis
1147 872 1336 910 omnium
1358 871 1536 923 ingeniis
1558 871 1622 909 vel
1646 871 1827 910 infestis-

221 926 340 971 sima,
371 926 479 965 hanc
508 939 657 965 ansam
686 926 923 964 calumniae
950 926 1029 964 sibi
1058 926 1158 975 ipsis
1186 926 1509 976 praeripuerint,
1542 930 1589 964 vt
1617 926 1660 964 in
1688 925 1827 964 litera-

220 980 432 1019 tissimum
448 994 659 1032 quemque
675 994 787 1019 nunc
805 993 958 1031 magno
974 980 1032 1018 rei
1047 979 1256 1018 literariae
1272 980 1494 1030 dispendio
1509 980 1570 1019 ita
1585 979 1826 1025 inne-hatur,

222 1047 569 1085 vnumquemque
601 1035 658 1073 sic
692 1034 950 1085 proscindat,
985 1034 1189 1084 denigret,
1224 1033 1392 1079 laceret,
1428 1034 1625 1073 conuitiis
1658 1034 1826 1080 obruat,

222 1092 269 1126 vt
300 1089 372 1139 qui
403 1092 531 1127 antea
562 1088 781 1127 fauoribus
812 1088 1203 1139 autoritatibusque
1235 1101 1320 1126 non
1350 1088 1487 1126 solum
1518 1088 1826 1139 episcoporum,

168 1156 175 1164 ³
219 1142 644 1193 1110111091300110111111,
668 1142 945 1181 cardinalium
966 1146 1010 1181 et
1030 1142 1211 1193 denique
1232 1143 1387 1181 summi
1407 1142 1626 1181 Pontificis
1647 1156 1730 1181 vna
1752 1156 1827 1181 1100

219 1209 436 1247 quoquam
475 1201 602 1247 pacto
638 1197 867 1235 reluctanti
905 1197 1230 1246 conspiratione,
1270 1209 1417 1236 verum
1456 1201 1500 1235 ct
1536 1197 1825 1248 Imperatoris,

218 1263 377 1301 rogum.
416 1250 587 1293 ducum.
627 1251 830 1290 comitum
869 1251 1076 1302 adpositis
1114 1251 1324 1303 suffragiis
1361 1251 1519 1303 primas
1556 1251 1825 1296 obtinebant,

221 1305 291 1343 vix
311 1318 424 1344 nunc
444 1319 516 1344 seu
537 1306 593 1344 ad
614 1310 826 1344 extremas
847 1305 999 1344 classes
1018 1305 1168 1356 grandi
1188 1306 1319 1344 etiam
1338 1305 1569 1357 ignominia
1588 1306 1826 1357 relegentur

218 1372 266 1397 ac
289 1359 332 1398 in
355 1359 580 1399 vilissimos
603 1373 794 1411 quosque
817 1360 985 1398 ordines
1007 1363 1226 1410 cogantur.

272 1413 331 1451 Et
352 1414 463 1452 vnde
484 1414 528 1452 id
549 1418 708 1464 surgat,
732 1414 975 1465 dignoscere
996 1418 1244 1465 promptum
1266 1417 1330 1452 est
1352 1427 1359 1459 3
1398 1413 1513 1465 quod
1534 1413 1578 1452 in
1599 1418 1641 1452 tc
1664 1418 1707 1452 et
1729 1418 1826 1452 tuas

218 1466 529 1506 Adnotationes
556 1468 710 1506 delirus
735 1468 803 1506 illc
830 1471 873 1506 et
899 1480 1080 1507 vesanus
1106 1468 1295 1513 Stunica,
1322 1467 1421 1506 licet
1447 1468 1651 1513 eruditus,
1680 1468 1826 1518 plenas

218 1522 501 1560 conuitiorum
519 1522 746 1573 quadrigas
764 1521 961 1561 effuderit
977 1526 1033 1568 et,
1053 1535 1119 1561 me
1135 1522 1250 1561 Deus
1267 1526 1396 1568 amet,
1414 1534 1499 1561 non
1516 1522 1596 1561 nisi
1613 1522 1826 1561 virulento

219 1575 512 1627 maleuoloque
549 1577 592 1615 in
626 1580 796 1616 tantam
829 1576 1109 1616 eruditionem
1142 1580 1264 1615 tuam
1297 1576 1453 1623 animo,
1488 1576 1604 1627 quod
1637 1577 1824 1615 Fabrum

216 1629 382 1681 aliquot
400 1630 502 1669 locis
522 1643 608 1669 non
629 1630 733 1669 satis
754 1631 944 1669 modeste
966 1630 1169 1681 carpseris
1190 1634 1233 1669 et
1252 1630 1343 1669 eius
1362 1631 1619 1670 sententiani
1640 1631 1826 1669 atrocius

216 1684 344 1734 paulo
378 1684 623 1723 conuelleris
656 1685 831 1736 eiusque
863 1697 1083 1724 censuram
1117 1684 1348 1736 aliquando
1380 1685 1441 1723 ita
1475 1685 1741 1736 depresseris,
1776 1689 1825 1724 vt

217 1742 389 1776 tantum
419 1739 558 1777 virum
587 1743 763 1790 tamque
792 1739 910 1789 pium
940 1752 988 1777 ac
1016 1738 1257 1790 religiosum
1286 1752 1371 1777 non
1399 1738 1622 1777 literatura
1651 1743 1824 1778 tantum

216 1805 364 1831 verum
387 1796 430 1831 et
452 1793 567 1832 omni
586 1793 752 1832 ratione
773 1793 962 1844 priuares
983 1806 991 1840 ;
1029 1793 1146 1845 quod
1167 1793 1297 1832 etiam
1320 1792 1392 1831 alii
1412 1793 1648 1844 complures
1670 1793 1824 1832 mirum

215 1859 346 1898 quam
369 1847 479 1886 inter
504 1860 592 1886 sese
616 1847 838 1887 deseuiant
861 1847 1245 1898 digladienturque,
1270 1847 1492 1887 Huttenus
1513 1848 1559 1886 in
1583 1847 1822 1895 Erasmum,

214 1901 258 1939 in
287 1900 531 1940 Huttenum
562 1902 776 1948 Erasmus,
807 1902 851 1941 in
878 1901 1088 1940 Thomam
1116 1901 1285 1940 Morum
1313 1901 1497 1948 Brixius,
1526 1902 1570 1940 in
1599 1901 1823 1941 Budaeum

216 1954 452 1994 Germanus
483 1956 623 1995 nescio
656 1957 750 2007 quis
783 1960 825 1994 et
857 1969 943 1995 non
974 1955 1264 2007 infrequenter
1296 1955 1488 1995 Caelius:
1539 1969 1647 2007 quos
1678 1969 1823 1995 omnes

215 2013 307 2047 tam
326 2009 523 2060 pacificos
544 2014 774 2060 componat
796 2011 1088 2061 Omnipotens,
1110 2014 1160 2049 vt
1178 2011 1267 2049 iure
1287 2010 1363 2048 filii
1382 2010 1462 2049 Dei
1481 2010 1624 2049 vocari
1643 2011 1820 2061 possint.

216 2062 306 2101 Hos
346 2063 571 2109 tumultus,
615 2064 690 2102 has
731 2064 974 2111 discordias,
1017 2065 1093 2103 hec
1133 2069 1224 2104 tam
1264 2064 1449 2116 implexa
1482 2064 1630 2116 iurgia,
1665 2064 1742 2103 has
1779 2065 1822 2103 in

264 2192 311 2222 17.
338 2183 494 2224 Paduae]
516 2182 559 2214 In
582 2182 642 2215 the
664 2183 787 2214 winter
809 2182 846 2214 of
872 2185 980 2224 1508:
1049 2185 1117 2224 39).
1174 2183 1305 2216 Zasius'
1338 2183 1447 2225 reply,
1484 2193 1495 2215 1
1531 2184 1627 2226 Sept.
1664 2193 1758 2225 1519,
1790 2183 1822 2217 is

213 2237 269 2259 see
288 2226 352 2268 Ep.
373 2236 447 2258 212.

262 2271 311 2302 18.
338 2270 492 2311 Brixius]
508 2269 558 2302 cf.
578 2270 666 2311 Epp.
685 2279 760 2302 212.
784 2279 836 2307 111,
853 2271 930 2302 620.
950 2280 980 2311 3.

215 2313 366 2355 Angelus
402 2314 516 2346 writes
551 2313 588 2345 of
623 2313 695 2345 him
730 2313 816 2345 with
850 2313 983 2345 similar

212 2357 339 2400 culogy
361 2357 398 2389 in
422 2357 475 2389 his
499 2357 636 2398 preface
660 2360 698 2389 to
722 2357 782 2389 the
806 2357 841 2388 H
846 2356 980 2398 10νο913]-

214 2400 337 2442 plcica:
367 2411 422 2433 see
437 2401 566 2433 introd.

259 2453 309 2484 23.
338 2444 507 2485 Fabrum]
529 2443 797 2486 Stapulensem:
834 2454 890 2475 see
913 2443 978 2486 Ep.

235 2498 255 2527 9
280 2513 286 2520 .
329 2497 385 2520 211.

215 2497 230 2529 5
259 2498 326 2572 {63
336 2531 497 2571 Stunica]
511 2531 573 2564 See
588 2530 678 2572 App.
699 2539 735 2571 15
751 2530 788 2562 111
803 2530 872 2562 vol.
888 2531 932 2562 iv.

255 2584 310 2614 44.
338 2575 492 2615 Brixius]
508 2575 571 2607 See
587 2574 652 2616 Ep.
676 2582 756 2615 1045
775 2574 903 2606 introd.

257 2626 309 2658 45.
337 2618 530 2651 Germanus
561 2618 676 2650 nescio
715 2618 809 2659 quis]
847 2617 978 2656 Zasius,

215 2663 291 2693 who
313 2663 349 2694 in
373 2673 394 2693 a
416 2661 521 2694 letter
545 2664 582 2693 to
607 2660 641 2693 O.
669 2660 912 2698 Cantiuncula,
938 2671 980 2699 29

214 2705 301 2737 Nov.
337 2706 432 2745 1518,
461 2704 601 2747 printed
628 2705 665 2736 in
694 2704 747 2736 his
774 2704 824 2736 De
853 2704 979 2744 oriqc‘ne

215 2749 300 2780 iuris
321 2749 377 2788 (cf.
400 2748 464 2790 Ep.
486 2750 578 2788 862),
599 2748 670 2780 had
689 2747 864 2780 dissolved
884 2758 979 2780 some

216 2791 483 2824 'Antinomiae’
519 2791 632 2824 raised
665 2791 713 2832 by
746 2791 910 2823 Budaeus
942 2791 979 2822 in

214 2835 266 2866 his
289 2835 415 2866 Annot.
441 2835 480 2867 in
503 2835 702 2867 Pandectas.
750 2834 879 2867 Zasius'
905 2834 978 2866 lan-

211 2887 399 2952 {Zaisseusw
393 2888 477 2953 3501<
484 2877 980 2963 (ὲὲἔὲρωὲῗῗὲἑὴιῗὲοέἴῐηοὲῑέ

215 2964 272 3003 (cf.
293 2964 379 2995 BE&
398 2966 465 3004 38),
484 2965 554 2996 and
570 2969 678 2996 wrote
694 2975 714 2996 a
731 2964 835 2997 letter
851 2968 889 2996 to
906 2965 978 2996 him

217 3009 251 3039 in
277 3008 507 3045 sels-defence,
537 3017 573 3047 25
601 3007 688 3048 ‹Iuly
716 3009 845 3048 <1519>
874 3007 976 3047 (BER

1048 2226 1132 2259 read
1153 2226 1202 2268 by
1221 2227 1258 2259 M
1292 2227 1487 2260 Delaruelle
1508 2238 1546 2260 as
1569 2238 1663 2260 more
1683 2238 1818 2270 aggres-

1048 2270 1122 2302 sive
1149 2270 1237 2303 than
1264 2281 1374 2303 seems
1401 2281 1595 2313 necessary.
1647 2272 1741 2304 That
1767 2271 1820 2304 his

1047 2313 1206 2346 attitude
1238 2315 1275 2346 in
1308 2314 1370 2346 the
1403 2319 1534 2347 matter
1566 2325 1636 2347 was
1669 2315 1820 2356 friendly

1047 2357 1076 2388 is
1094 2356 1232 2389 further
1250 2358 1370 2389 shown
1390 2358 1438 2399 by
1457 2358 1510 2390 his
1528 2358 1639 2390 desire
1658 2358 1740 2390 that
1758 2358 1819 2390 the

1046 2400 1168 2432 letters
1188 2400 1313 2433 should
1334 2404 1399 2433 not
1419 2401 1460 2433 be
1482 2401 1621 2442 printed
1644 2401 1723 2440 (ZE.
1752 2404 1817 2442 13).

1049 2443 1326 2485 Contemporary
1350 2455 1412 2475 ms.
1441 2445 1555 2485 copies
1579 2445 1615 2476 of
1639 2445 1735 2476 them
1760 2455 1819 2477 are

1048 2490 1086 2519 to
1113 2487 1154 2519 be
1179 2487 1290 2519 found
1317 2488 1353 2519 in
1381 2488 1442 2520 the
1469 2488 1575 2520 Town
1605 2488 1753 2529 Library
1779 2491 1819 2520 at

1047 2530 1099 2563 St.
1117 2530 1240 2563 Gallen
1255 2531 1429 2570 (Vadiana
1444 2532 1490 2563 xi
1506 2540 1569 2572 205
1588 2531 1658 2563 and
1672 2532 1694 2563 i.
1716 2533 1792 2572 165)
1809 2543 1817 2569 ;

1048 2574 1118 2606 and
1134 2574 1219 2616 they
1233 2585 1290 2606 are
1306 2575 1446 2616 printed
1460 2576 1496 2606 in
1512 2575 1578 2606 ZE.
1596 2585 1653 2616 pp.
1670 2576 1814 2615 466-78.

1138 2617 1288 2658 Caelius]
1312 2618 1329 2649 I
1354 2622 1483 2650 cannot
1507 2618 1578 2650 find
1603 2618 1684 2650 that
1707 2618 1818 2650 either

1050 2661 1273 2703 Rhodiginus
1286 2662 1363 2704 (Ep.
1376 2664 1454 2701 469.
1468 2663 1525 2701 811)
1538 2672 1575 2694 or
1586 2660 1816 2701 Calcagninus

1049 2704 1127 2746 (Ep.
1160 2706 1235 2737 611.
1270 2708 1351 2745 24n)
1384 2705 1454 2737 had
1485 2715 1556 2746 any
1589 2709 1816 2745 controversy

1047 2748 1133 2780 with
1157 2748 1343 2780 Budaeus:
1381 2752 1457 2787 not,
1481 2752 1520 2780 at
1542 2759 1614 2789 any
1638 2752 1725 2786 rate,
1751 2758 1816 2780 one

1047 2791 1159 2823 which
1197 2791 1311 2824 would
1351 2791 1433 2824 bear
1471 2792 1688 2833 comparison
1727 2791 1813 2823 with

1046 2835 1146 2867 those
1178 2835 1380 2867 mentioned
1411 2835 1501 2867 here.
1552 2835 1706 2877 Angelus
1736 2844 1810 2875 per-

1046 2878 1133 2920 haps
1155 2879 1391 2910 remembered
1413 2879 1494 2910 that
1515 2877 1688 2910 Budaeus⁷
1714 2878 1812 2909 critic

1045 2932 1115 2953 was
1137 2932 1182 2954 an
1205 2921 1346 2959 Italian,
1369 2922 1440 2954 and
1462 2921 1563 2953 made
1585 2932 1606 2953 a
1628 2920 1810 2953 confusion

1046 2966 1081 2996 in
1105 2965 1157 2996 his
1182 2965 1279 2997 mind
1302 2965 1388 2997 with
1413 2965 1551 2996 Portius
1575 2974 1614 2995 or
1638 2964 1810 3005 Egnatius

1046 3007 1103 3046 (cf.
1123 3007 1187 3049 Ep.
1205 3010 1281 3048 648.
1303 3010 1393 3049 57n).
