2012 3370
122 168 243 218 1342]
588 164 660 204 To
690 162 919 204 MARCUS
949 161 1244 203 LAURINUs
1634 159 1711 198 217

120 278 275 329 quibus
297 291 409 317 nunc
433 288 586 316 versor.
637 274 720 315 Sed
742 287 818 326 ego
841 287 917 312 nec
941 273 1035 320 emi,
1060 286 1136 311 nec
1159 271 1318 310 donum
1342 269 1535 309 oblatum
1559 268 1714 319 accepi.
1736 281 1795 314 335

121 333 185 371 De
200 333 375 371 ciuitate
389 345 441 370 ne
456 343 529 382 per
542 329 753 368 somnium
769 328 940 380 quidem
956 332 1021 367 est
1035 339 1224 378 vnquam
1240 326 1488 377 cogitatum.
1533 322 1716 370 Quidam

121 399 207 425 non
233 386 404 425 infimae
430 384 672 424 autoritatis
701 383 817 434 apud
843 382 1027 433 Turegos
1055 381 1183 420 semel
1211 385 1341 431 atque
1368 380 1522 417 iterum
1550 390 1716 416 mecum

121 441 208 492 egit
232 453 306 492 per
330 440 473 479 literas
498 442 548 477 vt
571 438 654 476 illic
680 438 745 476 ius
772 437 927 475 ciuium
954 436 1198 486 acciperem.
1255 435 1344 485 Ego
1371 433 1582 472 demirans
1607 443 1718 482 quur

122 495 225 533 haec
249 498 404 546 ageret,
428 492 625 544 respondi
648 505 714 530 me
739 491 845 530 velle
869 491 1004 530 ciuem
1027 503 1116 529 esse
1140 489 1273 527 totius
1298 487 1458 534 mundi,
1483 499 1570 525 non
1594 486 1718 524 vnius

122 548 281 600 oppidi.
1738 553 1803 586 540

177 603 241 641 De
258 602 394 642 Gallia
409 600 616 647 adeunda,
636 600 751 650 quod
767 612 860 638 eam
878 599 981 637 mihi
998 597 1117 636 velut
1133 597 1304 635 vnicum
1321 596 1487 647 asylum
1504 606 1719 646 superesse

124 656 395 702 dictitabant,
430 668 516 694 non
550 655 721 693 omnino
756 654 809 692 de
842 653 972 691 nihilo
1006 656 1111 691 nata
1145 655 1209 690 est
1242 650 1401 689 fabula.
1465 649 1717 688 Persuasum

124 711 334 750 habebam
352 711 499 748 vinum
517 722 605 748 esse
623 721 794 747 causam
821 707 958 746 morbi
980 707 1063 745 mei
1082 719 1091 752 ;
1125 705 1307 744 necdum
1324 704 1613 743 intellexeram
1632 702 1719 741 tale

124 766 271 804 vinum
303 765 492 804 cominus
526 776 551 802 a
586 762 834 814 Burgundia
866 760 1129 813 suppeditari
1163 771 1314 810 posse:
1353 762 1397 797 et
1431 758 1466 796 si
1494 757 1716 809 potuisset,

122 819 367 858 ferebantur
384 818 451 857 hic
469 822 563 856 tum
582 818 689 856 varii
706 829 906 862 rumores,
927 819 1089 854 metum
1107 814 1341 853 injicientes
1358 826 1412 851 ne
1430 825 1515 851 non
1534 823 1720 850 essemus
1739 823 1800 857 545

122 873 190 912 1110
219 873 389 912 0111111110
418 872 552 911 futuri
581 871 785 911 bellorum
814 874 1020 922 expertes.
1077 868 1179 908 Tale
1208 868 1242 906 si
1270 866 1374 918 quid
1403 865 1637 912 accidisset,
1667 878 1721 903 ne

123 927 369 979 Burgundia
390 926 562 977 quidem
584 926 794 977 potuisset
814 925 885 963 siti
907 937 1025 963 meae
1047 935 1299 963 succurrere.
1351 921 1507 960 Verum
1529 919 1646 966 illud,
1671 923 1721 957 vt

122 981 224 1028 dixi,
248 994 382 1033 quum
404 982 653 1033 ignorarem,
678 984 722 1019 et
744 992 932 1018 rumores
954 977 1197 1018 huiusmodi
1220 975 1464 1027 scrupulum
1487 974 1720 1019 iniicerent,

123 1036 242 1087 coepi
268 1036 418 1074 leuiter
445 1035 497 1074 de
525 1034 661 1074 Gallia
688 1033 885 1073 adeunda
904 1033 1103 1084 cogitare,
1131 1044 1240 1083 quae
1268 1031 1336 1069 vel
1363 1029 1512 1069 mediis
1530 1029 1575 1067 in
1602 1027 1720 1067 bellis

123 1090 212 1129 vini
241 1090 407 1141 copiam
437 1089 742 1140 suppeditaret.
800 1088 894 1127 Hac
924 1087 976 1126 de
1006 1100 1049 1125 re
1079 1099 1211 1137 quum
1241 1085 1500 1124 mentionem
1530 1083 1720 1122 fecissem
1741 1096 1803 1128 550

123 1144 239 1195 apud
256 1144 309 1182 R.
327 1143 374 1182 P.
393 1144 663 1182 Franciscum
681 1142 1041 1194 archiepiscopum
1059 1140 1418 1185 Ebredunensem,
1437 1138 1524 1189 qui,
1542 1142 1636 1176 tum
1654 1137 1721 1175 hic

122 1198 332 1249 legatione
348 1197 541 1249 fungens,
559 1211 637 1236 nos
654 1197 782 1236 semel
799 1201 930 1247 atque
946 1197 1100 1235 iterum
1117 1195 1277 1241 inuisit,
1297 1193 1408 1231 Vltro
1426 1192 1639 1243 pollicitus
1657 1194 1722 1229 est

121 1252 190 1291 ille
207 1266 250 1291 se
268 1256 514 1291 curaturum
532 1265 558 1290 a
574 1252 688 1303 Rege
706 1264 782 1290 suo
800 1251 1000 1302 diploma,
1019 1262 1103 1300 quo
1121 1249 1257 1288 tutius
1274 1261 1323 1287 00
1340 1248 1484 1286 liceret
1500 1245 1720 1297 proficisci,

123 1307 157 1345 si
173 1307 236 1345 ita
251 1307 390 1345 visum
405 1306 567 1345 fuisset.
613 1305 785 1344 quenis
801 1304 1130 1343 humanissimus
1146 1303 1328 1354 gestiens
1344 1315 1392 1340 ac
1410 1301 1488 1339 sibi
1504 1299 1723 1352 gratulans

123 1360 239 1411 apud
255 1373 444 1399 mensam
460 1360 617 1411 regiam
634 1359 749 1411 quod
765 1359 955 1398 Basileae
971 1358 1147 1396 vidisset
1164 1357 1402 1402 Erasmum,
1420 1355 1506 1406 egit
1521 1354 1573 1393 de
1590 1353 1721 1404 diplo-
1744 1366 1804 1400 555

123 1418 267 1461 mate3
309 1414 458 1453 aderat
483 1418 627 1453 autem
653 1413 697 1452 id
722 1413 925 1464 temporis
951 1413 1004 1451 R.
1031 1412 1085 1451 D.
1112 1411 1234 1451 Card.
1262 1409 1574 1460 Lothoringiae.
1629 1408 1723 1447 Rex

122 1468 259 1508 laetus
281 1469 411 1507 etiam
432 1468 609 1507 indulsit
630 1468 746 1519 quod
767 1467 1007 1518 petebatur.
1058 1465 1235 1512 Deinde,
1259 1465 1332 1503 vbi
1354 1463 1577 1502 Budaeum
1599 1461 1723 1508 vidit,

122 1536 249 1574 quem
269 1523 421 1562 asciuit
438 1523 549 1562 inter
566 1523 739 1561 intimos
759 1522 880 1561 aulae
898 1522 1115 1573 primores,
1138 1520 1145 1535 ‘
1166 1518 1311 1566 Heus,'
1332 1518 1484 1569 inquit,
1509 1517 1517 1533 ‘
1537 1516 1724 1563 Budaee,

124 1591 223 1616 mox
245 1577 495 1616 habebimus
510 1577 697 1616 Fabrum
712 1578 756 1615 in
777 1580 923 1615 nostra
944 1575 1081 1615 Gallia
1096 1574 1119 1613 ’.
1171 1574 1311 1621 Quum
1333 1572 1533 1612 Budaeus
1553 1584 1722 1622 respon-

124 1631 255 1671 disset
280 1631 466 1670 Fabrum
492 1644 579 1670 non
605 1631 749 1670 abesse
776 1644 801 1669 a
827 1630 976 1676 Gallia,
1004 1630 1097 1668 Rex
1123 1629 1338 1667 intellecto
1364 1627 1546 1666 nominis
1572 1638 1723 1671 errore,
1745 1633 1809 1671 560

126 1686 134 1701 ‘
155 1686 408 1733 Erasmum,'
447 1686 600 1737 inquit,
643 1686 651 1700 ‘
671 1686 896 1724 Erasmum
934 1684 1130 1723 volebam
1169 1683 1318 1722 dicere.
1385 1682 1497 1720 Nam
1535 1680 1724 1731 diploma

125 1744 323 1791 paratum
343 1744 409 1779 est
427 1753 511 1791 quo
532 1744 628 1779 tuto
649 1741 795 1779 veniat
809 1739 833 1778 '.

182 1794 404 1833 Inuitabat
434 1794 606 1846 quidem
638 1807 705 1833 me
737 1798 861 1833 vetus
891 1792 996 1831 illud
1027 1792 1187 1832 Galliae
1213 1791 1459 1842 hospitium,
1491 1802 1600 1841 quae
1620 1788 1724 1827 mihi

127 1861 346 1900 nunquam
364 1862 450 1887 non
467 1849 551 1888 fuit
567 1848 766 1887 iucunda.
814 1847 1037 1886 Inuitabat
1055 1846 1171 1897 quod
1197 1850 1298 1884 ante
1321 1857 1454 1883 annos
1472 1857 1544 1882 sex
1563 1843 1722 1894 magni-

126 1902 215 1942 ficis
239 1903 552 1942 conditionibus
575 1916 642 1941 me
666 1903 884 1941 reuocauit
903 1915 911 1940 :
952 1914 1058 1951 quas
1081 1901 1117 1939 si
1138 1905 1233 1939 tum
1257 1899 1524 1950 accepissem,
1548 1902 1598 1936 vt
1621 1896 1726 1935 nihil
1745 1904 1804 1943 565

127 1957 243 1996 aliud
276 1957 427 2004 dicam,
463 1962 575 1996 certe
608 1971 693 1995 non
726 1961 816 1995 tam
851 1956 923 1994 diu
957 1955 1275 2006 digladiandum
1310 1954 1412 1992 mihi
1445 1953 1595 1991 fuisset
1628 1964 1723 1990 cum

127 2011 291 2063 aliquot
309 2012 472 2050 stolidis
492 2011 765 2062 mataeologis
786 2010 1118 2049 Louaniensibus
1139 2022 1147 2055 ;
1182 2022 1259 2048 nec
1278 2008 1381 2047 mihi
1400 2007 1585 2046 calerent
1604 2019 1726 2044 aures

129 2065 371 2104 huiusmodi
404 2065 571 2104 furiosis
604 2065 844 2116 tragoediis,
880 2064 1036 2115 quibus
1067 2064 1134 2102 hic
1167 2063 1335 2102 seruent
1368 2062 1523 2100 omnia.
1574 2061 1631 2099 Et
1659 2073 1724 2098 res

128 2124 238 2158 osset
257 2120 476 2171 aliquanto
502 2133 631 2171 quam
660 2133 772 2158 nunc
791 2123 857 2158 est
876 2118 1067 2170 amplior,
1098 2122 1175 2156 aut
1203 2121 1315 2156 certe
1344 2117 1483 2155 minus
1513 2118 1722 2166 angusta:

129 2174 320 2213 fortassis
348 2178 393 2213 et
424 2174 626 2213 valetudo
658 2174 816 2220 melior,
847 2174 921 2224 qui
950 2173 1078 2211 toties
1107 2171 1161 2211 ob
1190 2171 1296 2210 haec
1325 2172 1428 2209 vina
1456 2174 1501 2208 et
1529 2169 1722 2208 nidorem
1745 2182 1806 2214 570

129 2228 495 2279 hypocaustorum
527 2241 621 2267 sum
661 2228 713 2266 de
752 2229 891 2279 capite
920 2227 1197 2278 periclitatus.
1273 2225 1497 2264 Inuitabat
1527 2228 1573 2262 et
1604 2223 1722 2269 illud,

128 2282 245 2333 quod
264 2283 308 2321 in
324 2282 460 2322 Gallia
477 2296 648 2322 versans
665 2282 800 2321 multo
822 2283 994 2333 propius
1016 2281 1242 2320 abfuturus
1263 2293 1395 2319 essem
1417 2293 1442 2318 a
1463 2278 1723 2317 Brabantia:

128 2350 213 2388 quo
246 2337 313 2375 vel
345 2338 389 2376 in
422 2336 530 2376 bello
563 2341 847 2376 transcurrere
878 2336 1078 2382 licuisset,
1112 2335 1166 2374 ob
1199 2335 1402 2373 noticiam
1435 2338 1479 2372 et
1511 2333 1725 2384 priuatam

128 2391 359 2430 amicitiam
385 2404 529 2430 eorum
554 2392 628 2442 qui
653 2392 849 2430 ciuitates
874 2391 971 2430 hinc
996 2394 1040 2429 et
1064 2390 1161 2428 hinc
1186 2389 1396 2435 obtinent,
1423 2401 1532 2437 quae
1558 2390 1658 2424 sunt
1682 2386 1726 2423 in

128 2445 331 2484 confiniis.
385 2446 527 2485 Vnum
552 2446 766 2492 obstabat,
794 2445 950 2484 bellum
975 2445 1085 2483 inter
1109 2448 1195 2483 tres
1220 2443 1368 2494 Reges.
1425 2442 1612 2488 Quorum
1639 2440 1725 2485 vni,
1747 2452 1806 2485 575

128 2512 279 2551 nempe
310 2500 471 2547 Carolo,
503 2500 771 2539 iureiurando
802 2500 932 2539 etiam
963 2498 1160 2538 addictus
1190 2511 1312 2543 sum3
1361 2496 1495 2542 alteri,
1527 2495 1725 2533 nimirum

130 2554 236 2605 Regi
262 2554 450 2605 Angliae,
478 2554 668 2605 pluribus
694 2554 936 2593 nominibus
963 2566 1056 2591 sum
1083 2553 1326 2596 obstrictus,
1355 2556 1484 2601 atque
1512 2549 1617 2587 adeo
1644 2548 1727 2586 toti

128 2608 187 2646 illi
204 2609 368 2647 nationi
387 2621 396 2655 ;
428 2609 617 2655 tertium,
636 2608 833 2647 videlicet
850 2607 1080 2647 Galliarum
1098 2607 1271 2657 Regem,
1290 2605 1344 2643 ob
1362 2609 1452 2643 tam
1470 2615 1726 2654 propensum

129 2662 174 2700 in
194 2675 261 2701 me
280 2662 470 2701 studium
490 2676 576 2701 non
595 2676 766 2714 possum
787 2675 873 2701 non
893 2674 1048 2700 amare.
1097 2660 1328 2711 Sperabam
1350 2663 1494 2697 autem
1515 2657 1583 2696 vel
1602 2657 1727 2695 huius

130 2717 231 2755 noui
255 2716 472 2755 Pontificis
497 2729 624 2768 opera
650 2717 767 2755 breui
792 2729 939 2767 pacem
963 2716 1074 2754 inter
1099 2728 1169 2754 eos
1194 2714 1415 2753 coituram.
1471 2712 1725 2762 Quanquam
1745 2716 1810 2757 580

176 2807 250 2846 536.
278 2802 443 2842 Quidam]
465 2803 626 2845 Zwingli;
649 2803 691 2835 cf.
711 2803 776 2844 Ep.
799 2812 892 2843 1314.
1005 2814 1078 2845 557.
1108 2800 1303 2839 Budaeum]
1316 2801 1383 2832 For
1396 2800 1447 2831 his
1460 2804 1573 2831 recent
1587 2808 1720 2841 promo-

137 2856 197 2886 1,2.
961 2846 1035 2877 tion
1053 2856 1108 2877 see
1126 2845 1191 2886 Ep.
1214 2847 1306 2885 1328.
1328 2855 1448 2886 54-93.

176 2902 251 2933 541.
278 2890 330 2921 De
346 2889 473 2929 Gallia]
491 2890 552 2922 See
570 2890 634 2931 Ep.
656 2899 740 2930 1319
763 2889 892 2921 introd.
1005 2893 1078 2931 564.
1107 2892 1188 2920 ante
1199 2898 1307 2920 annos
1318 2887 1393 2927 sex]
1404 2888 1464 2920 See
1477 2887 1650 2927 Epp.522‚
1665 2886 1723 2917 &a

177 2945 252 2975 551.
279 2933 515 2972 Franciscum]
531 2934 718 2965 Tournon:
748 2943 803 2964 see
828 2933 893 2974 Ep.
1005 2944 1078 2975 574.
1105 2931 1314 2970 amicitiam]
1330 2941 1393 2971 eg.
1413 2930 1498 2962 with
1516 2930 1575 2961 the
1594 2928 1724 2961 hranch

138 2986 231 3018 1319.
963 2975 997 3006 of
1036 2976 1094 3007 the
1134 2975 1324 3017 Burgundy
1361 2974 1484 3015 family
1522 2973 1648 3005 settled
1688 2976 1725 3004 at

177 3031 251 3063 553.
278 3020 447 3062 diploma]
464 3020 513 3053 Cf.
534 3021 599 3061 Ep.
623 3030 716 3060 1319.
735 3031 790 3062 311.
963 3018 1179 3051 Tournehem
1196 3031 1202 3050 :
1231 3029 1286 3049 seo
1304 3019 1368 3059 Ep.
1386 3021 1429 3049 80
1443 3017 1574 3049 introd.

177 3068 252 3106 556.
278 3063 537 3106 Lothoringiae]
559 3065 620 3097 Soc
642 3064 706 3106 Ep.
729 3074 804 3105 997.
1006 3075 1080 3106 575.
1110 3062 1251 3101 bellum]
1269 3063 1329 3094 »Sec
1350 3062 1414 3104 Ep.
1436 3063 1528 3093 1228.
1550 3070 1626 3102 5:11.
