2033 3395
317 157 368 195 24
789 160 1043 199 LETTERS
1075 161 1146 200 oF
1177 160 1440 200 ERAsMUs·
1790 161 1912 208 [1522

318 269 403 308 cito
424 269 706 320 proditurum.
766 270 823 308 Et
844 283 955 308 nunc
976 270 1044 309 ille
1065 270 1116 309 de
1137 271 1333 320 opinione
1354 271 1476 321 perit.
1535 270 1711 321 Scripsit
1732 268 1787 307 ad
1807 269 1919 308 hunc

317 323 529 374 quispiam
551 324 662 362 illius
683 324 864 375 gentilis,
888 325 962 375 qui
985 329 1126 364 tecum
1149 324 1329 363 Louonii
1349 325 1554 376 loquutus
1575 329 1695 362 tuam
1719 323 1916 362 domesti-

316 390 410 416 cam
437 378 786 417 consuetudinem
813 391 982 417 omnem
1008 378 1299 429 deprehendit,
1327 379 1578 417 honorificas
1602 379 1768 417 litteras
1793 390 1919 429 super

232 451 297 475 210
315 436 392 470 tuo
426 433 610 478 nomine,
647 433 726 471 hoc
761 445 888 483 agens
927 437 977 471 vt
1010 433 1237 484 perduellis
1274 438 1376 471 tuus
1414 434 1564 472 merito
1604 433 1777 471 virtutis
1814 436 1916 471 tuae

315 499 341 524 a
375 487 526 538 scelere
562 486 835 526 discoederet.
894 488 1004 526 Sunt
1039 488 1106 526 hic
1141 488 1215 538 qui
1249 500 1346 526 cum
1382 487 1497 526 domi
1532 491 1758 534 nouerunt,
1795 487 1917 525 aiunt

314 540 427 579 illhic
448 540 576 580 fuisse
598 541 795 579 habitum
817 542 991 579 atheum
1013 555 1021 587 ;
1060 546 1172 580 certe
1194 554 1269 592 ego
1292 542 1569 580 Hebionitam
1590 543 1730 593 ipsum
1752 553 1916 592 semper

314 596 478 645 putaui.
536 595 694 633 Paulus
726 595 980 634 Bombasius
1011 597 1130 647 graui
1161 597 1285 634 vultu
1316 596 1486 635 foedam
1516 596 1577 634 illi
1607 596 1914 641 adulacionem,

313 649 519 687 nefariam
549 649 741 688 sectandi
770 650 874 689 lucri
904 651 982 689 sub
1012 651 1249 689 innocentis
1279 650 1494 689 delacione
1516 651 1740 698 racionem,
1763 662 1913 701 oppro-

231 721 293 756 215
315 703 469 742 brauit.
527 704 650 743 Dixit
672 704 947 744 funestiorem
972 718 1060 744 esse
1084 706 1200 743 omni
1222 705 1469 744 insimulata
1492 705 1626 744 heresi
1650 704 1913 743 Erasmiana.

314 757 453 796 Elusit
474 758 509 796 is
530 759 866 810 increpacionem
888 760 974 798 risu
996 760 1248 807 Domiciani,
1272 773 1358 798 non
1380 764 1526 798 tamen
1547 759 1732 798 suffusus
1754 758 1915 810 pudore

311 812 407 851 fuit.
465 812 570 851 Mihi
594 817 638 851 et
662 813 853 864 pluribus
877 814 1249 865 expostulantibus
1274 815 1362 853 61115
1387 814 1632 853 acerbitatis
1655 814 1699 852 in
1723 818 1767 852 tc
1790 813 1915 852 licen-

312 867 434 913 ciam,
462 867 578 906 aliud
603 868 694 906 aliis
718 868 946 919 respondet
967 882 974 907 :
1015 869 1113 908 Non
1139 869 1217 908 hoc
1243 869 1410 907 Erasmi
1435 882 1535 915 6556,
1563 868 1754 920 publicos
1778 880 1916 906 mores

313 920 512 960 lacessere
532 935 541 968 ;
579 934 623 961 se
644 922 763 961 freno
786 923 1072 961 cohibiturum
1096 923 1262 962 Erasmi
1283 923 1501 962 lasciuiam
1523 927 1580 969 et,
1604 922 1720 974 quod
1742 922 1913 961 scelera-

229 993 296 1019 220
311 976 397 1014 tius
438 980 515 1022 est,
558 989 601 1015 56
642 977 818 1027 gloriam
859 991 1032 1028 querere
1073 991 1125 1016 ex
1166 978 1357 1016 Erasmo.
1417 977 1741 1016 Circumuolitat
1781 976 1914 1016 eciam

312 1030 668 1069 circumforaneus
686 1031 813 1069 homo
832 1032 1032 1070 tabernas
1049 1032 1254 1078 librarias,
1274 1046 1348 1083 per
1365 1045 1435 1071 eas
1454 1032 1642 1071 traducit
1659 1036 1704 1070 et
1721 1030 1917 1070 obtrudit

311 1097 466 1124 nomen
494 1089 618 1123 tuum
645 1086 769 1124 iuxta
796 1086 1039 1125 nolentibus
1067 1091 1111 1125 et
1138 1087 1394 1133 volentibus,
1424 1086 1610 1125 solicitat
1637 1098 1744 1137 quos
1772 1089 1916 1137 potest

311 1151 411 1177 suae
435 1140 632 1178 vesaniae
655 1139 891 1191 complices,
917 1144 961 1179 et
982 1141 1138 1191 reperit
1160 1154 1273 1179 nunc
1295 1153 1396 1180 suae
1418 1140 1580 1179 farinae
1603 1140 1817 1191 gentilem.

366 1193 638 1244 Exemplaria
658 1207 770 1233 nunc
792 1195 1011 1245 proposita
1032 1199 1146 1242 sunt,
1169 1208 1278 1246 quae
1300 1195 1380 1234 tibi
1401 1195 1583 1234 Scotinis
1604 1195 1746 1242 laruis,
1768 1193 1915 1246 quales

227 1264 290 1299 ²25
311 1250 360 1285 tu
383 1260 548 1298 semper
570 1248 838 1295 exhorruisti,
864 1249 918 1288 ab
942 1249 1007 1288 his
1029 1249 1152 1301 longe
1176 1250 1334 1301 vbique
1357 1249 1591 1296 declinasti,
1617 1249 1915 1288 hicceitatibus

310 1305 354 1340 et
386 1302 741 1341 isthicceitatibus
775 1304 862 1341 sint
895 1316 1132 1343 occursura.
1190 1304 1287 1355 Ipse
1321 1305 1455 1343 eciam
1489 1309 1638 1343 auctor
1672 1303 1915 1355 tragoediae

309 1368 453 1395 rursus
482 1357 648 1396 excutit
676 1362 797 1396 tuam
827 1359 1103 1408 posteriorem
1132 1359 1477 1398 emendacionem
1505 1358 1620 1397 Noui
1648 1358 1913 1397 Testamenti

310 1414 354 1448 et
381 1411 427 1448 in
454 1411 595 1462 ipsum
625 1413 956 1458 annotaciones;
991 1413 1120 1451 illhuc
1149 1417 1390 1464 erupturus,
1421 1413 1456 1452 si
1485 1413 1576 1452 Deo
1605 1412 1759 1464 placet,
1790 1416 1840 1450 vt
1868 1413 1913 1450 in

309 1464 526 1504 Aethneas
549 1467 778 1516 crate<ra>s
812 1466 1037 1505 Erasmum
1061 1468 1283 1518 pertrahat
1306 1468 1394 1519 ipse
1418 1467 1595 1519 frigidus
1619 1466 1911 1518 Empedocles.

226 1538 293 1569 230
309 1519 407 1558 Non
427 1532 591 1570 sperem
611 1524 661 1559 vt
679 1520 790 1559 1111115
810 1521 854 1559 111
874 1525 918 1560 16
939 1522 1069 1560 61111111
1090 1535 1258 1561 omnem
1278 1521 1463 1561 furorem
1484 1522 1641 1573 possim
1663 1534 1739 1573 pro
1760 1522 1913 1561 merito

309 1573 534 1613 declarare.
592 1574 763 1613 Inuidia
782 1579 825 1614 et
843 1575 941 1614 odio
960 1577 1038 1623 tui,
1058 1577 1124 1615 sui
1142 1577 1352 1628 philautia
1371 1580 1436 1616 est
1454 1580 1550 1615 tota
1568 1581 1711 1616 mente
1729 1579 1910 1615 emotus.

309 1628 470 1667 Tamen
499 1629 632 1679 ipsius
662 1642 886 1680 personam
918 1643 1159 1681 expressam
1191 1631 1328 1670 aliena
1358 1631 1550 1670 oratione
1581 1631 1706 1669 dabo.
1765 1630 1912 1669 Habes

308 1682 565 1733 perduellem
592 1687 730 1731 tuum,
760 1685 841 1723 nisi
867 1684 978 1724 forte
1005 1685 1066 1724 illi
1093 1689 1278 1725 sectatas
1305 1685 1491 1724 Thaidas
1519 1685 1748 1731 detrahas;
1793 1697 1911 1736 prae·

308 1741 425 1776 terea
447 1737 578 1776 habes
600 1739 797 1777 omnibus
819 1740 1004 1778 numeris
1027 1739 1205 1779 militem
1228 1740 1448 1779 comicum.

226 1809 288 1842 235
362 1791 481 1831 Haec
505 1793 659 1843 putaui
681 1797 725 1832 te
750 1794 854 1832 scire
879 1798 1084 1845 oportere,
1110 1807 1198 1833 non
1220 1795 1391 1846 ignarus
1415 1798 1627 1834 oratorem
1650 1795 1713 1832 ita
1737 1793 1909 1833 demum

308 1844 522 1885 dicturum
537 1859 709 1886 causam
723 1848 930 1899 apposite,
947 1849 1021 1887 vbi
1034 1849 1165 1900 probe
1179 1850 1441 1900 perspexerit
1454 1849 1685 1888 aduersarii
1697 1848 1908 1894 habitum,

307 1900 481 1939 consilia
500 1904 544 1939 et
565 1914 713 1940 mores.
774 1902 898 1949 Quod
916 1904 998 1942 nisi
1017 1903 1097 1943 hoc
1117 1904 1338 1943 consilium
1357 1903 1469 1943 foret
1488 1903 1592 1943 mihi
1613 1903 1669 1942 ad
1688 1907 1745 1950 16,
1766 1903 1911 1941 forsan

307 1967 507 1994 excusare
529 1955 751 1995 leuitatem
775 1969 896 2008 aegre
919 1970 1099 2008 possem,
1125 1959 1199 2009 qui
1221 1962 1320 2010 post
1342 1962 1433 1997 tam
1456 1958 1653 2010 pertinax
1676 1957 1909 1996 multorum

307 2021 515 2047 annorum
547 2010 765 2049 silencium
796 2012 859 2050 ita
890 2012 1061 2051 demum
1093 2013 1362 2052 scribendum
1394 2018 1604 2064 putarem,
1638 2025 1734 2051 cum
1766 2011 1909 2050 studia

226 2080 290 2111 240
307 2063 528 2101 hominum
550 2064 721 2115 pingere
741 2065 904 2105 liberet.

361 2117 473 2168 Ergo
494 2118 611 2168 quod
632 2118 897 2158 aduersarius
918 2133 969 2159 ea
990 2121 1147 2172 vbique
1167 2122 1211 2160 in
1232 2135 1276 2160 se
1298 2121 1504 2168 admittit,
1527 2125 1578 2160 vt
1597 2121 1683 2160 iam
1704 2120 1809 2160 nihil
1830 2119 1909 2159 sibi

306 2171 438 2209 animi
462 2175 507 2210 et
532 2173 816 2212 conscienciae
842 2174 1105 2214 Christianae
1130 2176 1355 2227 integrum,
1382 2176 1488 2214 nihil
1513 2176 1648 2214 ciuilis
1672 2175 1909 2215 honestatis

306 2225 573 2276 inculpatum
597 2227 642 2265 in
666 2240 710 2266 se
734 2228 960 2280 relinquat,
988 2242 1136 2269 censeo
1162 2231 1373 2281 optimum
1398 2230 1487 2269 fieri
1512 2230 1704 2281 posthac,
1732 2229 1908 2268 Erasme

306 2279 481 2330 optime,
516 2293 569 2320 ne
602 2285 647 2320 te
679 2294 852 2333 quoquo
886 2283 1013 2322 modo
1047 2284 1092 2322 in
1124 2284 1297 2323 turbam
1331 2284 1563 2330 demittas;
1612 2283 1657 2322 id
1691 2288 1768 2330 est,
1804 2283 1907 2322 dum

224 2350 286 2382 245
305 2334 547 2385 respondes,
587 2336 786 2375 recoedas
824 2337 1064 2389 longissime
1104 2350 1130 2376 a
1168 2338 1239 2377 filo
1279 2351 1406 2390 quem
1445 2339 1535 2390 ipse
1575 2337 1906 2377 consectandum

305 2389 541 2439 proposuit,
565 2389 639 2428 sed
662 2391 900 2431 oracionem
923 2405 1093 2432 reuoces
1117 2392 1172 2431 ad
1195 2406 1326 2444 genus
1346 2406 1354 2431 :
1394 2393 1461 2431 hic
1484 2392 1674 2431 studium
1697 2391 1906 2431 nefarium

306 2446 591 2490 externorum,
614 2445 859 2484 traductam
880 2446 934 2485 ab
955 2447 1020 2486 his
1041 2447 1371 2498 simplicitatem,
1393 2448 1599 2499 pietatem
1620 2447 1905 2485 maiestatem-

306 2509 389 2547 que
419 2496 687 2546 Germanam,
719 2505 921 2539 vexatam
952 2502 1206 2552 patientiam
1244 2506 1293 2540 tu
1323 2502 1478 2541 heroici
1508 2501 1639 2539 animi
1676 2500 1906 2540 venerabili

305 2551 493 2601 quadam
525 2553 806 2604 amplitudine
837 2559 882 2594 et
911 2556 1124 2607 grauitate
1154 2556 1239 2595 toti
1270 2556 1480 2595 Germano
1511 2555 1673 2594 nomini
1703 2567 1904 2607 exponas.

886 2634 963 2664 229.
990 2626 1222 2669 Empedocles
1240 2627 1318 2659 MS.

352 2699 429 2730 208.
454 2700 608 2740 gentilis]
623 2700 647 2732 J
649 2710 679 2732 0.
698 2701 850 2743 Vergara
864 2713 871 2734 ε
894 2712 950 2734 see
962 2713 996 2744 p.
1016 2710 1067 2742 51.
1184 2711 1203 2732 2
1213 2702 1262 2735 16.
1288 2703 1374 2743 risu]
1387 2702 1436 2734 01.
1448 2701 1607 2745 Ziegler’s
1617 2701 1775 2741 Libellus,
1787 2701 1828 2734 f0.
1840 2701 1877 2734 h⁷
1894 2711 1902 2732 z

305 2741 376 2772 and
394 2742 483 2783 App.
507 2752 555 2783 15.
580 2744 754 2776 Oai-ranza
772 2745 850 2786 (Ep.
873 2754 966 2787 1277.
987 2749 1068 2786 24n)
1141 2745 1148 2758 ‘
1162 2746 1385 2788 tyrannicum
1397 2746 1596 2778 Domiciani
1606 2747 1713 2777 risum
1725 2745 1902 2777 effundere

306 2784 376 2815 had
389 2794 471 2817 seen
483 2786 543 2817 the
555 2787 660 2819 letter
674 2787 721 2829 by
732 2797 775 2829 27
789 2788 872 2821 Dec.
892 2792 971 2829 15232
990 2801 998 2821 ε
1025 2790 1069 2821 cf.
1139 2789 1184 2821 ad
1200 2790 1350 2831 proximi
1365 2789 1615 2821 contumeliam
1631 2789 1650 2821 ’.

306 2827 366 2859 the
382 2829 521 2869 preface
536 2832 575 2860 to
592 2830 644 2861 his
661 2830 881 2871 Opusculum,
901 2841 993 2873 1522.
1185 2841 1264 2872 223.
1289 2833 1471 2875 gentilem]
1490 2833 1673 2865 Carranza.

352 2878 429 2903 212.
456 2871 699 2913 Hebionitam]
711 2874 783 2906 The
794 2875 1072 2908 Ebioniteswere
1186 2884 1263 2915 225.
1289 2876 1548 2916 hicceitatibus]
1565 2876 1614 2908 Cf.
1635 2876 1701 2917 Ep.
1725 2876 1800 2917 867.
1825 2885 1900 2908 12n.

306 2923 353 2946 an
375 2914 473 2956 early
494 2918 568 2947 sect
592 2916 670 2947 who
692 2916 753 2948 did
776 2921 840 2949 not
863 2922 987 2961 accept
1010 2919 1070 2951 the
1185 2927 1263 2960 227.
1315 2920 1531 2959 osteriorem]
1549 2919 1584 2950 of
1605 2928 1698 2959 1519.

306 2957 459 2998 divinity
488 2958 524 2990 of
554 2958 679 2992 Christ.
732 2961 865 3002 Ziegler
893 2972 971 2994 uses
1000 2962 1072 2994 this
1186 2970 1263 3000 229.
1303 2962 1533 3004 Ἴ1111161106165]
1545 2962 1594 2994 Cf.
1610 2962 1694 2994 Hor.
1709 2961 1752 2994 A.
1766 2962 1807 2995 P.
1821 2964 1898 3003 465.

307 3003 395 3032 term
421 3001 457 3032 of
481 3003 626 3033 stunioa
651 3003 686 3034 in
710 3003 762 3035 his
787 3004 946 3044 Libellus,
968 3005 1003 3037 ff.
1031 3006 1072 3044 1⁴,
1186 3013 1262 3044 239.
1288 3006 1484 3045 silencium]
1501 3006 1550 3037 of.
1568 3005 1605 3037 ll.
1628 3015 1682 3042 111,
1698 3016 1772 3048 5—7.

306 3044 348 3083 1⁴,
366 3044 452 3076 also.
1187 3049 1263 3086 248.
1290 3049 1518 3089 Germanam]
1533 3049 1583 3082 Cf.
1602 3048 1626 3082 l.
1647 3052 1743 3091 156n.
