2012 3370
241 100 320 138 210
711 95 967 137 LETTERS
998 95 1070 135 or
1100 94 1364 135 ERASMUS
1713 95 1835 143 [1523

241 213 468 249 contentus
485 221 613 254 eram,
630 212 675 246 et
693 205 883 245 Basileae
902 217 969 243 me
986 217 1072 243 non
1090 204 1217 243 fuisse
1236 205 1423 243 ociosum
1441 217 1506 243 res
1523 205 1615 255 ipsa
1633 203 1836 255 loquitur.

241 264 353 312 Quid
374 265 408 302 si
429 263 507 302 hoc
528 262 749 312 negocium
770 259 873 298 mihi
894 259 1025 310 pluris
1045 258 1206 305 fuisset,
1229 258 1344 310 quod
1365 258 1420 297 ad
1442 258 1655 309 publicam
1676 258 1836 298 vtilita-

158 334 198 366 27
205 333 218 367 5
241 323 329 357 tem
351 317 605 369 pertinebat,
621 328 750 366 quam
767 314 882 365 quod
899 313 1000 351 mihi
1021 314 1223 364 priuatim
1244 312 1506 352 conducibile
1518 312 1668 351 fuisset
1685 315 1700 350 ‘3
1734 326 1836 351 num

240 386 373 411 essem
398 369 766 422 reprehendendus
789 372 803 406 ⁸?
858 368 924 406 Ad
959 380 1146 406 summos
1178 367 1357 406 honores
1382 367 1700 406 vocabar—hoc
1726 368 1837 406 enim

241 440 327 466 non
359 427 453 464 vnis
485 425 540 464 ad
573 437 639 463 me
672 424 802 462 literis
838 426 1023 461 testatus
1062 426 1128 461 est
1167 421 1446 473 Glapion-—et
1479 425 1546 460 tot
1578 422 1838 472 argumentis

241 484 507 532 compertum
535 478 746 518 habebam
783 477 970 516 Caesaris
1005 489 1104 528 erga
1131 489 1198 515 me
1226 477 1429 522 studium,
1457 481 1499 515 et
1531 480 1649 514 metu
1680 475 1839 514 scilicet

241 534 522 574 abstinebam.
573 532 696 581 Quod
720 533 754 570 si
779 531 865 570 tale
891 530 1124 582 perieulum
1155 534 1371 570 ostensum
1398 530 1547 569 fuisset
1567 531 1659 569 istis
1679 530 1839 569 mundo

159 596 224 627 280
241 590 433 635 mortuis,
457 593 505 627 vt
526 587 650 626 alatis
671 586 851 638 pedibus
870 586 1037 624 hiantes
1058 585 1331 624 aduolassent
1353 587 1359 621 l

295 644 386 694 Ego
402 644 437 682 si
453 641 556 693 quid
572 646 664 680 erat
680 641 795 692 quod
811 641 877 679 hic
895 639 1151 686 metuebam,
1169 640 1272 678 nihil
1289 639 1404 678 aliud
1421 643 1513 678 erat
1528 652 1657 690 quam
1674 651 1727 678 ne
1743 651 1840 678 cum

240 697 509 736 Lutherianis
526 695 798 736 conflictandi
814 696 1034 746 negocium
1052 694 1106 733 ab
1124 707 1174 733 eo
1190 694 1293 733 mihi
1310 694 1586 745 delegaretur,
1605 695 1672 733 cui
1689 706 1841 745 negare

239 752 304 792 fas
322 765 407 791 non
425 751 575 790 fuisset
595 764 603 790 :
638 763 724 789 non
742 749 857 801 quod
874 749 1043 788 faueam
1063 748 1261 788 seditioso
1280 750 1465 800 negocio,
1485 749 1558 799 qui
1577 749 1634 787 sic
1653 748 1708 787 ab
1727 749 1842 787 omni

242 806 416 845 dissidio
442 810 622 845 naturae
649 804 836 856 quodam
862 804 1068 842 instinctu
1096 803 1347 842 abhorream
1368 807 1429 850 vt,
1458 804 1491 842 si
1516 803 1619 841 mihi
1642 815 1720 854 pro
1746 802 1841 841 lati-

159 868 220 908 285
242 861 392 900 fundio
420 860 471 899 lis
499 863 610 899 esset
640 858 919 910 suscipienda,
951 859 1076 896 citius
1104 870 1194 896 rem
1224 857 1414 896 deseram
1444 870 1574 908 quam
1603 858 1669 896 ius
1698 869 1841 896 meum

243 928 482 967 persequar.
542 914 644 954 Sum
675 914 787 952 enim
817 925 915 951 vere
945 912 1046 950 vitis
1076 925 1124 950 ac
1155 910 1258 950 ficus
1288 911 1359 950 illa
1389 911 1653 963 apologetica
1683 925 1705 950 e
1734 911 1842 950 libro

242 969 453 1016 Indicum,
482 981 590 1020 quae
619 981 694 1019 per
722 968 976 1018 legationem
1007 965 1206 1004 arborum
1235 970 1391 1004 vocata
1419 965 1475 1004 ad
1502 966 1728 1016 imperium
1757 966 1841 1005 bel-

241 1024 415 1074 lumque
440 1022 683 1074 gerendum,
710 1021 931 1072 respondit
956 1033 999 1059 se
1024 1033 1110 1058 non
1136 1032 1257 1071 posse
1283 1019 1472 1058 deserere
1497 1024 1677 1058 naturae
1703 1021 1841 1058 suaui-

241 1083 378 1118 tatem
401 1090 449 1117 ac
471 1077 629 1116 bellicis
650 1076 788 1115 turbis
809 1074 984 1114 inuolui.
1037 1074 1142 1113 Erat
1163 1073 1243 1113 hoc
1265 1087 1290 1112 a
1312 1075 1489 1125 magnis,
1513 1074 1587 1113 sed
1607 1073 1728 1121 falso,
1752 1087 1842 1125 per-

160 1146 226 1179 290
243 1145 415 1171 suasum
453 1131 632 1178 Caesa-ri,
672 1143 740 1169 me
777 1142 874 1169 cum
911 1129 1058 1180 primis
1095 1128 1193 1167 huic
1230 1129 1474 1179 prouinciae
1511 1128 1717 1180 gerendae
1755 1142 1843 1168 esse

242 1187 456 1232 idoneum,
501 1198 598 1225 cum
641 1197 766 1224 nemo
810 1183 934 1234 deligi
977 1184 1166 1234 potuerit
1210 1184 1345 1234 magis
1387 1183 1562 1222 inutilis.
1635 1183 1843 1222 Videbam

242 1241 431 1292 vndique
451 1240 609 1279 multos
630 1240 842 1278 accinctos
863 1238 918 1276 ad
939 1238 1018 1276 hoc
1039 1238 1261 1289 negocium
1281 1251 1289 1281 ;
1328 1237 1608 1289 agnoscebam
1630 1250 1760 1288 quam
1781 1251 1841 1276 es-

243 1309 330 1334 sem
349 1297 488 1346 impar
506 1298 656 1333 tant-ae
676 1293 932 1345 prouinciae,
951 1292 1081 1331 etiam
1096 1293 1131 1331 si
1146 1291 1319 1331 fuissem
1335 1296 1489 1331 natura
1506 1293 1765 1343 compositus
1788 1292 1843 1330 ad

242 1354 334 1389 tam
363 1349 530 1388 odiosas
559 1361 752 1400 pugnas;
798 1347 998 1386 videbam
1027 1347 1109 1385 alia
1138 1346 1275 1386 multa
1303 1359 1413 1398 quae
1441 1346 1759 1394 dissuadebant,
1791 1346 1843 1385 de

162 1419 224 1452 295
244 1404 398 1456 quibus
419 1404 568 1455 opinor
588 1403 722 1454 magis
742 1401 916 1453 expedit
935 1414 1048 1440 nunc
1069 1400 1243 1440 siluisse.

298 1458 357 1498 Et
378 1462 525 1497 tamen
547 1470 600 1496 ne
623 1457 727 1496 haec
751 1455 923 1507 quidem
946 1460 1038 1494 tam
1062 1455 1199 1494 multa
1222 1455 1525 1494 deterruissent
1548 1468 1616 1494 me
1639 1468 1664 1494 a
1687 1455 1841 1502 reditu,

242 1513 322 1552 nisi
340 1525 408 1551 me
425 1512 638 1551 violentus
655 1511 724 1550 ille
741 1515 951 1562 tyrannus
969 1510 1244 1561 compedibus
1262 1510 1347 1549 suis
1365 1510 1559 1549 vinctum
1577 1510 1842 1549 detinuisset.

245 1566 255 1582 ‘
275 1566 377 1614 Quis
404 1568 486 1606 iste
512 1565 751 1617 tyrannus,'
780 1565 958 1616 inquies
991 1564 1000 1580 ⁶
1019 1577 1152 1615 quum
1181 1564 1352 1603 Eluetia
1378 1569 1585 1615 tyramios
1613 1565 1774 1603 nesciat
1796 1566 1811 1602 ‘3
1833 1564 1842 1580 ’

244 1620 255 1637 ‘
274 1621 464 1660 Phalaris
484 1620 493 1636 '
524 1621 701 1671 inquam
733 1619 743 1635 ‘
760 1619 830 1658 ille
860 1617 1073 1665 calculus3
1121 1619 1240 1657 cuius
1270 1619 1436 1657 vtinam
1467 1618 1570 1657 mihi
1600 1618 1726 1658 liceat
1755 1631 1844 1658 esse

163 1690 229 1722 300
243 1674 557 1727 tyrannicidam
578 1675 586 1713 ἒ
608 1675 617 1690 ’
688 1673 747 1712 Et
788 1673 868 1712 hoc
910 1677 1057 1712 tamen
1099 1677 1347 1724 contempto
1389 1673 1667 1712 Sletstadium
1709 1685 1844 1724 vsque

244 1729 542 1781 profugeram:
589 1728 663 1768 sed
692 1729 750 1767 sic
780 1727 959 1767 affectus
987 1740 1040 1766 ex
1067 1727 1218 1766 itinere
1246 1731 1296 1766 vt
1323 1728 1508 1778 primum
1538 1728 1699 1766 Brisaei
1727 1727 1843 1779 apud

244 1785 476 1823 Hernicum
502 1782 792 1829 Gallinarium,
819 1783 908 1821 eius
931 1782 1012 1821 loci
1036 1782 1282 1832 parochum,
1309 1781 1440 1821 biduo
1463 1781 1731 1821 refocillarim
1755 1794 1842 1821 cor-

243 1838 408 1890 pusculi
441 1837 735 1877 lassitudinem
769 1850 818 1875 ac
853 1836 1005 1875 febrim
1039 1836 1228 1875 lenierim
1248 1849 1256 1883 ;
1308 1836 1459 1875 deinde
1494 1837 1609 1888 apud
1644 1837 1842 1883 Beatum,

243 1894 428 1932 amicum
448 1893 637 1932 omnium
657 1891 1017 1937 candidissimum,
1037 1890 1297 1930 refocillatus
1315 1890 1614 1941 quadriduum,
1636 1904 1758 1942 aegre
1777 1903 1844 1929 me

163 1960 224 1994 305
244 1947 455 1987 Basileam
476 1947 717 1998 receperim,
742 1945 816 1984 sed
837 1945 905 1984 hic
927 1958 1096 1996 quoque
1119 1945 1235 1996 apud
1257 1945 1534 1985 Gallinarium
1555 1945 1814 1984 refocillatus
1834 1959 1843 1984 :

243 2015 392 2041 verum
421 2002 592 2040 interim
623 2000 849 2040 obfirmato
879 2000 1022 2039 animo
1052 2004 1115 2047 vt,
1147 2000 1182 2039 si
1210 2001 1427 2039 rescissem
1457 1999 1653 2039 Carolum
1683 1999 1844 2038 diutius

245 2055 361 2107 apud
379 2068 456 2095 nos
477 2056 740 2101 commorari,
760 2055 885 2093 sartis
905 2054 1066 2093 viribus
1085 2057 1344 2093 retentarem
1363 2055 1456 2093 iter.
1509 2054 1591 2093 Vbi
1611 2067 1685 2105 per
1707 2053 1843 2092 famu-

244 2110 345 2157 lum,
368 2122 496 2161 quem
514 2111 559 2148 in
579 2109 658 2148 hoc
679 2110 991 2160 praemiseram,
1015 2109 1304 2160 cognouissem
1325 2112 1489 2147 certum
1509 2108 1621 2147 diem
1641 2108 1697 2147 ad
1717 2121 1843 2159 quem

245 2165 398 2203 Caesar
417 2164 672 2203 destinasset
691 2162 986 2214 nauigare—is
1005 2167 1098 2201 erat
1116 2163 1217 2201 Maii
1237 2163 1411 2214 primus,
1434 2164 1507 2213 qui
1532 2167 1628 2202 tum
1653 2163 1843 2213 proxime

163 2231 227 2264 310
244 2218 562 2265 imminebat—,
585 2217 780 2256 exclusus
800 2229 825 2255 a
846 2229 919 2267 spe
938 2215 1111 2255 videndi
1131 2216 1332 2264 Caesaris,
1356 2218 1546 2256 continui
1566 2230 1634 2256 me
1654 2217 1844 2256 Basileae

245 2285 409 2312 menses
430 2272 607 2323 aliquot,
629 2271 966 2322 haudquaquam
985 2271 1208 2322 indulgens
1230 2272 1333 2310 ocio.

300 2326 470 2366 Interea
495 2339 628 2378 quum
655 2325 917 2364 eruditorum
943 2325 1163 2364 hominum
1189 2325 1321 2365 literis
1347 2325 1531 2364 Romam
1555 2326 1773 2372 inuitarer,
1801 2329 1845 2364 et

245 2380 526 2432 complurium
550 2383 594 2419 et
617 2393 763 2419 eorum
787 2379 942 2430 quibus
967 2378 1095 2418 fidere
1118 2383 1217 2418 tuto
1243 2379 1567 2430 poteram—sed
1595 2381 1843 2430 praesertim

245 2436 298 2474 R.
319 2435 442 2475 Card.
464 2434 730 2481 sedunensis,
753 2434 826 2485 qui
845 2433 1088 2484 frequenter
1108 2447 1181 2485 per
1200 2434 1315 2480 alios,
1339 2433 1412 2472 sed
1432 2434 1496 2472 bis
1515 2434 1694 2484 propriis
1713 2433 1845 2472 literis

163 2500 224 2534 315
245 2494 440 2529 amanter
466 2502 704 2541 magnoque
731 2488 874 2527 studio
901 2488 1067 2539 scriptis
1094 2488 1173 2527 hoc
1200 2488 1383 2539 agebat:
1425 2489 1471 2526 in
1496 2488 1651 2539 quibus
1677 2492 1845 2540 praeter

247 2557 414 2583 omnem
432 2544 636 2590 fauorem,
655 2547 823 2594 praeter
841 2555 986 2582 omnes
1004 2555 1111 2594 spes,
1131 2542 1183 2581 de
1200 2555 1276 2581 suo
1294 2542 1573 2593 pollicebatur
1590 2542 1845 2594 quingentos

245 2599 426 2638 ducatos
446 2611 597 2645 annue,
619 2601 838 2649 praeterea
858 2597 1063 2635 viaticum
1083 2610 1169 2636 non
1188 2596 1506 2636 sordidum—et
1524 2596 1673 2635 eodem
1691 2609 1842 2647 prouo-

248 2657 363 2692 caret
386 2653 517 2692 literis
539 2651 841 2691 humanissime
865 2651 1031 2702 scriptis
1055 2651 1270 2702 Syluester
1291 2650 1361 2690 ille
1383 2651 1559 2698 Prieras,
1585 2652 1702 2702 coepi
1726 2654 1770 2690 et
1792 2650 1845 2690 de

865 2735 938 2765 282.
965 2731 1173 2764 Lutheranis
1190 2732 1234 2763 N.

288 2812 362 2852 287.
387 2812 566 2853 Indicum]
582 2823 613 2852 9.
633 2814 730 2854 8—13.
1085 2814 1175 2855 Epp.
1209 2823 1292 2854 1054
1319 2813 1462 2851 introd.‚
1488 2822 1584 2853 1347.
1613 2813 1712 2853 256n‚
1740 2813 1843 2851 264n.

289 2864 364 2894 299.
391 2855 561 2897 calculus]
576 2856 639 2889 See
656 2857 721 2897 Ep.
745 2858 839 2897 1267.
862 2866 937 2888 Ion.
1085 2857 1152 2889 For
1169 2857 1389 2894 Gallinarius,
1404 2857 1518 2888 whose
1533 2866 1635 2887 name
1648 2865 1718 2887 was
1737 2855 1843 2892 John,

290 2906 364 2937 300.
387 2899 775 2941 Sletstadium]SeeEp.
790 2899 1009 2941 1273int1r0d.
1083 2910 1138 2932 see
1155 2901 1245 2942 Epp.
1265 2909 1338 2941 303.
1357 2910 1458 2941 207n‚
1476 2901 1550 2940 867.
1573 2908 1623 2937 10,
1644 2908 1736 2940 1307.

289 2950 364 2981 302.
390 2942 595 2982 Henricum]
611 2944 667 2975 An
683 2944 843 2984 example
856 2943 892 2975 of
908 2944 1009 2976 Eras-
1125 2955 1200 2986 314.
1229 2942 1451 2981 Sedunensis]
1468 2942 1528 2974 See
1546 2942 1610 2983 Ep.
1632 2951 1725 2980 1299.
1742 2952 1820 2984 41n.

243 2984 332 3017 mus’
346 2986 553 3028 inaccuracy
569 2988 604 3018 in
618 2987 793 3019 Christian
805 2997 944 3025 names;
963 2987 1004 3020 cf.
1123 2990 1197 3028 318.
1226 2985 1416 3028 Syluester]
1437 2986 1498 3017 See
1519 2985 1582 3027 Ep.
1605 2987 1679 3027 872.
1706 2987 1780 3017 1611.
