2033 3395
122 157 246 207 1271]
548 154 708 195 FROM
735 154 890 194 JOHN
919 154 1087 194 LOUIS
1118 155 1285 195 VIVEs
1662 160 1713 198 39

119 271 339 318 magnates
355 279 499 306 omnes
515 279 678 317 semper
694 279 781 305 esse
797 270 1003 304 tutatum.
1047 266 1171 305 Nune
1188 267 1243 305 ad
1259 267 1513 319 Hispaniam
1531 270 1716 307 cucurrit

118 320 175 359 ad
199 333 360 360 nouum
386 320 664 360 Pontificem:
707 319 758 359 de
785 333 870 371 quo
896 333 1042 359 omnes
1068 321 1232 371 optima
1257 325 1301 360 et
1327 322 1516 361 maxima
1542 327 1716 373 sperant

118 379 249 426 atque
281 375 552 421 ominantur3
601 373 712 412 faxit
745 374 936 413 Christus
967 378 1018 412 vt
1049 375 1083 413 is
1117 380 1283 414 creatus
1315 376 1372 416 sit
1404 376 1449 414 in
1480 376 1714 415 remedium

117 433 337 468 tantorum
361 429 568 468 malorum
594 428 804 467 Ecclesiae
829 441 941 467 suae.
996 427 1119 476 Quod
1142 429 1237 469 istic
1261 435 1462 469 metuunt
1486 430 1566 468 tibi
1590 430 1716 469 amici
1732 432 1773 470 65

117 496 169 522 ne
190 483 321 534 aliqui
340 483 552 534 stringant
571 483 615 521 in
635 486 679 521 te
699 482 800 533 styli
821 483 966 528 aciem,
989 482 1081 529 hoc,
1103 487 1153 521 vt
1174 483 1315 522 Cicero
1337 484 1568 535 respondit,
1591 484 1714 523 bene-

116 537 259 576 ficium
285 542 362 576 est.
418 537 529 584 Quid
554 537 667 576 enim
693 536 874 587 amplius
900 541 944 575 et
972 538 1181 588 copiosius
1207 550 1337 588 quam
1364 538 1542 577 Erasmo
1568 543 1614 578 et
1637 551 1714 590 pro

117 591 293 630 Erasmo
313 591 450 631 dicere
470 594 486 630 ἱ)
536 591 570 630 O
591 603 721 642 quam
739 590 874 629 facilis
893 595 937 630 et
955 603 1085 642 quam
1104 604 1191 630 non
1209 605 1310 631 vera
1329 592 1470 640 modo,
1491 592 1565 632 sed
1583 593 1713 632 etiam

116 645 364 692 verisimilis,
392 649 458 684 est
484 644 670 684 defensio
696 645 991 684 innocentiae!
1035 649 1084 683 tu
1111 658 1241 696 quam
1268 646 1404 685 vitam
1432 647 1713 686 conscientiae

114 703 229 747 tuae,
250 700 437 738 maximo
456 712 595 739 rerum
615 699 805 738 omnium
824 699 938 746 testi,
960 699 1184 750 approbas,
1205 699 1369 739 diffides
1387 704 1431 739 te
1451 700 1543 740 aliis
1562 714 1710 753 appro-
1731 707 1774 740 70

116 754 331 800 baturum,
352 753 418 793 vel
438 754 608 793 inimico
627 753 769 800 iudici,
791 757 841 792 vt
859 753 927 792 ille
947 753 1086 805 Scipio
1103 757 1118 792 *Β

169 808 233 848 De
250 808 458 847 monacho
475 808 593 860 nigro
611 807 732 847 doleo
749 811 794 846 te
810 811 902 846 tam
919 820 1010 846 sero
1027 808 1071 846 in
1088 809 1344 847 sententiam
1363 821 1501 848 meam
1519 809 1683 848 venisse
1704 823 1711 848 :

113 861 219 901 illud
238 863 503 902 verissimum
531 866 609 908 est,
630 861 856 901 vitandum
876 862 1060 901 amicum
1079 863 1154 913 qui
1174 862 1317 902 obesse
1338 867 1494 914 potest,
1515 863 1713 914 prodesse

115 929 201 955 non
226 921 382 968 potest.
443 916 664 956 Stunicam
694 916 842 967 longas
872 916 917 954 in
948 920 992 955 te
1024 929 1172 967 parare
1204 921 1249 956 et
1281 921 1444 957 atroces
1475 918 1713 957 inuectiuas

114 971 306 1009 narrauit
333 971 437 1009 mihi
465 971 662 1022 Vergara,
691 971 973 1021 recitauitque
1000 971 1111 1009 illius
1139 971 1363 1022 epistolam
1384 972 1556 1010 missam
1584 972 1641 1011 ad
1669 985 1712 1012 se
1730 978 1769 1013 73

114 1025 266 1071 Roma,
293 1038 379 1076 qua
401 1025 447 1064 id
470 1038 514 1064 se
536 1024 752 1064 facturum
777 1025 977 1064 minatur.
1031 1025 1226 1076 Epistola
1244 1030 1310 1065 est
1328 1025 1520 1077 Hispane
1538 1026 1709 1077 scripta,

114 1092 200 1129 qua
226 1079 454 1130 respondet
479 1079 612 1118 literis
637 1079 846 1130 Vergarae
873 1079 1065 1125 Latinis;
1108 1093 1209 1118 nam
1235 1080 1280 1118 id
1306 1081 1486 1119 miratur
1512 1080 1710 1132 Vergara‚

113 1133 232 1172 illum
270 1133 434 1185 vulgari
470 1146 661 1173 sermone
697 1133 921 1172 rescribere
959 1133 1125 1172 Latino.
1191 1133 1337 1173 Talem
1374 1134 1598 1186 epistolam
1635 1148 1711 1174 nec

113 1187 274 1227 Thraso
318 1201 394 1227 nec
437 1187 793 1239 Pyrgopolynices
835 1188 1111 1238 scripsissent.
1182 1188 1385 1227 Nondum
1429 1202 1525 1228 cum
1568 1189 1712 1240 aliquo

114 1241 306 1293 Hispano
325 1242 376 1281 de
395 1242 570 1282 Stunica
588 1254 681 1280 sum
699 1241 944 1288 collocutus,
964 1243 1067 1292 quin
1085 1242 1221 1281 odisse
1239 1256 1282 1282 se
1298 1243 1408 1282 illius
1427 1256 1564 1282 mores
1581 1242 1710 1290 dicat,
1729 1245 1774 1275 80

113 1297 413 1347 arrogantiam,
441 1297 704 1342 iactantiam,
735 1295 1088 1343 maledicentiam,
1117 1296 1398 1336 inuidentiam
1425 1310 1554 1348 supra
1580 1310 1710 1348 quam

114 1350 314 1401 explicari
337 1351 472 1401 possit
491 1354 535 1389 et
558 1350 683 1389 credi.
735 1350 912 1400 Scripsit
935 1350 1064 1389 etiam
1089 1351 1465 1390 virulentissimum
1489 1351 1644 1390 librum
1667 1352 1711 1390 in

113 1404 328 1450 Fabrum3
375 1405 410 1443 is
440 1404 544 1443 liber
574 1404 737 1442 animos
767 1403 999 1443 multorum
1028 1405 1227 1451 irritauit,
1260 1405 1546 1456 alienauitque
1577 1405 1632 1444 ab
1662 1419 1711 1445 eo

113 1459 270 1498 amicos
293 1458 527 1510 plerosque.
581 1458 692 1506 Quin
715 1462 759 1497 et
782 1459 904 1497 aiunt
925 1458 1044 1497 illum
1067 1472 1153 1497 non
1176 1471 1298 1510 posse
1320 1460 1413 1510 pati
1436 1459 1601 1510 aliquos
1623 1473 1711 1499 esse

112 1513 223 1552 inter
243 1526 286 1552 se
307 1513 441 1552 amico
458 1513 600 1551 animo
621 1526 629 1559 ;
665 1512 858 1552 laborare
877 1525 1042 1564 semper
1061 1518 1105 1552 et
1126 1514 1262 1552 amiiti
1278 1518 1328 1552 vt
1347 1527 1418 1553 eos
1438 1527 1524 1553 non
1537 1517 1709 1553 tantum
1729 1517 1766 1557 85

112 1566 340 1619 disiungat,
363 1567 436 1607 sed
456 1568 586 1606 etiam
606 1567 864 1607 committat.
916 1567 1010 1606 Hoc
1034 1567 1234 1606 dixerunt
1263 1568 1379 1615 mihi,
1404 1581 1511 1619 quos
1539 1568 1628 1619 ipse
1657 1582 1710 1608 ex

113 1621 466 1661 coniunctissimis
480 1621 775 1661 infestissimos
795 1622 988 1660 inimicos
1008 1621 1264 1661 reddiderat.
1315 1622 1555 1674 Megaeram
1577 1622 1706 1670 dicas,

111 1688 197 1715 non
228 1676 456 1716 hominem.
516 1676 583 1715 Ab
615 1676 858 1715 huiusmodi
890 1676 1077 1715 moribus
1109 1676 1302 1727 praedito
1335 1690 1490 1728 magna
1521 1677 1614 1716 laus
1645 1681 1711 1716 est

112 1730 358 1781 vituperari,
395 1731 462 1770 cui
496 1731 660 1781 placere
694 1743 818 1769 nemo
853 1731 987 1781 possit
1022 1731 1110 1769 sine
1145 1731 1383 1782 suspicione
1417 1731 1707 1771 similitudinis

111 1797 291 1824 morum.
1726 1796 1771 1829 90

164 1838 269 1878 Mihi
288 1839 437 1879 vnicus
456 1839 525 1879 ille
545 1839 775 1879 versiculus
795 1839 914 1878 venit
933 1839 978 1878 in
998 1843 1199 1886 mentem,
1221 1853 1306 1890 quo
1328 1843 1371 1879 te
1391 1840 1597 1887 cohorter,

376 1913 441 1952 Tu
469 1927 522 1953 ne
551 1913 651 1953 cede
680 1913 814 1960 malis,
845 1913 919 1952 sed
948 1917 1096 1952 contra
1125 1913 1350 1953 audentior
1377 1914 1452 1953 ito.

109 1987 270 2026 Forsan
309 1987 433 2038 longe
473 1986 594 2026 aliter
634 1986 829 2033 dicerem,
871 1987 906 2025 si
950 1986 1045 2025 istic
1091 1999 1252 2033 essem;
1314 1986 1388 2026 sed
1432 1992 1578 2027 tamen
1624 2001 1708 2027 non

112 2040 343 2081 suademus
389 2040 506 2091 quod
542 2054 621 2080 nos
666 2041 904 2080 faceremus
953 2041 998 2079 in
1045 2041 1173 2079 simili
1220 2054 1362 2080 rerum
1414 2046 1533 2081 statu
1580 2042 1704 2082 collo-

109 2096 208 2142 cati,
237 2095 311 2135 sed
340 2095 444 2146 quid
471 2095 713 2134 faciendum
742 2099 865 2134 esset.
910 2094 1090 2134 Peracta
1117 2095 1197 2134 tibi
1226 2099 1291 2134 est
1319 2096 1477 2135 maiore
1505 2109 1558 2135 ex
1586 2100 1709 2147 parte
1723 2106 1764 2140 95

109 2150 224 2189 vitae
250 2149 410 2188 fabula.
467 2149 590 2197 Quod
616 2154 820 2201 superest,
848 2149 1016 2200 plausui
1042 2149 1098 2188 da
1124 2153 1279 2196 totum,
1308 2163 1395 2189 non
1419 2152 1707 2201 spectantium

109 2204 236 2243 modo
254 2207 300 2243 et
318 2204 617 2255 praesentium,
638 2203 713 2244 sed
731 2204 899 2250 Christi,
921 2204 988 2243 cui
1007 2207 1075 2243 tot
1092 2203 1257 2243 labores
1277 2208 1378 2243 sunt
1396 2205 1477 2244 tibi
1496 2204 1705 2252 desudati,

109 2258 182 2298 sed
218 2258 498 2298 conscientiae
534 2262 664 2309 tuae;
716 2262 760 2298 et
795 2258 831 2298 si
866 2258 970 2309 quid
1004 2258 1298 2310 spectantibus
1334 2272 1504 2310 quoque
1540 2259 1705 2306 tribuis,

109 2316 374 2364 posterorum
405 2313 548 2364 potius
579 2326 709 2364 quam
741 2313 1041 2364 praesentium.
1102 2312 1170 2351 Illi
1200 2313 1313 2352 enim
1345 2313 1515 2352 sublata
1545 2313 1709 2352 inuidia

107 2368 367 2419 caeterisque
387 2367 610 2406 affectibus
629 2380 783 2418 purum
802 2371 845 2407 te
866 2380 1096 2419 verumque
1117 2367 1342 2406 Erasmum
1362 2367 1705 2414 considerabunt,
1726 2378 1789 2401 100

155 2449 209 2481 74.
236 2441 352 2483 parari
367 2441 471 2474 Lond.
518 2443 570 2474 80.
595 2451 631 2472 se
649 2440 808 2472 alama:
834 2451 896 2473 om.
911 2443 944 2475 β’.
1006 2449 1080 2472 100.
1107 2441 1326 2483 caeterisque
1344 2453 1384 2473 a:
1409 2441 1581 2482 certisque
1598 2440 1703 2473 Loud.

153 2518 208 2550 62.
234 2518 280 2549 ad
304 2518 526 2559 Hispaniam]
538 2517 710 2550 Aleandor
725 2528 796 2550 was
812 2529 867 2549 ac-
980 2529 1032 2561 75.
1059 2518 1228 2557 Vergara]
1244 2517 1306 2549 See
1322 2517 1387 2559 Ep.
1410 2529 1491 2560 1277
1506 2516 1637 2549 introd.

109 2562 342 2603 companying
372 2561 521 2594 Charles’
552 2561 790 2601 ambassador,
820 2561 870 2593 La
1023 2562 1223 2603 epistolam]
1243 2561 1350 2593 dated
1370 2572 1391 2600 9
1411 2561 1492 2593 Jan.
1519 2570 1624 2602 1522:
1649 2570 1704 2592 see

109 2605 255 2643 Chaulx,
279 2608 317 2636 to
343 2604 404 2636 the
428 2615 503 2637 new
528 2605 635 2647 Pope,
660 2605 792 2636 Adrian
817 2614 864 2637 V1.
935 2605 1026 2646 App.
1048 2614 1095 2645 15.
1481 2647 1486 2652 ·

110 2648 163 2680 He
185 2658 257 2680 was
278 2651 316 2680 at
338 2648 463 2687 Calais,
484 2658 524 2689 23
548 2648 645 2686 Feb„
667 2649 809 2689 waiting
831 2651 868 2679 to
982 2649 1035 2679 82.
1063 2649 1098 2680 in
1125 2647 1294 2687 Fabrum]
1322 2647 1565 2679 Arznotalzones
1592 2650 1704 2679 contra

108 2691 252 2723 embark
271 2691 339 2730 (Al.
358 2692 397 2723 E.
418 2692 439 2723 i.
461 2701 514 2732 52,
532 2692 565 2723 ii.
589 2694 689 2731 109);
718 2691 788 2722 had
808 2695 870 2723 not
938 2692 1095 2723 Iacobum
1142 2692 1290 2723 Fabrum
1336 2690 1526 2730 Scapulam,
1571 2691 1702 2728 Alcala,

108 2741 169 2776 got
208 2734 344 2766 further
380 2734 469 2767 than
508 2734 698 2775 Plymouth
740 2734 787 2776 by
826 2744 869 2774 24
936 2735 976 2766 A.
997 2734 1037 2767 G.
1057 2735 1231 2773 Brocario,
1252 2743 1333 2774 151«)
1351 2746 1357 2765 :
1388 2735 1538 2775 opening
1554 2734 1638 2766 with
1656 2745 1701 2766 an

109 2777 269 2819 (March)
292 2778 359 2817 (Al.
380 2778 419 2810 E.
442 2779 475 2809 ii.
501 2780 600 2816 110);
633 2777 702 2808 and
722 2777 869 2810 reached
937 2777 1162 2818 Antapoloqia
1194 2788 1258 2818 qua
1290 2777 1452 2809 aduersus
1484 2778 1597 2810 LRS.
1632 2777 1700 2808 cdi-

108 2821 294 2862 Saragossa
311 2831 356 2853 on
374 2830 416 2860 24
435 2821 532 2861 April
551 2821 618 2860 (Al.
638 2821 677 2852 E.
697 2822 718 2852 i.
741 2823 807 2861 53).
935 2821 1058 2853 tionem
1103 2820 1188 2852 hanc
1230 2820 1395 2859 vulqatam
1430 2821 1700 2862 Apostolicorum

153 2864 208 2896 66.
234 2865 366 2904 Cicero]
384 2863 473 2896 Phil.
494 2874 524 2896 2.
546 2874 576 2896 2.
937 2863 1166 2904 Epistolarum
1180 2875 1244 2905 qua
1258 2863 1408 2896 Ecclesia
1421 2865 1533 2904 vtitztr,
1545 2875 1618 2897 eam
1633 2875 1699 2896 esse

154 2916 208 2948 71.
235 2908 363 2950 Scipio]
379 2907 428 2940 Cf.
447 2907 515 2940 Cic.
533 2907 572 2938 de
589 2906 680 2939 Orac.
697 2917 728 2939 2.
747 2909 786 2939 28
793 2916 821 2948 5.
938 2918 1037 2948 quam
1064 2907 1167 2939 diuus
1194 2907 1420 2947 Hieronymus
1447 2909 1634 2949 recoqnom't
1665 2919 1702 2939 ac.

152 2959 207 2992 72.
232 2951 404 2984 monacho
438 2951 551 2993 nigro]
585 2950 740 2992 Perhaps
774 2949 870 2983 John
940 2950 1035 2983 Grece
1043 2950 1127 2992 fidei
1141 2950 1295 2984 reddidit.
1308 2951 1572 2984 euidentissimis
1583 2951 1701 2992 probat

109 2994 232 3031 Faber,
242 2994 517 3027 theDominican
528 2995 597 3033 (see
606 2994 672 3035 Ep.
689 3003 699 3026 1
710 2996 785 3034 149)
795 3006 802 3026 ε
817 2993 872 3026 for
939 2994 1153 3033 armamentis.

111 3037 221 3069 whom
236 3038 411 3069 Erasmus’
422 3038 722 3069 admirationsoon
737 3037 867 3070 ooolcd.
982 3046 1037 3075 92.
1063 3038 1114 3069 Tu
1131 3038 1189 3078 no]
1205 3037 1302 3079 Verg.
1322 3038 1405 3075 Aen,
1422 3040 1454 3070 6.
1471 3047 1526 3079 95.
