2012 3370
228 140 307 179 600
698 140 952 179 LET'rERs
983 139 1055 179 or
1085 139 1348 178 ERAsiuus
1699 141 1822 189 [1524

225 251 364 289 fuerat
398 250 699 295 excusandum,
738 262 882 288 verum
915 250 1046 288 etiam
1080 255 1170 288 tam
1204 255 1401 289 accurate
1434 251 1593 301 gratias
1625 252 1714 301 agis
1747 264 1823 302 pro

227 305 343 344 breui
388 305 608 355 colloquio,
656 316 733 354 pro
778 303 1111 343 salutatiuncula
1154 304 1307 345 litteris
1351 304 1407 343 ad
1452 304 1820 345 Melanchthonem

166 376 208 397 ιο
225 360 391 409 scriptis
415 358 593 403 adiecta,
620 363 664 397 ct
687 358 795 397 hanc
819 371 895 397 ceu
918 371 1004 398 non
1028 358 1245 410 vulgarem
1269 358 1487 410 quandam
1510 358 1824 399 humanitatem

227 413 366 451 verbis
409 410 642 463 magnificis
680 411 857 457 attollis,
898 424 1081 463 agnosco
1123 424 1264 451 raram
1308 412 1567 464 minimeque
1606 411 1824 464 vulgarem

225 465 538 505 humanitatem
558 467 715 518 ingenii
731 467 796 506 tui
815 480 825 513 ;
855 480 986 519 quam
1007 471 1056 506 vt
1075 468 1119 506 in
1140 471 1183 506 te
1204 467 1477 507 vehementer
1489 480 1599 513 amo,
1621 468 1683 506 ita
1703 467 1825 507 doleo

224 523 268 560 in
288 526 379 559 tam
401 521 547 572 paucis
572 521 751 560 inueniri
780 534 893 560 nunc
918 534 970 560 ex
1000 534 1146 560 eorum
1172 534 1349 561 numero
1370 522 1444 573 qui
1469 521 1687 561 Musarum
1707 534 1827 560 sacra

225 575 383 614 colunt.
431 575 529 614 Non
547 576 659 614 enim
679 579 850 626 oportet
869 575 1038 615 Gratias
1057 588 1082 614 a
1101 575 1232 615 Musis
1250 576 1410 615 abesse.
1457 576 1516 614 At
1534 575 1743 627 quosdam
1762 575 1828 615 his

166 645 183 666 2
189 645 203 676 5
225 629 488 680 temporibus
512 628 654 669 videre
678 634 743 668 est
765 631 839 681 qui
863 642 939 681 pro
963 630 1099 669 tribus
1123 629 1281 670 Gratiis
1304 635 1390 670 tres
1413 629 1562 669 Furias
1585 629 1828 669 addiderint

225 683 356 722 Musis
376 696 383 722 :
425 688 550 722 tanta
573 687 637 722 est
661 696 827 722 morum
853 684 1078 731 barbaries,
1104 688 1230 723 tanta
1253 685 1507 735 scriptorum
1531 683 1826 723 amarulentia.

282 737 424 784 Porro,
465 737 828 789 quemadmodum
866 739 910 777 in
948 739 1027 777 hac
1066 751 1215 777 caussa
1254 739 1356 777 mihi
1395 737 1584 777 declaras
1620 738 1827 799 insignem

227 796 405 830 naturae
438 795 539 830 tuae
573 791 824 839 bonitatem,
858 793 922 831 ita
954 792 1058 831 dum
1089 793 1331 832 litterarum
1364 791 1661 854 euulgatarum
1694 792 1827 844 suspi-

227 846 390 884 cionem
414 845 490 884 abs
513 850 556 884 te
575 845 762 897 depellis,
784 846 944 898 plofers
971 846 1073 885 mihi
1093 851 1305 908 quantum
1324 851 1368 886 et
1386 847 1543 898 ingenii
1561 845 1766 886 felicitate
1785 850 1829 885 et

168 916 209 946 30
226 899 393 939 dicendi
427 899 633 939 facultate
667 900 838 952 polleas.
902 900 1018 940 Nihil
1051 902 1163 940 enim
1197 900 1274 939 abs
1307 905 1351 939 te
1385 901 1731 951 praetermissum
1764 904 1829 939 est

227 953 343 1005 quod
378 954 513 993 bonus
547 958 690 993 orator
724 954 779 993 ad
813 955 943 993 talem
978 968 1172 994 caussam
1206 954 1370 994 adferre
1404 954 1611 994 debuerit.
1675 954 1829 1006 Itaque

227 1009 347 1054 scito,
380 1009 437 1047 mi
468 1008 695 1054 Ioachime,
728 1009 794 1047 hic
824 1013 867 1048 te
906 1009 1008 1048 mihi
1038 1009 1143 1048 nihil
1176 1008 1291 1048 aliud
1329 1009 1583 1060 persuasisse
1622 1021 1753 1060 quam
1786 1012 1829 1047 te

228 1074 421 1101 caussam
442 1063 571 1101 etiam
592 1076 677 1101 non
698 1064 907 1114 optimam
928 1063 1088 1114 optime
1103 1076 1225 1114 posse
1239 1064 1362 1102 tueri.
1411 1063 1523 1102 Nam
1540 1063 1642 1102 mihi
1656 1062 1828 1114 quidem

231 1117 475 1167 priusquam
505 1121 554 1155 tu
585 1116 762 1155 verbum
791 1116 963 1163 faceres,
995 1118 1361 1168 persuasissimum
1391 1122 1483 1156 erat
1512 1117 1579 1156 hic
1608 1116 1713 1156 nihil
1742 1129 1831 1155 esse

169 1186 206 1218 35
229 1172 500 1209 commissum
532 1175 608 1209 tua
639 1171 792 1222 culpa3
839 1184 916 1210 nec
946 1171 1020 1210 illa
1049 1172 1231 1223 suspicio
1263 1170 1412 1223 culpae
1443 1184 1573 1222 quam
1604 1175 1653 1210 tu
1685 1171 1828 1222 depre-

229 1226 347 1271 caris,
384 1226 465 1264 οὐδὲ
496 1226 572 1263 κατ’
598 1227 687 1276 ὄναρ
721 1238 911 1277 vnquam
946 1226 1065 1264 venit
1097 1227 1142 1264 in
1177 1230 1363 1265 mentem
1399 1225 1589 1264 Erasmo.
1654 1225 1711 1264 Et
1744 1226 1830 1264 iam

228 1280 331 1318 satis
366 1279 511 1318 diuino
547 1280 619 1331 qui
655 1280 740 1318 sint
773 1280 833 1319 illi
868 1293 1051 1331 quorum
1085 1280 1263 1319 stultam
1299 1279 1571 1319 sedulitatem
1606 1284 1654 1318 tu
1690 1284 1829 1318 notas.

228 1333 316 1372 Nec
346 1346 461 1372 eram
491 1338 718 1385 questurus
747 1333 826 1373 hac
856 1334 908 1373 de
937 1347 980 1373 re
1010 1334 1126 1386 apud
1155 1334 1541 1380 Melanchthonem,
1571 1334 1653 1373 nisi
1682 1345 1831 1373 caussa

228 1401 338 1439 quae
362 1387 446 1427 illic
472 1388 691 1439 agebatur,
719 1389 901 1440 eguisset
927 1393 970 1428 et
996 1388 1075 1428 hoc
1101 1393 1365 1440 argumento.
1421 1387 1638 1440 Siquidem
1664 1387 1831 1427 edidere

169 1459 212 1488 40
228 1444 314 1481 iam
344 1442 507 1493 pridem
537 1442 762 1494 epistolam
793 1442 968 1482 Lutheri
992 1442 1048 1482 ad
1077 1442 1337 1490 Pelicanum,
1363 1442 1588 1482 ediderunt
1619 1442 1830 1482 Iudicium

228 1496 567 1535 Melanchthonis
589 1510 596 1535 :
635 1510 720 1549 qua
741 1496 793 1536 de
814 1510 858 1535 re
879 1498 1038 1536 nemini
1061 1497 1191 1536 verbo
1213 1510 1307 1536 sum
1329 1502 1518 1548 questus.

285 1550 366 1598 Qui
394 1554 492 1590 tuas
520 1550 719 1597 reddidit,
750 1551 874 1602 plane
902 1564 988 1590 non
1017 1552 1133 1603 eguit
1161 1555 1238 1591 tua
1267 1551 1665 1597 commendatione;
1709 1550 1829 1589 nimi·

228 1618 324 1644 rum
352 1605 456 1656 ipsa,
488 1605 603 1656 quod
632 1606 767 1653 aiunt,
797 1604 937 1644 fronte
966 1618 1066 1657 prae
1096 1619 1139 1645 se
1167 1605 1305 1645 ferens
1332 1606 1549 1657 ingenium
1577 1604 1832 1656 imaginibus

229 1659 418 1710 dignum,
450 1672 498 1698 ac
528 1665 747 1709 praeterea
776 1672 1031 1711 propensam
1059 1660 1279 1712 quandam
1306 1661 1351 1698 in
1380 1673 1447 1698 me
1477 1659 1831 1699 beneuolentiam.

170 1729 208 1760 45
231 1713 445 1751 Nesenum
474 1713 596 1752 nobis
626 1718 898 1765 praereptum
929 1714 1063 1761 doleo,
1095 1714 1169 1753 sed
1197 1713 1362 1765 gaudeo
1391 1719 1434 1753 te
1464 1718 1688 1759 enatasse;
1734 1726 1833 1752 nam

230 1768 351 1806 aiunt
371 1768 414 1806 in
433 1769 649 1806 communi
669 1767 797 1807 fuisse
817 1768 1015 1819 periculo.
1066 1769 1180 1807 Bene
1201 1768 1307 1807 vale.

285 1821 564 1861 Basileae.111
587 1822 650 1860 Id.
675 1822 875 1862 Decemb
898 1822 1251 1862 An.1i1...DXX1111

833 1877 1034 1916 Erasmus
1056 1877 1156 1916 Rot.
1179 1881 1330 1928 suapte
1351 1890 1482 1916 manu
1502 1890 1554 1916 ex
1574 1880 1778 1928 tempore

288 1930 442 1969 Vere01
464 1934 513 1969 vt
535 1930 660 1983 legas.

172 2009 213 2040 50
344 1995 571 2048 Vtriusque
591 1995 859 2035 litteraturae
881 1996 1054 2036 doctiss.
1086 1996 1304 2036 Ioachimo
1325 1995 1579 2036 Camerario.

639 2137 901 2196 151815251529
962 2139 1102 2181 FROM
1133 2139 1268 2181 PAUL
1297 2138 1439 2182 VOLz.

282 2217 430 2262 Leipzig
447 2216 524 2253 MS.
1485 2217 1714 2264 Hugshofeu.

284 2274 358 2309 EE.
379 2285 436 2319 32.
1405 2287 1441 2311 11
1464 2276 1668 2312 December
1688 2284 1788 2321 1524.

601 2355 670 2396 [An
688 2354 834 2397 original
850 2354 965 2392 letter,
983 2354 1181 2397 autograph
1198 2354 1445 2397 throughout.]

290 2431 330 2471 S.
350 2432 396 2471 P.
416 2433 469 2471 D.
527 2433 685 2472 Ternas
710 2434 828 2472 breui
852 2433 908 2472 ad
930 2438 974 2473 te
998 2433 1096 2472 dedi
1119 2433 1296 2480 litteras,
1323 2434 1498 2473 Erasme
1522 2446 1596 2485 per
1621 2434 1835 2474 Christum

236 2485 545 2537 chariss<ime>,
566 2500 641 2538 pro
661 2488 815 2540 quibus
834 2501 940 2527 vnas
959 2492 1132 2527 tantum
1150 2487 1414 2527 exultatione
1433 2492 1477 2527 et
1494 2488 1647 2528 osculis
1665 2488 1836 2540 accoepi

284 2597 380 2628 1524.
405 2605 503 2627 21-2.
529 2596 643 2628 verbis
662 2621 668 2628 .
691 2621 698 2629 .
721 2621 727 2627 .
750 2597 1007 2629 humanitatem
1025 2607 1087 2628 om.
1106 2596 1152 2635 H,
1170 2595 1388 2638 perlapsum.
1502 2607 1554 2629 22.
1580 2607 1688 2638 quam
1706 2608 1769 2629 om.
1787 2596 1832 2629 H.

237 2649 255 2670 2
261 2648 287 2679 3.
315 2639 478 2671 addidere
495 2639 538 2671 H.
643 2650 696 2678 29.
722 2640 855 2681 profers
872 2653 890 2669 α
908 2652 914 2672 :
944 2639 1070 2681 probas
1086 2640 1130 2672 H.
1237 2649 1287 2679 34.
1315 2650 1517 2682 persuasum
1535 2640 1579 2672 H.
1685 2649 1737 2682 35.
1764 2639 1834 2672 cul·

237 2692 301 2723 pae
314 2683 388 2714 add.
406 2683 447 2714 H.
644 2686 694 2723 36.
722 2694 878 2725 vnquam
891 2683 965 2715 add.
981 2683 1024 2715 H.
1227 2684 1263 2716 in
1276 2688 1428 2717 mentem
1440 2684 1516 2716 add.
1532 2684 1576 2716 H.
1763 2685 1834 2716 iam

236 2726 311 2758 add.
332 2727 375 2758 H.
498 2735 550 2766 39.
576 2737 682 2768 quam
697 2726 765 2759 illic
780 2727 927 2769 agebam
942 2727 986 2760 H.
1118 2736 1172 2767 40.
1199 2726 1413 2760 Pellicanum
1428 2727 1472 2760 N.
1607 2737 1660 2769 47.
1687 2726 1772 2759 Idus
1787 2726 1831 2760 N.

238 2771 357 2810 48—50.
384 2769 550 2802 Erasmus
565 2795 572 2802 .
618 2795 625 2802 .
645 2771 840 2803 Camerario
855 2782 918 2803 om.
936 2770 981 2802 H.

287 2902 379 2932 1524.
410 2911 459 2940 19.
483 2901 772 2942 salutatiuncula]
822 2903 885 2935 See
935 2902 1000 2944 Ep.
1072 2902 1149 2945 (Ep.
1173 2903 1267 2942 1466.
1287 2905 1380 2942 26n).

243 2945 336 2983 1496.
356 2954 496 2984 202-13.
1158 2944 1347 2984 Iudicium]
1385 2946 1448 2979 See
1487 2946 1577 2989 Epp.
1616 2947 1712 2987 1348.
1746 2954 1825 2987 3511,

281 2996 336 3021 40.
361 2988 561 3028 epistolam]
589 2989 672 3021 LE2.
703 2998 779 3030 710,
809 2989 846 3022 of
877 2999 889 3022 1
924 2989 1003 3022 Oct.
1074 2991 1169 3029 1496.
1188 2992 1264 3022 26n.

242 3038 324 3070 1523
343 3041 350 3067 ;
385 3032 523 3070 printed
544 3032 628 3064 with
651 3032 807 3064 Alberus‘
831 3032 1004 3065 Iudicium
1120 3034 1213 3064 1525.
1245 3042 1271 3064 1.
1298 3032 1442 3072 Ternas]
1458 3033 1557 3065 None
1573 3043 1632 3065 are
1646 3035 1783 3065 extant.
