2012 3370
259 143 337 179 546
732 143 984 181 LETTERs
1016 143 1088 182 or
1119 143 1381 183 ERAsmus
1736 147 1859 195 [1524

258 252 390 290 aciem
417 251 590 302 pulchre
616 252 870 290 instructam
897 251 1100 289 aduersus
1127 251 1398 302 tyrannidem
1425 251 1723 292 Pharisaioam.
1779 253 1861 293 Sed

256 306 300 344 in
323 305 386 343 his
409 304 620 355 quaedam
643 309 744 343 sunt
766 318 888 355 quae,
914 310 961 343 vt
983 307 1163 356 ingenue
1185 305 1335 353 fatear,
1359 319 1445 345 non
1467 319 1667 357 assequor
1688 321 1696 353 ;
1734 320 1859 358 quae—

195 380 238 410 40
257 359 356 397 dam
383 360 471 398 eius
497 360 659 410 generis
687 363 748 405 vt,
777 360 943 397 etiamsi
970 364 1116 398 tutum
1142 365 1265 406 esset,
1293 360 1448 399 nollem
1475 359 1663 411 profiteri
1689 366 1862 412 propter

257 413 559 452 conscientiam
580 427 588 459 ;
625 413 836 464 quaedam
856 414 1062 453 eiusmodi
1081 418 1131 453 vt
1149 416 1237 455 sine
1256 414 1399 454 fructu
1419 415 1566 454 videar
1584 415 1860 467 professurus.

257 467 315 506 Et
335 472 481 506 tamen
501 468 573 506 isti
593 466 833 507 fremebant
855 469 897 506 in
919 481 985 506 me
1007 469 1122 519 quod
1143 482 1228 508 non
1249 468 1469 520 profiterer
1489 483 1539 508 ea
1559 482 1669 521 quae
1689 469 1754 508 vel
1777 482 1863 508 non

257 521 547 572 intelligebam
586 521 653 560 vel
692 535 779 561 non
815 522 1081 572 probabam3
1130 523 1258 575 idque
1291 528 1441 562 contra
1474 537 1613 562 meam
1651 525 1862 563 conscien-

258 576 377 622 tiam,
394 588 560 614 summo
575 577 728 627 capitis
741 578 823 615 mei
837 577 1036 627 periculo,
1056 590 1132 616 nec
1152 579 1233 617 mei
1253 578 1389 617 solum
1408 579 1688 617 verumetiam
1709 579 1862 617 amico-

194 649 235 682 45
257 642 364 676 rum,
388 629 543 680 quibus
564 631 699 681 magis
720 635 865 670 metuo
887 644 1017 682 quam
1038 631 1154 671 mihi.

311 683 449 730 Dices,
483 697 593 735 quur
625 685 754 736 igitur
786 698 871 724 non
904 687 1052 725 statim
1084 687 1368 737 impugnabas
1400 699 1510 738 quae
1541 686 1862 738 displicebant?

257 737 366 785 Quia
389 737 589 777 fauebam
612 740 786 791 negocio
809 740 1079 779 renouandae
1102 740 1313 780 libertatis
1337 740 1632 792 Euangelicae,
1657 745 1702 780 et
1724 753 1862 792 spera-

257 792 357 832 bam
412 792 647 832 Lutherum
702 794 971 833 admonitum
1026 795 1381 834 moderatioribus
1435 795 1619 834 consiliis
1672 807 1862 835 vsurum.

256 845 411 897 Itaque
439 847 642 886 clamores
669 848 977 900 theologorum,
1007 849 1149 900 quoad
1177 851 1312 900 potui,
1342 851 1594 901 compescui,
1624 850 1863 901 principum

196 920 238 953 50
256 902 481 940 saeuitiam
506 901 676 941 cohibui
697 915 705 949 ;
747 903 862 953 quod
887 907 931 942 ct
955 904 1081 942 hodie
1105 903 1228 943 facio.
1282 903 1464 943 Causam
1489 904 1699 943 bonarum
1722 903 1862 943 litera-

255 968 350 993 rum
375 957 537 995 semoui
561 969 586 994 a
610 970 737 996 causa
762 956 951 996 Lutheri.
1005 957 1244 1008 Captabam
1269 959 1532 998 occasionem
1557 964 1607 997 vt
1631 957 1864 1009 Euangelio

256 1010 345 1049 sine
366 1010 557 1049 tumultu
579 1011 880 1053 consuleretur.
904 1017 978 1050 aut
1002 1016 1114 1051 certe
1135 1013 1224 1051 sine
1245 1014 1363 1063 graui
1385 1013 1589 1053 tumultu.
1639 1013 1704 1052 Ne
1725 1012 1864 1051 adhuc

257 1063 429 1114 quidem
475 1065 604 1103 vllam
649 1067 946 1115 praetermitto
991 1067 1268 1113 occasionem,
1315 1067 1500 1106 scribens
1544 1067 1599 1106 ad
1643 1067 1863 1106 Caesarem

256 1118 445 1169 aliosque
471 1120 694 1169 principes.
723 1119 998 1159 Ga1na.1ielem
1024 1121 1239 1171 quendam
1266 1134 1407 1172 agens,
1436 1126 1675 1172 optansque
1700 1121 1862 1160 felicem

199 1192 234 1224 55
257 1172 441 1223 aliquem
481 1172 652 1212 fabulae
692 1175 869 1213 exitum.
939 1174 1137 1214 Pontifici
1176 1174 1364 1214 Adriano
1404 1175 1575 1215 liberius
1616 1177 1863 1227 scripseram

256 1239 382 1277 super
420 1227 499 1265 1100
537 1229 724 1279 negocio.
793 1228 949 1268 Postea
987 1242 1198 1268 senseram
1238 1242 1305 1268 me
1344 1230 1585 1281 periclitari,
1625 1243 1712 1269 non
1749 1232 1864 1283 quod

255 1282 482 1331 impeteret
503 1283 606 1332 ipse,
631 1282 704 1321 sed
727 1283 843 1334 quod
865 1283 1069 1323 aduersus
1090 1285 1346 1335 impetentes
1369 1284 1580 1324 desineret
1602 1285 1725 1324 tueri.
1777 1284 1864 1323 Nec

255 1336 360 1375 satis
385 1339 531 1375 tutum
556 1340 648 1375 erat
672 1337 745 1384 illi,
773 1339 970 1388 quamuis
994 1338 1245 1385 blandienti,
1272 1339 1413 1378 fidere.
1470 1338 1626 1389 Scripsi
1650 1343 1796 1378 tamen
1822 1343 1865 1377 et

255 1390 463 1430 Clementi
497 1391 600 1429 satis
633 1391 775 1438 libere,
811 1393 958 1443 scripsi
990 1392 1114 1431 Card.
1150 1392 1390 1444 Campegio.
1454 1393 1605 1433 Nescio
1639 1393 1776 1444 qualis
1810 1394 1865 1432 sit

195 1458 238 1487 60
256 1447 400 1483 vestra
432 1444 634 1491 ecclesia;
684 1450 796 1485 certe
828 1446 932 1485 haec
964 1447 1071 1486 tales
1103 1447 1235 1487 habet
1266 1452 1316 1486 vt
1348 1460 1494 1487 verear
1525 1461 1578 1487 ne
1610 1447 1862 1487 subuertant

256 1499 412 1544 omnia,
442 1503 487 1538 et
512 1498 596 1538 huc
623 1499 800 1551 adigant
827 1502 1050 1552 principeS,
1080 1506 1129 1540 vt
1157 1503 1200 1540 vi
1228 1502 1480 1541 coherceant
1507 1502 1633 1541 simul
1659 1506 1703 1541 et
1730 1501 1864 1540 bonos

256 1556 300 1591 et
320 1552 466 1591 malos.
523 1553 699 1592 Habent
720 1567 884 1605 semper
907 1556 951 1594 in
978 1568 1047 1594 ore
1073 1556 1366 1607 Euangelium,
1395 1555 1573 1595 verbum
1601 1556 1693 1602 Dei,
1721 1555 1862 1603 fidem,

256 1605 471 1646 Christum
494 1611 538 1646 et
560 1607 766 1658 Spiritum
787 1623 794 1654 ;
834 1610 868 1647 si
892 1622 1027 1649 mores
1050 1614 1226 1660 spectes,
1250 1610 1311 1649 illi
1332 1610 1455 1662 longe
1477 1610 1589 1649 aliud
1614 1611 1861 1662 loquuntur.

257 1660 323 1700 An
354 1660 449 1699 ideo
481 1660 730 1712 depellimus
762 1663 969 1709 dominos,
1004 1663 1226 1715 pontifices
1257 1669 1301 1703 et
1332 1666 1563 1716 episcopos,
1597 1669 1647 1703 vt
1678 1664 1864 1703 feramus

196 1714 233 1751 (³5
255 1715 504 1754 immitiores
538 1720 758 1766 tyrannos,
796 1718 1008 1756 scabiosos
1044 1718 1280 1758 Othillones
1314 1723 1357 1757 et
1392 1719 1601 1758 Phallicos
1635 1719 1862 1758 rabiosos?

256 1768 368 1808 Nam
388 1768 501 1808 hunc
520 1782 656 1821 nuper
674 1770 798 1810 nobis
818 1772 934 1811 misit
954 1771 1103 1811 Gallia.

312 1822 449 1870 Dices,
478 1824 580 1872 olim
606 1824 887 1877 Euangelium
921 1826 1110 1866 habebat
1140 1839 1237 1866 suos
1263 1827 1656 1879 pseudoapostolos,
1685 1828 1758 1879 qui
1785 1827 1863 1866 sub

256 1878 430 1927 pietatis
448 1877 576 1917 titulo
594 1880 817 1930 negocium
836 1880 1022 1931 agebant
1040 1882 1214 1920 ventris.
1262 1880 1420 1920 Verum
1438 1881 1515 1921 hos
1532 1883 1703 1921 interim
1721 1886 1864 1922 tenere

256 1930 406 1971 fouent
435 1932 478 1971 hi
508 1945 700 1983 proceres
731 1933 965 1986 Euangelii,
997 1935 1162 1987 Capito,
1195 1936 1313 1975 cuius
1343 1935 1538 1975 vafricies
1568 1936 1670 1976 mihi
1700 1949 1864 1987 semper

196 1993 238 2024 70
257 1985 422 2025 oboluit
442 2000 450 2033 3
511 1986 663 2034 Hedio,
709 1989 782 2040 qui
826 2002 1014 2028 scurram
1056 1991 1272 2041 impurum
1315 2004 1367 2030 ex
1411 1991 1630 2031 occasione
1672 2003 1863 2030 mearum

258 2039 480 2080 literarum
501 2054 575 2092 per
598 2055 705 2093 quas
730 2042 915 2083 debebat·
938 2044 1039 2083 dare
1058 2057 1230 2096 poenas,
1253 2044 1511 2092 subleuauit,
1531 2045 1862 2084 misericordiam

258 2094 489 2145 appellans,
515 2096 631 2146 quod
653 2096 831 2136 haberet
853 2111 1028 2137 vxorem
1051 2103 1095 2137 et
1117 2103 1285 2138 teneros
1307 2098 1473 2138 liberos.
1526 2099 1613 2139 Nec
1637 2099 1753 2138 aliud
1776 2100 1865 2151 agit

257 2149 388 2187 etiam
410 2162 523 2188 nunc
546 2163 676 2201 qua-m
699 2164 751 2190 ne
775 2152 878 2203 quid
901 2152 1147 2192 detrimenti
1170 2154 1313 2204 capiat
1335 2166 1401 2192 res
1423 2157 1465 2193 et
1488 2153 1605 2193 fama
1626 2153 1861 2193 nebulonis.

260 2201 612 2254 Oecolampadius
639 2207 815 2244 caeteris
842 2206 970 2256 paulo
996 2207 1228 2246 modestior
1254 2212 1317 2246 est
1339 2221 1346 2254 ;
1389 2212 1433 2247 et
1458 2212 1605 2247 tamen
1631 2213 1696 2247 est
1721 2208 1795 2247 vbi
1820 2209 1864 2246 in

196 2263 234 2294 75
257 2257 328 2295 illo
351 2270 521 2308 quoque
544 2257 777 2299 desiderem
802 2259 1103 2312 Euangelicam
1127 2263 1443 2313 synceritatem.
1495 2261 1711 2313 Zuinglius
1734 2275 1861 2314 quam

308 2444 358 2475 50.
385 2433 550 2475 Causam]
566 2434 616 2467 Cf.
634 2435 699 2477 Ep.
721 2445 814 2477 1155.
837 2438 911 2468 1811.
1096 2447 1188 2479 1510.
1207 2448 1239 2478 9.

308 2487 358 2518 53.
385 2477 430 2509 ad
441 2477 638 2518 Caesarem]
649 2479 712 2512 See
726 2479 791 2521 Ep.
814 2482 906 2520 1526.
930 2483 1027 2520 14611.
1138 2484 1188 2523 65.
1218 2482 1428 2521 Othillones]
1452 2483 1638 2521 Brunfels;
1662 2494 1718 2515 see
1735 2494 1767 2525 p.
1787 2487 1861 2524 367.

260 2521 657 2605 alszsshpginlciggskSee
680 2523 768 2564 Epp.
796 2532 893 2563 1400,
923 2533 1029 2564 1430;
1184 2525 1371 2604 Il'hglliqos]
1403 2526 1525 2559 Farel:
1558 2537 1614 2559 see
1641 2526 1731 2569 Epp.
1766 2536 1859 2568 1407.

434 2590 440 2595 .
550 2591 557 2601 ‚
647 2576 672 2601 5.
1119 2580 1172 2605 211,
1281 2595 1287 2600 .
1333 2580 1359 2604 =..

308 2616 357 2648 55.
382 2575 553 2648 1111111110]
568 2575 631 2642 8ἒο
645 2603 710 2649 Ep.
732 2619 825 2652 1352.
1094 2579 1114 2608 9
1139 2613 1192 2651 60.
1211 2579 1359 2654 40131110]
1393 2613 1443 2645 Cf.
1482 2613 1546 2655 Ep.
1587 2615 1682 2655 1485,
1720 2614 1789 2646 and
1825 2614 1860 2646 11.

308 2661 357 2691 57.
385 2651 558 2684 desineret
586 2653 692 2692 tueri]
722 2653 765 2685 In
794 2664 1032 2696 consequence
1098 2657 1159 2687 108
1175 2667 1246 2694 seq,
1265 2656 1371 2697 infra.

260 2694 296 2725 of
317 2695 492 2727 Erasmus’
514 2697 793 2738 unsatisfactory
810 2708 974 2738 response
994 2702 1032 2730 to
1140 2709 1191 2741 70.
1220 2699 1348 2740 Hedio]
1365 2701 1427 2733 See
1444 2700 1534 2742 Epp.
1556 2711 1650 2742 1429,
1672 2711 1765 2743 1459.
1788 2711 1858 2734 1-2.

261 2737 320 2769 the
352 2739 553 2780 suggestion
586 2740 668 2772 that
700 2740 741 2772 he
774 2741 900 2773 should
933 2743 1032 2774 write
1100 2753 1192 2784 1477.

260 2781 399 2821 against
425 2781 581 2820 Luther;
621 2793 676 2815 see
704 2783 794 2825 Epp.
827 2786 921 2825 1384.
950 2794 1029 2826 2511,
1182 2787 1352 2826 scurram]
1399 2787 1471 2819 The
1518 2788 1662 2829 printer,
1711 2788 1860 2822 Schott:

264 2825 360 2863 1408.
380 2828 497 2866 16-17,
519 2827 613 2865 1416.
632 2837 729 2868 24—7.
1094 2840 1148 2862 see
1164 2830 1371 2871 Epp.·1429.
1390 2841 1446 2872 7n.
1466 2840 1561 2871 1459.
1579 2840 1632 2873 37.

309 2877 358 2907 59.
385 2867 571 2908 Clementi]
587 2869 650 2902 See
667 2870 732 2911 Ep.
756 2873 849 2911 1418.
1138 2883 1188 2914 74.
1218 2873 1524 2915 Oecolampadius]
1549 2874 1618 2907 For
1642 2875 1702 2907 the
1729 2875 1860 2917 change

350 2909 553 2954 Campegio]
583 2913 647 2946 See
678 2914 768 2956 Epp.
805 2923 900 2955 1410,
934 2925 1029 2956 1415,
1093 2916 1176 2948 that
1202 2927 1272 2949 was
1300 2928 1378 2949 now
1407 2919 1543 2961 coming
1572 2929 1655 2951 over
1682 2918 1858 2950 Erasmus'

267 2961 359 2992 1422.
1093 2960 1259 2992 relations
1274 2960 1359 2992 with
1377 2960 1448 2993 him
1464 2972 1520 2994 see
1542 2961 1632 3003 Epp.
1661 2971 1754 3003 1510.
1782 2971 1858 3001 14n.

306 2996 361 3027 60.
389 2998 548 3037 ecclesia]
563 2999 613 3032 Cf.
632 3001 697 3041 Ep.
720 3011 814 3042 1459.
831 3003 909 3033 6111.
1097 3012 1191 3044 1519.
1211 3006 1334 3045 69-71,
1356 3014 1448 3046 1522.
1469 3006 1569 3045 84-6,
1597 3014 1689 3046 1523.
1717 3014 1857 3044 104-10,

307 3041 359 3070 62.
388 3039 633 3083 Euangelium]
649 3043 699 3075 Cf.
724 3045 814 3086 Epp.
841 3047 933 3085 1483.
952 3049 1028 3086 6—7.
1097 3049 1189 3086 1526.
1212 3056 1332 3087 231-2.
1357 3049 1449 3089 1538.
