2012 3370
166 147 285 194 1347]
619 144 692 183 To
722 143 977 185 JoDooUs
1007 143 1299 184 GAVERIUS
1671 146 1751 185 249

162 251 304 298 Porro,
329 253 444 303 quod
466 253 521 292 ad
543 254 731 292 animum
754 255 923 300 attinet,
948 267 1034 292 non
1056 254 1190 292 solum
1214 254 1271 292 sic
1295 254 1446 304 cogito,
1471 253 1615 291 mitius
1638 253 1757 292 reddi

162 306 321 345 malum
344 308 378 346 si
401 309 495 359 quis
516 307 626 346 ferat
648 321 783 358 aequo
808 309 948 346 animo
971 308 1086 359 quod
1110 308 1236 346 vitari
1259 308 1408 359 nequit
1427 320 1434 352 3
1476 307 1755 345 verumetiam
1776 322 1842 353 340

159 360 237 399 1100
262 360 540 413 Euangelicae
564 361 696 400 debeo
721 362 1023 413 philosophiae,
1050 362 1165 412 quod
1190 361 1484 413 corpusculum
1509 361 1587 400 1100
1611 365 1754 399 totum

157 415 285 454 semel
303 415 445 455 dedidi
463 416 641 462 Christo,
660 429 746 454 non
765 416 886 455 aliter
903 430 1033 467 quam
1052 421 1248 467 aegrotus
1266 430 1314 454 ac
1333 416 1384 454 de
1403 416 1495 454 Vita
1512 415 1755 466 periclitans

157 481 200 506 se
219 469 353 508 credit
370 469 531 509 medico
550 471 737 520 vngenti,
758 470 982 521 proluenti,
1002 471 1175 516 secanti,
1196 471 1335 508 vrenti
1355 483 1363 516 ;
1397 482 1621 521 persuasus
1639 469 1755 520 quod

157 523 478 575 quibuscunque
500 524 636 562 modis
657 524 724 563 ille
746 525 998 563 tractauerit
1020 525 1098 563 hoc
1121 524 1286 562 animae
1309 524 1581 570 domicilium,
1605 523 1754 562 salutis

157 589 274 615 meae
306 591 433 617 causa
462 578 653 617 facturus
684 579 752 617 sit.
812 578 928 617 Nihil
959 578 1018 616 illi
1049 578 1300 629 praescribo,
1334 582 1506 616 tantum
1538 582 1678 617 seruet
1709 582 1754 617 et
1772 592 1832 624 345

154 630 286 670 faciat
301 632 417 683 quod
433 632 548 671 velit.
594 633 686 672 Scio
702 632 821 671 illum
837 632 942 675 nihil
958 632 1064 671 velle
1080 633 1160 670 nisi
1176 631 1292 682 quod
1307 632 1429 670 nobis
1446 636 1511 670 est
1527 632 1751 683 optimum.

209 686 430 725 Caeterum
455 687 508 725 ab
533 687 596 725 his
620 687 805 733 remoris,
831 700 940 737 quae
964 700 1050 724 non
1072 687 1298 736 patiuntur
1321 686 1425 724 alios
1449 699 1584 736 aequo
1609 687 1751 725 animo

153 741 451 790 superstitibus
482 741 618 779 dicere
651 740 660 756 ⁴
679 741 827 780 Valete
859 745 902 779 et
933 740 1123 791 plaudite
1144 739 1167 786 ²,
1199 741 1285 778 iam
1316 740 1623 790 propemodum
1656 754 1749 779 sum

152 792 269 832 liber.
315 794 372 833 Et
385 795 550 834 iuuenis
566 795 707 834 cibum
723 809 772 834 ac
786 799 939 846 potum
955 807 1120 845 semper
1134 795 1196 833 ita
1212 795 1372 845 sumpsi
1389 798 1438 832 vt
1452 794 1747 844 pharmacum;

151 851 194 885 ct
213 861 513 899 saepenumero
532 849 669 888 doluit
687 862 773 888 non
790 849 912 888 licere
932 850 1019 887 sine
1040 849 1132 887 cibo
1152 853 1342 899 potuque
1361 852 1566 899 perpetuo
1586 848 1748 899 degere.
1768 863 1786 894 3
1792 862 1834 895 50

152 901 302 941 Veneri
320 916 539 954 nunquam
561 905 765 942 seruitum
786 908 850 943 est
870 917 877 942 :
914 917 966 942 ne
987 903 1160 942 vacauit
1179 902 1351 953 quidem
1370 903 1415 941 in
1434 903 1568 941 tantis
1588 902 1747 941 studio-

150 968 243 994 rum
264 956 491 996 laboribus.
543 958 600 996 Et
622 959 656 997 si
677 958 780 1009 quid
801 958 884 996 fuit
905 958 1029 996 huius
1050 957 1165 1003 mali,
1187 958 1272 995 iam
1294 957 1394 995 olim
1416 956 1470 994 ab
1493 970 1541 995 eo
1561 959 1747 1007 tyranno

150 1022 215 1049 me
247 1011 483 1051 vindicauit
514 1016 645 1059 aetas,
679 1026 788 1063 quae
821 1013 924 1050 mihi
956 1012 1034 1050 hoc
1066 1012 1236 1050 nomine
1268 1011 1508 1062 gratissima
1540 1016 1616 1050 est.
1678 1011 1745 1049 Ab

148 1064 380 1104 ambitione
395 1079 559 1117 semper
574 1067 787 1112 abhorrui,
804 1067 923 1105 cuius
938 1067 997 1105 rei
1012 1079 1123 1104 nunc
1140 1079 1206 1104 me
1222 1066 1507 1116 suppoenitet.
1557 1065 1744 1104 Tantum

148 1118 316 1158 honoris
337 1120 627 1171 accipiendum
648 1125 752 1167 erat,
774 1125 984 1172 quantum
1005 1124 1073 1159 sat
1092 1124 1184 1159 erat
1204 1119 1259 1158 ad
1278 1119 1582 1158 vindicandum
1604 1133 1629 1157 a
1648 1133 1743 1158 con⁷
1764 1133 1824 1166 355

147 1176 328 1224 temptu.
400 1174 483 1214 Sed
513 1188 589 1214 nec
621 1180 714 1214 tum
746 1179 940 1226 poteram
970 1175 1192 1225 imaginari
1226 1174 1332 1213 tales
1366 1187 1453 1212 esse
1486 1173 1631 1212 beluas
1663 1174 1742 1212 sub

147 1226 334 1266 humana
362 1229 498 1279 specie
527 1229 672 1280 quales
701 1230 920 1280 experior:
965 1233 1010 1268 et
1036 1242 1148 1267 nunc
1178 1228 1338 1266 ambire
1367 1241 1505 1267 serum
1535 1232 1599 1267 est
1628 1228 1744 1278 quod

145 1279 260 1320 obire
282 1295 368 1320 non
390 1284 560 1333 possim.
612 1284 813 1323 Senectus
837 1283 943 1322 solet
966 1283 1021 1322 ad
1042 1296 1130 1321 rem
1154 1287 1344 1321 attentos
1366 1282 1552 1321 reddere.
1604 1282 1743 1320 Huius

146 1335 281 1374 morbi
307 1349 359 1375 ne
386 1337 603 1376 tantulum
631 1338 803 1388 quidem
831 1337 969 1376 adhuc
997 1338 1144 1388 attigit
1170 1338 1359 1375 animum
1388 1349 1542 1374 meum.
1599 1336 1741 1387 Atque

144 1390 309 1428 vtinam
333 1391 391 1429 sic
415 1391 541 1430 liceat
565 1392 773 1430 moderari
797 1396 1007 1442 sumptus,
1033 1395 1083 1430 vt
1107 1391 1303 1429 morienti
1327 1404 1403 1429 1100
1428 1390 1645 1440 proprium
1671 1403 1741 1429 aes
1761 1398 1827 1435 360

142 1455 218 1482 1100
240 1443 423 1483 alienum
445 1446 639 1497 supersit,
662 1450 960 1497 praeterquam
981 1444 1098 1496 quod
1118 1445 1215 1484 111110
1236 1444 1478 1495 vbicunque
1499 1444 1741 1495 reponendo

141 1498 388 1548 corpusculo
411 1500 467 1539 sit
489 1501 593 1538 satis
613 1500 633 1540 1,
672 1500 802 1539 Porro
825 1499 964 1539 famae
987 1500 1196 1538 sarcinam
1219 1499 1385 1537 vtinam
1407 1499 1534 1537 liceat
1556 1502 1599 1537 et
1622 1503 1740 1537 ante-

140 1564 270 1601 quam
301 1566 451 1604 corpus
481 1554 718 1606 deponere!
777 1554 963 1593 Tantum
994 1554 1116 1593 abest
1145 1558 1195 1592 Vt
1224 1566 1291 1592 me
1321 1553 1475 1604 gloriae
1505 1553 1736 1604 poeniteat,

136 1606 171 1644 si
193 1606 297 1657 quid
320 1611 465 1647 tamen
488 1609 660 1648 omnino
684 1613 749 1648 est
771 1608 915 1660 gloria.
967 1608 1083 1647 Nulli
1107 1612 1207 1646 sunt
1231 1607 1408 1646 affectus
1432 1608 1603 1658 priuati,
1628 1612 1735 1658 puta

135 1659 375 1708 liberorum,
404 1668 628 1713 parentum
656 1667 732 1702 aut
758 1667 1048 1714 cognatorum,
1077 1663 1151 1713 qui
1177 1675 1243 1701 me
1269 1666 1533 1700 remorentur
1558 1662 1601 1699 in
1627 1662 1732 1700 vita.
1757 1668 1816 1708 365

137 1714 293 1754 Omnes
315 1729 410 1755 amo
432 1731 485 1756 ex
507 1730 656 1768 aequo,
680 1718 753 1768 qui
775 1717 989 1756 Christum
1011 1716 1205 1767 diligunt.

189 1769 392 1809 Nonnihil
416 1771 519 1810 mihi
542 1771 793 1811 luctandum
817 1771 901 1810 fuit
925 1784 1021 1810 cum
1051 1771 1192 1809 animo
1222 1783 1329 1816 meo,
1356 1774 1405 1808 vt
1433 1783 1532 1820 erga
1560 1783 1630 1808 eos
1659 1770 1733 1821 qui

134 1823 312 1863 scientes
342 1829 386 1864 et
411 1825 602 1865 volentes
631 1826 846 1865 destinata
875 1826 1042 1864 malicia
1071 1825 1175 1863 nihil
1205 1825 1465 1870 commerito,
1491 1825 1575 1862 imo
1607 1824 1729 1863 bene-

136 1878 298 1925 merito,
342 1879 572 1927 oblatrant,
617 1881 874 1926 obtrectant,
918 1884 1048 1930 atque
1090 1880 1219 1917 etiam
1262 1879 1440 1917 exitium
1482 1878 1744 1927 moliuntur„

134 1937 318 1971 sumeret
340 1933 541 1973 affectum
564 1948 667 1985 pure
690 1935 988 1974 Christianum.
1040 1933 1371 1984 Impetrauimus
1393 1937 1437 1971 et
1458 1933 1550 1979 hoc,
1575 1937 1621 1970 vt
1646 1945 1730 1970 11011
1752 1947 1816 1978 370

133 1985 268 2025 solum
296 2000 382 2026 non
410 1989 642 2039 cogitemus
669 1989 720 2028 de
748 1987 952 2034 vindicta,
982 1987 1055 2026 sed
1082 2001 1134 2026 ne
1162 1987 1271 2026 male
1298 1987 1470 2038 quidem
1498 1999 1729 2037 precemur.

134 2039 335 2080 Videmus
352 2042 461 2081 hanc
479 2043 699 2082 lenitatem
718 2044 846 2082 etiam
865 2044 908 2081 in
926 2042 1144 2088 militibus,
1164 2055 1296 2092 quum
1316 2046 1431 2080 certa
1449 2054 1561 2079 mors
1579 2046 1700 2092 vrget
1721 2054 1728 2079 :

133 2099 295 2144 quanto
334 2098 466 2147 magis
504 2097 615 2136 hunc
654 2097 855 2136 affectum
893 2097 1015 2135 nobis
1053 2100 1267 2147 praestare
1305 2095 1433 2135 debet
1471 2095 1727 2146 Euangelica

133 2148 420 2200 philosophia!
460 2151 584 2190 Nunc
604 2151 916 2202 aliquantulum
938 2151 982 2189 in
1002 2151 1081 2189 hoc
1102 2151 1252 2197 luctor,
1276 2154 1326 2188 vt
1347 2154 1506 2189 certam
1528 2149 1727 2188 fiduciam

131 2203 272 2242 animo
309 2205 543 2256 concipiam
583 2206 634 2245 de
674 2220 768 2245 mea
806 2205 955 2244 salute.
1009 2205 1152 2255 Atque
1190 2205 1269 2243 hac
1309 2204 1360 2243 de
1398 2218 1442 2242 re
1484 2204 1727 2254 frequenter
1747 2218 1785 2249 37
1792 2219 1805 2249 5

130 2256 218 2307 ipse
263 2272 428 2298 mecum
476 2260 736 2307 confabulor,
784 2273 1091 2310 nonnunquam
1133 2263 1177 2298 et
1219 2272 1315 2297 cum
1360 2258 1536 2297 eruditis
1581 2259 1727 2296 amicis

130 2313 408 2353 communico.
465 2315 553 2354 Nec
591 2315 729 2354 adhuc
760 2314 810 2353 fit
840 2315 956 2360 satis,
988 2327 1125 2364 neque
1156 2327 1181 2351 a
1211 2313 1465 2351 Lutheranis
1502 2326 1637 2363 neque
1669 2312 1723 2350 ab

130 2364 479 2407 Antilutheranis.
549 2369 703 2420 Itaque
732 2369 835 2407 mihi
863 2368 967 2407 nihil
997 2368 1166 2406 videtur
1195 2367 1428 2406 consultius
1456 2380 1585 2417 quam
1616 2366 1725 2404 hanc

129 2421 399 2461 securitatem
422 2423 557 2461 modis
576 2424 772 2462 omnibus
793 2423 953 2461 ambire
973 2422 1165 2473 precibus
1186 2435 1234 2460 ac
1255 2421 1486 2460 benefactis
1503 2434 1527 2458 a
1543 2421 1722 2466 Christo,

129 2486 260 2525 vsque
287 2475 342 2514 ad
362 2489 605 2528 supremum
626 2479 740 2517 vitae
765 2478 889 2523 diem,
912 2490 960 2515 ac
980 2481 1073 2515 tum
1094 2477 1218 2514 huius
1242 2488 1412 2526 quoque
1436 2475 1493 2513 rei
1519 2474 1721 2512 iudicium
1743 2480 1808 2518 380

127 2527 185 2566 illi
214 2531 481 2579 permittere:
513 2533 571 2570 sic
602 2537 747 2571 tamen
780 2536 830 2570 vt
858 2544 987 2582 quam
1018 2534 1081 2569 cst
1112 2531 1333 2568 minimum
1364 2530 1452 2579 spei
1483 2542 1534 2567 ex
1566 2529 1720 2566 nostris

128 2584 299 2630 meritis,
335 2588 425 2623 tam
463 2586 518 2624 sit
555 2587 784 2637 plurimum
818 2585 997 2623 fiduciae
1026 2598 1078 2623 ex
1117 2584 1226 2622 illius
1264 2584 1470 2621 immensa
1503 2596 1601 2633 erga
1644 2595 1720 2620 nos

127 2635 347 2685 charitate,
369 2652 475 2690 eque
495 2641 710 2690 promissis
729 2640 834 2678 adeo
857 2639 1059 2689 benignis.

171 2736 243 2768 340.
269 2726 392 2767 nequit
407 2739 448 2758 a:
478 2738 547 2760 11011
562 2731 678 2770 potest
693 2731 726 2762 β.
893 2739 966 2770 345.
991 2731 1027 2758 et
1048 2739 1085 2758 a:
1109 2737 1148 2758 ac
1169 2730 1201 2761 β,
1385 2738 1456 2768 350.
1483 2730 1519 2757 et
1540 2738 1581 2756 a:
1618 2726 1666 2757 Ae
1684 2730 1716 2760 β.

125 2773 198 2811 365.
224 2773 411 2811 parentum
440 2775 502 2802 aut
531 2775 815 2813 cognatoruma:
845 2775 907 2802 aut
937 2774 1122 2812 parentum
1136 2773 1169 2804 Β.
1455 2773 1526 2811 308.
1553 2774 1588 2800 et
1602 2780 1665 2801 om.
1682 2772 1716 2803 β.

125 2822 198 2853 371.
224 2824 295 2845 non
311 2824 329 2842 α
345 2812 398 2844 H:
424 2822 485 2846 om.
505 2817 537 2849 β.
635 2827 708 2859 375.
734 2815 851 2846 animo
873 2815 947 2846 add.
972 2817 1005 2847 β.
1100 2824 1176 2845 mea
1197 2825 1259 2845 om.
1284 2816 1318 2847 β.
1425 2824 1496 2856 377.
1523 2823 1634 2854 neque
1650 2837 1658 2844 .
1678 2837 1685 2844 .
1706 2837 1713 2843 .

124 2866 234 2899 neque
252 2869 271 2886 α
287 2869 293 2888 :
319 2867 380 2888 nec
397 2881 404 2888 .
424 2881 432 2889 .
453 2884 459 2890 .
479 2868 540 2890 nec
558 2860 591 2893 β.
728 2861 800 2901 378.
828 2861 849 2891 β
865 2870 871 2889 :
897 2857 1156 2889 Antiluteranis
1175 2870 1204 2887 α.

168 2955 238 2989 351.
266 2947 405 2987 Veneri]
421 2949 469 2981 Cf.
489 2948 552 2988 Ep.
570 2949 645 2986 296.
665 2958 759 2989 53—5.
954 2947 1012 2978 the
1042 2946 1256 2979 Ecclesiae-tes
1288 2947 1345 2979 bk.
1376 2947 1386 2977 i
1418 2947 1502 2986 (LB.
1536 2958 1567 2979 v.
1601 2949 1660 2978 811
1683 2949 1717 2987 Ε)

169 2995 240 3032 362.
266 2992 312 3023 sit
343 2991 442 3031 satis]
474 2992 556 3023 This
587 2991 670 3022 wish
703 2990 885 3023 resemblcs
954 2991 1023 3022 and
1038 2991 1074 3022 in
1091 2991 1150 3022 the
1166 2991 1301 3032 prcface
1319 2994 1356 3022 to
1371 2990 1520 3028 Jcrome,
1543 3000 1635 3031 1533.

126 3035 218 3067 what
244 3035 285 3066 110
312 3036 448 3067 roeords
474 3035 508 3067 of
536 3035 710 3073 Warham,
739 3034 825 3066 both
850 3035 886 3067 in
1000 3044 1072 3077 372·
1099 3033 1294 3073 lenitatem]
1315 3034 1364 3066 Cf.
1388 3034 1451 3076 Ep.
1478 3043 1571 3072 1029.
1593 3045 1648 3074 9¹1·
