2012 3370
243 135 321 174 388

717 134 971 174 LETTERS
1003 133 1074 174 OF
1105 134 1367 175 ERASMUS

1719 135 1842 184 [1524

242 245 371 284 <1523>
397 243 566 276 Philibert
588 244 657 275 and
682 243 799 275 others
821 244 957 285 supped
980 244 1065 276 with
1090 243 1255 276 Erasmus
1278 248 1315 276 at
1341 243 1441 275 Basle
1466 243 1560 285 (Agr.
1592 243 1620 274 E
1636 268 1645 280 ,
1675 253 1707 284 p.
1736 246 1842 285 807);

242 286 307 320 but
324 287 461 329 beyond
480 287 550 320 this
568 287 585 319 I
603 287 704 319 know
722 287 869 329 nothing
889 288 924 319 of
942 287 1023 320 him.
1068 288 1131 320 His
1149 288 1253 320 Latin
1271 288 1299 320 is
1316 287 1516 319 sometimes
1534 285 1711 327 unusual]

294 360 397 399 NON
434 359 622 406 verebor,
661 359 837 399 Erasme
872 363 937 398 ter
973 360 1170 407 maxime,
1208 364 1252 400 te
1288 361 1390 399 meis
1426 360 1589 399 naeniis
1623 359 1843 411 paululum

239 413 419 452 forsitan
440 414 572 465 (quod
591 413 739 463 nolim)
760 414 973 460 lacessere,
995 419 1096 453 tuae
1117 415 1300 454 bonitati
1321 415 1653 465 clementiaeque
1672 418 1845 454 tantum

240 468 483 513 confidens3
533 467 734 519 quodque
768 469 897 507 etiam
933 469 1159 520 Hylarium
1192 474 1316 508 tuum
1349 473 1502 508 nactus
1534 470 1628 515 sim,
1663 481 1844 520 eumque

240 525 381 561 totum
406 521 588 568 Gallum,
613 527 756 561 totum
780 523 965 562 aulicum
986 538 993 562 :
1034 524 1108 575 qui
1132 524 1235 563 mihi
1258 524 1493 575 quidquam
1518 523 1570 562 de
1593 528 1669 562 tua
1692 535 1844 574 nuper-

203 576 345 626 5rima
384 577 667 628 prosperitate
707 579 912 624 narrauit,
954 578 1154 618 videlicet
1192 592 1236 619 se
1276 579 1560 629 Paraphrases
1600 582 1698 616 tuas
1739 577 1845 629 Regi

239 630 457 669 Gallorum
488 631 706 678 obtulisse,
739 645 788 671 ac
820 645 949 684 quam
982 633 1216 684 magnifice,
1249 637 1413 684 quanta
1446 632 1592 671 vultus
1623 631 1846 671 alacritate

240 698 394 724 munus
430 686 644 737 exceperit
680 692 818 733 tuum,
857 692 1121 738 quantamue
1158 688 1519 726 existimationem
1556 686 1714 725 nedum
1751 686 1844 725 Rex

238 740 340 789 ipse,
367 753 517 779 verum
541 741 672 780 etiam
697 742 839 780 cuncti
864 742 1087 792 principes,
1113 742 1312 792 episcopi,
1339 741 1531 787 abbates,
1558 741 1738 792 denique
1766 741 1846 779 viri

240 794 357 832 docti
401 795 560 845 pariter
604 799 648 834 et
692 795 845 845 plebeii
891 796 942 834 de
989 796 1166 835 Erasmo
1212 796 1625 846 habuerint—quam
1671 795 1844 846 quidem

181 866 220 888 10
239 847 521 888 foelixitatom
558 862 644 888 non
682 849 809 888 modo
848 850 1025 888 Erasmo
1064 863 1211 889 verum
1249 854 1294 889 et
1330 850 1411 888 diis
1448 862 1618 901 quoque
1656 849 1846 900 gratulor

238 902 481 953 plurimum,
508 903 630 955 longe
655 904 869 943 meliorem
895 909 1050 955 optans
1071 918 1078 950 ;
1120 904 1292 942 demum
1317 904 1500 955 qualiter
1529 903 1727 955 Hylarius
1756 904 1845 954 ipsc

237 956 366 996 fuerit
388 962 591 1009 exceptus
614 971 662 996 ac
685 959 839 1009 quibus
862 963 1064 997 euocatus
1087 959 1415 997 conditionibus.

293 1011 517 1052 Praeterea
535 1012 594 1051 nil
611 1014 711 1051 noui
728 1013 844 1063 apud
862 1026 928 1051 me
947 1018 1011 1051 est
1028 1013 1144 1064 quod
1160 1013 1207 1051 T.
1227 1012 1280 1051 D.
1301 1013 1449 1051 offerre
1466 1025 1634 1063 queam,
1654 1011 1843 1063 quando-

239 1066 412 1117 quidem
450 1079 667 1106 versamur
702 1067 770 1105 hic
807 1068 851 1106 in
889 1068 1121 1107 miserrima
1160 1066 1364 1114 conualle,
1404 1067 1518 1106 omni
1556 1067 1844 1105 litteratorum

182 1137 216 1170 15
237 1132 388 1170 genere
421 1120 552 1159 ferme
586 1121 809 1167 destituta,
846 1121 919 1160 vbi
953 1121 1058 1160 nihil
1092 1125 1301 1167 sanctum,
1338 1121 1443 1160 nihil
1476 1134 1562 1159 non
1597 1124 1845 1172 corruptum

238 1174 395 1224 passim
421 1175 557 1213 audiri
581 1179 736 1225 potest.

791 1175 901 1215 Sunt
925 1176 991 1215 hic
1017 1176 1202 1215 cuculati
1225 1176 1411 1227 theologi
1435 1175 1667 1222 dementes,
1692 1175 1844 1221 insani,

238 1227 389 1276 inflati,
414 1230 458 1268 in
476 1242 552 1268 sua
576 1230 744 1269 inscitia
769 1230 1025 1277 exultantes,
1051 1231 1125 1281 qui
1148 1230 1253 1270 nihil
1276 1234 1469 1269 tracta-nt
1492 1234 1632 1281 preter
1655 1230 1843 1275 naenjaS,

238 1283 343 1322 nihil
380 1284 514 1335 magis
551 1287 864 1335 contempnunt
901 1298 1031 1336 quam
1069 1285 1193 1324 Cristi
1231 1288 1445 1336 precepta,
1484 1284 1544 1323 nil
1582 1284 1731 1323 melius
1768 1297 1844 1323 nec

238 1338 426 1376 sanctius
464 1338 695 1377 obseruant
731 1352 861 1390 quam
898 1339 1121 1390 papistica.

176 1409 219 1432 20
238 1391 464 1430 discrucier
482 1405 612 1444 quam
632 1394 747 1444 quod
767 1397 940 1432 coactus
959 1394 1037 1434 sim
1057 1394 1101 1432 in
1120 1393 1272 1432 talium
1292 1398 1389 1432 cetu
1409 1393 1662 1432 conuersari.
1711 1393 1846 1444 Cogor

1189 1339 1310 1378 Vnde
1345 1339 1452 1378 nihil
1487 1343 1553 1377 est
1589 1351 1674 1390 quo
1711 1339 1845 1389 magis

238 1446 454 1485 interdum
484 1447 603 1498 sequi
634 1447 777 1486 aulam
808 1461 856 1486 ac
888 1461 985 1486 cum
1016 1448 1259 1487 huiusmodi
1289 1447 1429 1499 Mydis
1460 1447 1735 1494 commisceri,
1767 1460 1844 1485 nec

237 1513 324 1540 non
366 1500 624 1552 religionem,
670 1501 839 1549 ieiunia,
887 1502 1159 1541 deuotionem
1204 1502 1363 1549 fictam,
1410 1502 1716 1540 abstinentiam
1761 1501 1842 1540 dis-

237 1554 464 1594 simulare:
515 1556 631 1607 quod
664 1569 689 1594 a
723 1569 791 1595 me
824 1569 989 1608 semper
1021 1556 1105 1595 fuit
1138 1557 1485 1603 ablienissimum,
1521 1556 1724 1607 quoniam
1757 1568 1844 1594 non

239 1609 352 1648 nosti
370 1609 585 1648 hominem
605 1611 744 1649 minus
762 1611 818 1649 ad
837 1610 1191 1650 dissimulandum
1211 1615 1363 1662 aptum
1382 1623 1430 1649 ac
1450 1623 1525 1661 ego
1545 1610 1638 1650 sim.
1686 1609 1844 1649 Verum

176 1680 216 1713 25
239 1663 379 1702 nescio
403 1677 488 1715 quo
511 1663 603 1702 fato
627 1665 671 1703 in
694 1678 791 1703 eum
814 1665 1040 1705 incidimus
1065 1678 1232 1711 aeuum,
1257 1665 1301 1704 in
1325 1678 1410 1716 quo
1433 1677 1558 1704 nemo
1583 1664 1687 1715 quid
1711 1664 1844 1716 magis

238 1721 410 1769 satagat
436 1730 567 1769 quam
595 1731 647 1757 ex
674 1719 793 1770 nigro
821 1719 967 1757 album
994 1719 1169 1766 efficere,
1198 1723 1242 1758 et
1269 1723 1471 1766 econtra3
1514 1719 1635 1770 isque
1662 1717 1844 1757 habetur

239 1772 427 1823 optimus
451 1772 525 1823 qui
549 1771 782 1812 admodum
807 1774 976 1812 nouerit
1000 1773 1278 1813 dissimulare.

291 1825 504 1865 Lutherus
520 1827 734 1879 rescripsit
751 1827 1034 1868 illustrissimo
1053 1828 1239 1879 Principi
1255 1831 1415 1866 nostro.
1465 1826 1628 1875 Quibus
1644 1826 1844 1878 Princeps

236 1880 327 1931 ipse
351 1880 455 1919 nihil
478 1882 699 1932 respondit
719 1895 728 1920 ε
768 1886 915 1921 tamen
940 1896 1026 1922 non
1051 1883 1322 1934 contempsit,
1349 1886 1427 1929 set,
1453 1886 1504 1921 vt
1528 1881 1666 1928 video,
1692 1893 1844 1932 parum

179 1952 220 1984 30
236 1940 471 1987 exequetur
499 1948 645 1974 eorum
673 1949 756 1987 que
783 1937 951 1988 scripsit
979 1937 1203 1976 Lutherus.

1260 1936 1465 1976 Monebat
1492 1936 1604 1976 enim
1632 1935 1846 1974 Lutherus

239 1994 287 2028 vt
301 1990 510 2041 redigeret
529 2003 627 2029 suos
646 1991 702 2029 ad
723 2004 868 2030 veram
884 1990 1011 2030 fidem
1033 2005 1107 2043 per
1127 1996 1244 2030 recta
1267 2004 1408 2042 opera,
1431 2003 1505 2042 per
1528 1989 1845 2042 Euangellicam

238 2043 492 2091 doctrinam,
517 2045 674 2083 relictis
698 2046 881 2096 ypocrisi
906 2050 949 2085 et
973 2047 1221 2093 ambitione,
1248 2059 1358 2097 quae
1382 2045 1449 2084 hic
1475 2045 1658 2084 maxime
1684 2045 1843 2096 vigent.

240 2098 388 2137 Iudico
419 2099 611 2138 foelicem
643 2099 915 2139 Germaniam
946 2101 1062 2151 quod
1093 2102 1149 2140 sit
1179 2104 1248 2139 tot
1279 2099 1501 2146 erroribus,
1535 2103 1603 2138 tot
1632 2098 1846 2150 figmentis

239 2153 454 2203 expedita,
494 2166 543 2191 ac
582 2154 769 2193 maxima
807 2167 859 2193 ex
898 2159 1020 2205 parte
1058 2155 1114 2194 ad
1152 2154 1444 2205 Apostolicam
1482 2154 1619 2192 vitam
1656 2153 1843 2192 redacta.

241 2261 470 2302 scintillam
493 2265 625 2312 queat
646 2263 853 2312 recipere!

294 2315 480 2355 Reddidi
511 2316 677 2354 litteras
709 2320 808 2355 tuas
839 2317 1029 2356 Abbati:

180 2221 219 2255 35
238 2206 368 2246 Faxit
385 2208 552 2246 vtinam
571 2207 733 2246 Oristus
753 2207 831 2259 Op.
853 2208 965 2247 Max.
987 2213 1038 2248 vt
1055 2213 1099 2248 et
1117 2214 1263 2248 nostra
1283 2208 1419 2248 Gallia
1437 2207 1549 2246 illius
1568 2208 1657 2246 veri
1675 2207 1846 2246 luminis

1079 2330 1186 2368 quas
1218 2318 1298 2355 etsi
1330 2316 1669 2355 valetudinarius
1700 2320 1846 2354 tamen

239 2384 405 2410 summa
450 2372 618 2422 excepit
665 2370 930 2418 alachritate,
978 2371 1113 2410 multo
1160 2371 1328 2410 leuatus
1375 2371 1491 2409 tedio
1537 2383 1633 2409 cum
1681 2369 1846 2420 accepit

288 2452 337 2482 14.
363 2443 459 2475 omni
475 2442 671 2474 Enthoven:
703 2444 773 2475 oim
791 2442 869 2474 MS.
891 2442 1088 2482 (omnium),
1108 2441 1149 2483 cf.
1169 2441 1233 2482 Ep.
1255 2451 1273 2482 3
1277 2451 1329 2482 34.
1349 2449 1428 2479 9272.

283 2530 313 2561 3.
340 2520 542 2561 Hylarium]
573 2519 810 2560 Bertulphus;
850 2528 906 2551 see
938 2518 1002 2559 Ep.

242 2573 278 2595 12
328 2589 335 2596 .
357 2573 370 2595 1
399 2574 432 2595 n.

285 2573 325 2648 Ξῖ
340 2573 589 2648 Ρέτειρὴταεεε]
603 2606 666 2639 See
682 2606 771 2648 Epp.
793 2615 890 2646 1400,
910 2615 1004 2646 1403.

284 2659 335 2683 21.
361 2650 495 2690 aulam]
510 2650 701 2691 Evidently
717 2650 753 2682 of
767 2651 895 2690 Savoy.

285 2695 337 2726 28.
362 2694 537 2726 Lutherus
564 2694 755 2735 rescripsit]
782 2693 824 2725 In
851 2694 944 2734 spite
971 2693 1007 2725 of

238 2749 297 2774 ra,
325 2738 386 2769 the
411 2737 560 2769 allusion
585 2748 695 2769 seems
721 2741 760 2769 to
786 2737 829 2768 be
855 2740 893 2769 to
920 2737 1005 2769 Her-

241 2781 391 2820 miniard
409 2781 580 2823 76=LE2.
601 2782 678 2823 706,
698 2781 734 2812 of
752 2790 771 2822 7
789 2780 886 2821 Sept.
911 2789 1005 2821 1523,

240 2823 352 2856 which
364 2825 393 2856 is
407 2836 427 2856 a
441 2825 517 2857 first
528 2824 642 2857 letter.
680 2824 718 2856 It
730 2834 800 2856 was
814 2824 946 2856 carried
960 2823 1008 2865 by

240 2867 426 2899 Anemund
457 2867 543 2900 Coct
572 2868 643 2900 and
674 2867 850 2900 delivered
881 2867 1007 2909 during

240 2910 301 2942 the
328 2914 479 2943 autumn
507 2911 748 2951 (Herminjard
774 2912 844 2952 86).
896 2911 1007 2943 There

240 2954 269 2985 is
288 2963 333 2985 no
352 2954 545 2987 indication
564 2955 601 2987 of
617 2955 755 2987 further
774 2955 1005 2987 communica-

240 2997 491 3072 tionhpetween
509 2998 642 3030 Luther
658 2998 729 3030 and
747 2998 849 3030 Duke
867 2997 1008 3031 Charles

241 3045 280 3073 at
296 3044 311 3073 t
341 3042 366 3073 's
384 3041 478 3073 time.

1499 2443 1550 2479 38.
1577 2442 1703 2481 except
1718 2439 1797 2471 MS.

1167 2517 1318 2558 Principi
1359 2517 1496 2556 nostro]
1537 2515 1677 2548 Chai-les
1723 2524 1767 2547 111
1810 2515 1846 2548 of

1077 2562 1195 2602 Savoy
1218 2562 1275 2601 (10
1298 2560 1375 2593 Oct.
1402 2561 1575 2600 1486—16
1597 2560 1694 2601 Sept.
1720 2563 1844 2600 1553);

1078 2605 1155 2637 who
1173 2606 1210 2636 in
1231 2613 1317 2646 1504
1334 2603 1405 2636 had
1422 2603 1612 2635 succeeded
1630 2603 1684 2635 his
1702 2603 1845 2635 brother

1078 2648 1260 2687 Philibert,
1283 2648 1344 2680 the
1367 2647 1529 2680 husband
1552 2647 1589 2679 of
1610 2646 1787 2689 Margaret
1809 2646 1845 2678 of

1078 2693 1231 2724 Austria.

1125 2745 1174 2777 37.
1201 2735 1350 2775 Abbati]
1377 2734 1531 2776 Perhaps
1559 2733 1661 2766 Aimo
1689 2733 1733 2765 de
1761 2733 1842 2765 Gin-

1076 2780 1154 2822 gins
1173 2779 1216 2811 de
1236 2779 1398 2811 Divonne
1418 2779 1460 2818 (c.
1486 2777 1709 2818 1465—-June
1732 2780 1842 2818 1537),

1077 2823 1189 2855 abbot
1200 2823 1294 2855 since
1312 2824 1394 2863 1483
1409 2821 1446 2853 of
1459 2821 1519 2853 the
1534 2821 1722 2853 Cistercian
1736 2820 1844 2852 house

1078 2867 1115 2898 of
1138 2867 1329 2904 Bonmont‚
1354 2876 1375 2898 a
1398 2865 1464 2897 few
1488 2864 1586 2896 miles
1610 2873 1652 2896 w.
1679 2863 1716 2895 of
1738 2863 1843 2904 Nyon

1078 2921 1124 2942 on
1140 2910 1201 2942 the
1215 2910 1294 2942 lake
1307 2909 1346 2941 of
1362 2908 1512 2941 Geneva.
1552 2907 1595 2939 In
1615 2915 1697 2948 1513
1714 2905 1758 2938 he
1772 2917 1843 2938 was

1078 2953 1212 2986 elected
1226 2953 1291 2995 Bp.
1309 2953 1345 2985 of
1360 2952 1511 2989 Geneva,
1528 2950 1593 2982 but
1607 2960 1677 2982 was
1691 2949 1843 2990 rejected

1080 2997 1128 3037 by
1146 2997 1216 3028 Leo
1236 3006 1261 3028 x
1278 2997 1315 3028 in
1333 2996 1459 3028 favour
1477 2994 1514 3026 of
1530 2993 1626 3026 John
1646 2993 1683 3025 of
1700 2993 1818 3034 Savoy
1833 3006 1842 3031 ;

1079 3045 1117 3072 to
1134 3041 1246 3072 whom
1265 3040 1306 3072 he
1324 3040 1464 3072 became
1480 3038 1746 3080 Vicar—general.
1788 3037 1843 3070 He
