<?xml version="1.0" encoding="UTF-8"?>
<!DOCTYPE html PUBLIC "-//W3C//DTD XHTML 1.0 Transitional//EN"
    "http://www.w3.org/TR/xhtml1/DTD/xhtml1-transitional.dtd">
<html xmlns="http://www.w3.org/1999/xhtml" xml:lang="en" lang="en">
 <head>
  <title>
</title>
<meta http-equiv="Content-Type" content="text/html;charset=utf-8" />
  <meta name='ocr-system' content='tesseract 3.04.00' />
  <meta name='ocr-capabilities' content='ocr_page ocr_carea ocr_par ocr_line ocrx_word'/>
</head>
<body>
  <div class='ocr_page' id='page_1' title='image "./opusepistolarum05eras_0329.png"; bbox 0 0 2012 3370; ppageno 0'>
   <div class='ocr_carea' id='block_1_1' title="bbox 152 147 1815 2365">
    <p class='ocr_par' dir='ltr' id='par_1_1' title="bbox 153 147 1812 1556">
     <span class='ocr_line' id='line_1_1' title="bbox 158 147 1746 200; baseline -0.003 -12"><span class='ocrx_word' id='word_1_1' title='bbox 158 151 279 200; x_wconf 80' lang='lat'>1370]</span> <span class='ocrx_word' id='word_1_2' title='bbox 577 148 735 188; x_wconf 80' lang='lat' dir='ltr'><strong>FROM</strong></span> <span class='ocrx_word' id='word_1_3' title='bbox 764 147 1020 187; x_wconf 89' lang='lat' dir='ltr'><strong>WILLIAM</strong></span> <span class='ocrx_word' id='word_1_4' title='bbox 1050 147 1319 188; x_wconf 84' lang='lat' dir='ltr'><strong>BUDAEUS</strong></span> <span class='ocrx_word' id='word_1_5' title='bbox 1669 148 1746 185; x_wconf 77' lang='lat'>297</span> 
     </span>
     <span class='ocr_line' id='line_1_2' title="bbox 154 255 1783 308; baseline -0.002 -10"><span class='ocrx_word' id='word_1_6' title='bbox 154 259 395 305; x_wconf 74' lang='lat' dir='ltr'>Mofletum,</span> <span class='ocrx_word' id='word_1_7' title='bbox 428 258 670 307; x_wconf 82' lang='lat' dir='ltr'>Quaestoris</span> <span class='ocrx_word' id='word_1_8' title='bbox 700 257 846 304; x_wconf 89' lang='lat' dir='ltr'>filium,</span> <span class='ocrx_word' id='word_1_9' title='bbox 879 270 1004 308; x_wconf 89' lang='lat' dir='ltr'>quem</span> <span class='ocrx_word' id='word_1_10' title='bbox 1036 270 1164 296; x_wconf 81' lang='lat' dir='ltr'>causa</span> <span class='ocrx_word' id='word_1_11' title='bbox 1193 270 1288 295; x_wconf 79' lang='lat' dir='ltr'>mea</span> <span class='ocrx_word' id='word_1_12' title='bbox 1317 257 1493 295; x_wconf 87' lang='lat' dir='ltr'>comiter</span> <span class='ocrx_word' id='word_1_13' title='bbox 1523 255 1783 306; x_wconf 83' lang='lat' dir='ltr'>admittere5</span> 
     </span>
     <span class='ocr_line' id='line_1_3' title="bbox 154 309 1749 363; baseline -0.003 -10"><span class='ocrx_word' id='word_1_14' title='bbox 154 315 400 352; x_wconf 71' lang='lat' dir='ltr'>institueras</span> <span class='ocrx_word' id='word_1_15' title='bbox 420 327 427 352; x_wconf 93' lang='lat'><strong>:</strong></span> <span class='ocrx_word' id='word_1_16' title='bbox 470 313 550 352; x_wconf 92' lang='lat' dir='ltr'>etsi</span> <span class='ocrx_word' id='word_1_17' title='bbox 574 311 763 351; x_wconf 89' lang='lat' dir='ltr'>nondum</span> <span class='ocrx_word' id='word_1_18' title='bbox 789 325 886 350; x_wconf 93' lang='lat' dir='ltr'>eum</span> <span class='ocrx_word' id='word_1_19' title='bbox 912 312 1013 358; x_wconf 77' lang='lat' dir='ltr'>vidi,</span> <span class='ocrx_word' id='word_1_20' title='bbox 1041 325 1092 350; x_wconf 82' lang='lat' dir='ltr'>ex</span> <span class='ocrx_word' id='word_1_21' title='bbox 1119 325 1204 363; x_wconf 90' lang='lat' dir='ltr'>quo</span> <span class='ocrx_word' id='word_1_22' title='bbox 1228 312 1308 362; x_wconf 89' lang='lat' dir='ltr'>ipsi</span> <span class='ocrx_word' id='word_1_23' title='bbox 1333 311 1476 350; x_wconf 89' lang='lat' dir='ltr'>literas</span> <span class='ocrx_word' id='word_1_24' title='bbox 1502 310 1600 348; x_wconf 91' lang='lat' dir='ltr'>dedi</span> <span class='ocrx_word' id='word_1_25' title='bbox 1625 309 1680 348; x_wconf 87' lang='lat' dir='ltr'>ad</span> <span class='ocrx_word' id='word_1_26' title='bbox 1705 314 1749 348; x_wconf 91' lang='lat' dir='ltr'>te</span> 
     </span>
     <span class='ocr_line' id='line_1_4' title="bbox 157 363 1747 416; baseline -0.003 -10"><span class='ocrx_word' id='word_1_27' title='bbox 157 368 539 406; x_wconf 76' lang='lat' dir='ltr'>commendatitias.</span> <span class='ocrx_word' id='word_1_28' title='bbox 599 368 800 415; x_wconf 76' lang='grc' dir='ltr'>Μακαρίζω</span> <span class='ocrx_word' id='word_1_29' title='bbox 821 385 876 413; x_wconf 84' lang='grc' dir='ltr'>σε,</span> <span class='ocrx_word' id='word_1_30' title='bbox 904 369 988 416; x_wconf 72' lang='grc' dir='ltr'>ἄνερ</span> <span class='ocrx_word' id='word_1_31' title='bbox 1008 369 1282 416; x_wconf 78' lang='grc' dir='ltr'>δαιμονιώτατε,</span> <span class='ocrx_word' id='word_1_32' title='bbox 1307 366 1438 404; x_wconf 92' lang='lat' dir='ltr'>immo</span> <span class='ocrx_word' id='word_1_33' title='bbox 1459 378 1559 403; x_wconf 84' lang='lat' dir='ltr'>vero</span> <span class='ocrx_word' id='word_1_34' title='bbox 1575 363 1747 403; x_wconf 89' lang='lat' dir='ltr'>inuideo</span> 
     </span>
     <span class='ocr_line' id='line_1_5' title="bbox 157 418 1745 472; baseline -0.003 -11"><span class='ocrx_word' id='word_1_35' title='bbox 157 422 282 472; x_wconf 91' lang='lat' dir='ltr'>plane</span> <span class='ocrx_word' id='word_1_36' title='bbox 312 422 392 461; x_wconf 90' lang='lat' dir='ltr'>tibi</span> <span class='ocrx_word' id='word_1_37' title='bbox 421 435 443 461; x_wconf 89' lang='lat' dir='ltr'>e</span> <span class='ocrx_word' id='word_1_38' title='bbox 471 420 640 460; x_wconf 87' lang='lat' dir='ltr'>renibus</span> <span class='ocrx_word' id='word_1_39' title='bbox 673 419 899 467; x_wconf 89' lang='lat' dir='ltr'>laboranti,</span> <span class='ocrx_word' id='word_1_40' title='bbox 934 433 1011 472; x_wconf 84' lang='lat' dir='ltr'>ego</span> <span class='ocrx_word' id='word_1_41' title='bbox 1044 433 1067 459; x_wconf 93' lang='lat' dir='ltr'>e</span> <span class='ocrx_word' id='word_1_42' title='bbox 1100 420 1342 471; x_wconf 88' lang='lat' dir='ltr'>principatu</span> <span class='ocrx_word' id='word_1_43' title='bbox 1377 420 1507 458; x_wconf 89' lang='lat' dir='ltr'>animi</span> <span class='ocrx_word' id='word_1_44' title='bbox 1534 418 1745 457; x_wconf 87' lang='lat' dir='ltr'>laborans.</span> 
     </span>
     <span class='ocr_line' id='line_1_6' title="bbox 156 473 1748 529; baseline -0.003 -15"><span class='ocrx_word' id='word_1_45' title='bbox 156 479 251 529; x_wconf 83' lang='grc' dir='ltr'>Ἐγὼ</span> <span class='ocrx_word' id='word_1_46' title='bbox 280 479 347 527; x_wconf 85' lang='grc' dir='ltr'>μὲν</span> <span class='ocrx_word' id='word_1_47' title='bbox 376 478 439 515; x_wconf 67' lang='grc' dir='ltr'>οὖν</span> <span class='ocrx_word' id='word_1_48' title='bbox 458 478 558 526; x_wconf 82' lang='grc' dir='ltr'>ζηλῶ</span> <span class='ocrx_word' id='word_1_49' title='bbox 585 494 630 514; x_wconf 84' lang='grc' dir='ltr'>σε</span> <span class='ocrx_word' id='word_1_50' title='bbox 656 476 831 514; x_wconf 80' lang='grc' dir='ltr'>λιθιῶντα</span> <span class='ocrx_word' id='word_1_51' title='bbox 859 478 925 525; x_wconf 79' lang='grc' dir='ltr'>μὲν</span> <span class='ocrx_word' id='word_1_52' title='bbox 953 475 1031 514; x_wconf 82' lang='grc' dir='ltr'>ἐσθ’</span> <span class='ocrx_word' id='word_1_53' title='bbox 1060 476 1131 521; x_wconf 79' lang='grc' dir='ltr'>ὅτε,</span> <span class='ocrx_word' id='word_1_54' title='bbox 1162 477 1322 524; x_wconf 75' lang='grc' dir='ltr'>βαθεῖαν</span> <span class='ocrx_word' id='word_1_55' title='bbox 1350 475 1388 513; x_wconf 82' lang='grc' dir='ltr'>δὲ</span> <span class='ocrx_word' id='word_1_56' title='bbox 1419 475 1567 526; x_wconf 78' lang='grc' dir='ltr'>σχολὴν</span> <span class='ocrx_word' id='word_1_57' title='bbox 1601 473 1654 511; x_wconf 72' lang='grc' dir='ltr'>ἀεὶ</span> <span class='ocrx_word' id='word_1_58' title='bbox 1688 474 1748 511; x_wconf 75' lang='grc' dir='ltr'>καὶ</span> 
     </span>
     <span class='ocr_line' id='line_1_7' title="bbox 157 529 1810 584; baseline -0.001 -15"><span class='ocrx_word' id='word_1_59' title='bbox 157 532 313 582; x_wconf 72' lang='grc' dir='ltr'>εὔθυμον</span> <span class='ocrx_word' id='word_1_60' title='bbox 342 533 489 584; x_wconf 76' lang='grc' dir='ltr'>ἄγοντα,</span> <span class='ocrx_word' id='word_1_61' title='bbox 520 530 578 568; x_wconf 81' lang='grc' dir='ltr'>καὶ</span> <span class='ocrx_word' id='word_1_62' title='bbox 608 530 772 580; x_wconf 75' lang='grc' dir='ltr'>εὐψύχως</span> <span class='ocrx_word' id='word_1_63' title='bbox 802 530 845 578; x_wconf 79' lang='grc' dir='ltr'>δὴ</span> <span class='ocrx_word' id='word_1_64' title='bbox 875 532 1018 580; x_wconf 72' lang='grc' dir='ltr'>ἔχοντα,</span> <span class='ocrx_word' id='word_1_65' title='bbox 1053 532 1098 570; x_wconf 78' lang='grc' dir='ltr'>ὡς</span> <span class='ocrx_word' id='word_1_66' title='bbox 1128 530 1318 579; x_wconf 84' lang='grc' dir='ltr'>πρόδηλον</span> <span class='ocrx_word' id='word_1_67' title='bbox 1347 529 1388 573; x_wconf 80' lang='grc' dir='ltr'>ἐξ</span> <span class='ocrx_word' id='word_1_68' title='bbox 1415 529 1462 567; x_wconf 71' lang='grc' dir='ltr'>ὧν</span> <span class='ocrx_word' id='word_1_69' title='bbox 1492 547 1541 568; x_wconf 87' lang='grc' dir='ltr'>συ</span> <span class='ocrx_word' id='word_1_70' title='bbox 1570 529 1747 568; x_wconf 78' lang='grc' dir='ltr'>διατελεῖς</span> <span class='ocrx_word' id='word_1_71' title='bbox 1769 544 1810 568; x_wconf 90' lang='lat'>10</span> 
     </span>
     <span class='ocr_line' id='line_1_8' title="bbox 156 581 1745 637; baseline -0.002 -14"><span class='ocrx_word' id='word_1_72' title='bbox 156 586 438 636; x_wconf 70' lang='grc' dir='ltr'>εὖὸοκιμούντως</span> <span class='ocrx_word' id='word_1_73' title='bbox 466 586 718 637; x_wconf 67' lang='grc' dir='ltr'>συγγράφωνζ</span> <span class='ocrx_word' id='word_1_74' title='bbox 766 595 861 621; x_wconf 78' lang='lat' dir='ltr'>oum</span> <span class='ocrx_word' id='word_1_75' title='bbox 892 596 968 634; x_wconf 78' lang='lat' dir='ltr'>ego</span> <span class='ocrx_word' id='word_1_76' title='bbox 997 586 1214 633; x_wconf 76' lang='grc' dir='ltr'>τρισάθλιος</span> <span class='ocrx_word' id='word_1_77' title='bbox 1242 596 1264 621; x_wconf 79' lang='grc' dir='ltr'>θ</span> <span class='ocrx_word' id='word_1_78' title='bbox 1294 583 1433 633; x_wconf 60' lang='grc' dir='ltr'>ΟᾶΡῘῩιΘ</span> <span class='ocrx_word' id='word_1_79' title='bbox 1462 583 1548 621; x_wconf 77' lang='lat' dir='ltr'>ian]</span> <span class='ocrx_word' id='word_1_80' title='bbox 1577 581 1692 628; x_wconf 80' lang='lat' dir='ltr'>Olim,</span> <span class='ocrx_word' id='word_1_81' title='bbox 1722 594 1745 620; x_wconf 80' lang='grc' dir='ltr'>Θ</span> 
     </span>
     <span class='ocr_line' id='line_1_9' title="bbox 155 637 1747 690; baseline -0.003 -12"><span class='ocrx_word' id='word_1_82' title='bbox 155 638 409 689; x_wconf 82' lang='lat' dir='ltr'>praecordiis</span> <span class='ocrx_word' id='word_1_83' title='bbox 437 650 572 690; x_wconf 82' lang='lat' dir='ltr'>nuper</span> <span class='ocrx_word' id='word_1_84' title='bbox 601 638 801 688; x_wconf 85' lang='lat' dir='ltr'>omnique</span> <span class='ocrx_word' id='word_1_85' title='bbox 831 650 954 676; x_wconf 90' lang='lat' dir='ltr'>sensu</span> <span class='ocrx_word' id='word_1_86' title='bbox 986 638 1115 675; x_wconf 90' lang='lat' dir='ltr'>animi</span> <span class='ocrx_word' id='word_1_87' title='bbox 1148 637 1340 675; x_wconf 86' lang='lat' dir='ltr'>laborare</span> <span class='ocrx_word' id='word_1_88' title='bbox 1374 637 1581 687; x_wconf 82' lang='lat' dir='ltr'>coeperim</span> <span class='ocrx_word' id='word_1_89' title='bbox 1612 648 1747 686; x_wconf 88' lang='lat' dir='ltr'>vsque</span> 
     </span>
     <span class='ocr_line' id='line_1_10' title="bbox 154 690 1747 744; baseline -0.002 -12"><span class='ocrx_word' id='word_1_90' title='bbox 154 693 208 731; x_wconf 85' lang='lat' dir='ltr'>ad</span> <span class='ocrx_word' id='word_1_91' title='bbox 233 693 478 744; x_wconf 80' lang='lat' dir='ltr'>deliquium.</span> <span class='ocrx_word' id='word_1_92' title='bbox 537 691 671 739; x_wconf 83' lang='lat' dir='ltr'>Quem</span> <span class='ocrx_word' id='word_1_93' title='bbox 696 692 837 742; x_wconf 89' lang='lat' dir='ltr'>ipsum</span> <span class='ocrx_word' id='word_1_94' title='bbox 863 692 1054 730; x_wconf 89' lang='lat' dir='ltr'>animum</span> <span class='ocrx_word' id='word_1_95' title='bbox 1074 691 1249 730; x_wconf 83' lang='lat' dir='ltr'>alternis</span> <span class='ocrx_word' id='word_1_96' title='bbox 1275 704 1405 742; x_wconf 86' lang='lat' dir='ltr'>prope</span> <span class='ocrx_word' id='word_1_97' title='bbox 1432 691 1546 729; x_wconf 90' lang='lat' dir='ltr'>horis</span> <span class='ocrx_word' id='word_1_98' title='bbox 1573 690 1747 741; x_wconf 89' lang='lat' dir='ltr'>despon-</span> 
     </span>
     <span class='ocr_line' id='line_1_11' title="bbox 155 745 1747 796; baseline -0.003 -10"><span class='ocrx_word' id='word_1_99' title='bbox 155 747 252 786; x_wconf 88' lang='lat' dir='ltr'>dere</span> <span class='ocrx_word' id='word_1_100' title='bbox 265 747 377 786; x_wconf 89' lang='lat' dir='ltr'>soleo</span> <span class='ocrx_word' id='word_1_101' title='bbox 393 760 400 793; x_wconf 93' lang='lat'>;</span> <span class='ocrx_word' id='word_1_102' title='bbox 430 759 625 786; x_wconf 89' lang='lat' dir='ltr'>curarum</span> <span class='ocrx_word' id='word_1_103' title='bbox 641 746 771 785; x_wconf 88' lang='lat' dir='ltr'>etiam</span> <span class='ocrx_word' id='word_1_104' title='bbox 791 746 958 796; x_wconf 84' lang='lat' dir='ltr'>agmine</span> <span class='ocrx_word' id='word_1_105' title='bbox 977 746 1040 784; x_wconf 89' lang='lat' dir='ltr'>ita</span> <span class='ocrx_word' id='word_1_106' title='bbox 1060 745 1239 784; x_wconf 88' lang='lat' dir='ltr'>obrutus</span> <span class='ocrx_word' id='word_1_107' title='bbox 1261 758 1354 783; x_wconf 90' lang='lat' dir='ltr'>sum</span> <span class='ocrx_word' id='word_1_108' title='bbox 1376 748 1507 795; x_wconf 89' lang='lat' dir='ltr'>atque</span> <span class='ocrx_word' id='word_1_109' title='bbox 1523 756 1747 795; x_wconf 87' lang='lat' dir='ltr'>oppressus</span> 
     </span>
     <span class='ocr_line' id='line_1_12' title="bbox 155 799 1804 852; baseline -0.001 -12"><span class='ocrx_word' id='word_1_110' title='bbox 155 805 204 840; x_wconf 86' lang='lat' dir='ltr'>vt</span> <span class='ocrx_word' id='word_1_111' title='bbox 229 802 432 852; x_wconf 89' lang='lat' dir='ltr'>respirare</span> <span class='ocrx_word' id='word_1_112' title='bbox 455 813 676 851; x_wconf 87' lang='lat' dir='ltr'>nequeam,</span> <span class='ocrx_word' id='word_1_113' title='bbox 700 799 858 838; x_wconf 89' lang='lat' dir='ltr'>nedum</span> <span class='ocrx_word' id='word_1_114' title='bbox 882 812 1045 839; x_wconf 89' lang='lat' dir='ltr'>amores</span> <span class='ocrx_word' id='word_1_115' title='bbox 1069 812 1185 838; x_wconf 91' lang='lat' dir='ltr'>meos</span> <span class='ocrx_word' id='word_1_116' title='bbox 1207 799 1464 838; x_wconf 87' lang='lat' dir='ltr'>liberaliores</span> <span class='ocrx_word' id='word_1_117' title='bbox 1486 799 1746 844; x_wconf 87' lang='lat' dir='ltr'>interuisere,</span> <span class='ocrx_word' id='word_1_118' title='bbox 1771 816 1804 848; x_wconf 81' lang='lat'>15</span> 
     </span>
     <span class='ocr_line' id='line_1_13' title="bbox 155 853 1748 906; baseline -0.003 -12"><span class='ocrx_word' id='word_1_119' title='bbox 155 855 310 906; x_wconf 89' lang='lat' dir='ltr'>quibus</span> <span class='ocrx_word' id='word_1_120' title='bbox 340 854 656 906; x_wconf 86' lang='lat' dir='ltr'>conglutinatus</span> <span class='ocrx_word' id='word_1_121' title='bbox 686 867 774 893; x_wconf 87' lang='lat' dir='ltr'>esse</span> <span class='ocrx_word' id='word_1_122' title='bbox 799 858 899 893; x_wconf 88' lang='lat' dir='ltr'>ante</span> <span class='ocrx_word' id='word_1_123' title='bbox 925 866 1240 893; x_wconf 89' lang='lat' dir='ltr'>consueueram.</span> <span class='ocrx_word' id='word_1_124' title='bbox 1298 853 1410 892; x_wconf 88' lang='lat' dir='ltr'>Nam</span> <span class='ocrx_word' id='word_1_125' title='bbox 1435 853 1538 903; x_wconf 89' lang='lat' dir='ltr'>quid</span> <span class='ocrx_word' id='word_1_126' title='bbox 1562 865 1628 891; x_wconf 90' lang='lat' dir='ltr'>me</span> <span class='ocrx_word' id='word_1_127' title='bbox 1652 856 1748 890; x_wconf 89' lang='lat' dir='ltr'>tute</span> 
     </span>
     <span class='ocr_line' id='line_1_14' title="bbox 157 907 1748 960; baseline -0.003 -12"><span class='ocrx_word' id='word_1_128' title='bbox 157 909 329 948; x_wconf 86' lang='lat' dir='ltr'>tandem</span> <span class='ocrx_word' id='word_1_129' title='bbox 364 921 568 960; x_wconf 87' lang='lat' dir='ltr'>occupa-re</span> <span class='ocrx_word' id='word_1_130' title='bbox 601 921 744 948; x_wconf 88' lang='lat' dir='ltr'>censes</span> <span class='ocrx_word' id='word_1_131' title='bbox 781 909 985 960; x_wconf 89' lang='lat' dir='ltr'>temporis</span> <span class='ocrx_word' id='word_1_132' title='bbox 1023 908 1194 948; x_wconf 91' lang='lat' dir='ltr'>lectioni</span> <span class='ocrx_word' id='word_1_133' title='bbox 1232 907 1456 954; x_wconf 88' lang='lat' dir='ltr'>literariae,</span> <span class='ocrx_word' id='word_1_134' title='bbox 1498 920 1594 946; x_wconf 89' lang='lat' dir='ltr'>cum</span> <span class='ocrx_word' id='word_1_135' title='bbox 1628 909 1748 945; x_wconf 88' lang='lat' dir='ltr'>totus</span> 
     </span>
     <span class='ocr_line' id='line_1_15' title="bbox 154 960 1747 1014; baseline -0.003 -12"><span class='ocrx_word' id='word_1_136' title='bbox 154 977 266 1002; x_wconf 89' lang='lat' dir='ltr'>nunc</span> <span class='ocrx_word' id='word_1_137' title='bbox 293 964 384 1010; x_wconf 90' lang='lat' dir='ltr'>sim,</span> <span class='ocrx_word' id='word_1_138' title='bbox 407 967 537 1014; x_wconf 89' lang='lat' dir='ltr'>atque</span> <span class='ocrx_word' id='word_1_139' title='bbox 556 964 687 1002; x_wconf 87' lang='lat' dir='ltr'>etiam</span> <span class='ocrx_word' id='word_1_140' title='bbox 706 964 887 1014; x_wconf 84' lang='grc' dir='ltr'>ἡμιόλιος,</span> <span class='ocrx_word' id='word_1_141' title='bbox 914 963 1066 1001; x_wconf 85' lang='lat' dir='ltr'>affixus</span> <span class='ocrx_word' id='word_1_142' title='bbox 1092 964 1137 1002; x_wconf 92' lang='lat' dir='ltr'>in</span> <span class='ocrx_word' id='word_1_143' title='bbox 1156 962 1368 1014; x_wconf 83' lang='lat' dir='ltr'>ergastulo</span> <span class='ocrx_word' id='word_1_144' title='bbox 1393 974 1615 1000; x_wconf 88' lang='lat' dir='ltr'>munerum</span> <span class='ocrx_word' id='word_1_145' title='bbox 1642 960 1747 1011; x_wconf 85' lang='lat' dir='ltr'>pub-</span> 
     </span>
     <span class='ocr_line' id='line_1_16' title="bbox 154 1016 1748 1065; baseline -0.001 -10"><span class='ocrx_word' id='word_1_146' title='bbox 154 1017 367 1057; x_wconf 81' lang='lat' dir='ltr'>licorum?</span> <span class='ocrx_word' id='word_1_147' title='bbox 416 1019 483 1056; x_wconf 90' lang='lat' dir='ltr'>cui</span> <span class='ocrx_word' id='word_1_148' title='bbox 513 1031 579 1056; x_wconf 91' lang='lat' dir='ltr'>me</span> <span class='ocrx_word' id='word_1_149' title='bbox 618 1017 733 1056; x_wconf 90' lang='lat' dir='ltr'>Deus</span> <span class='ocrx_word' id='word_1_150' title='bbox 765 1018 906 1064; x_wconf 88' lang='lat' dir='ltr'>nexui,</span> <span class='ocrx_word' id='word_1_151' title='bbox 938 1021 988 1056; x_wconf 88' lang='lat' dir='ltr'>vt</span> <span class='ocrx_word' id='word_1_152' title='bbox 1016 1017 1211 1063; x_wconf 86' lang='lat' dir='ltr'>arbitror,</span> <span class='ocrx_word' id='word_1_153' title='bbox 1243 1016 1621 1055; x_wconf 87' lang='lat' dir='ltr'>animaduersionis</span> <span class='ocrx_word' id='word_1_154' title='bbox 1651 1027 1748 1065; x_wconf 83' lang='lat' dir='ltr'>ergo</span> 
     </span>
     <span class='ocr_line' id='line_1_17' title="bbox 154 1071 1812 1122; baseline 0 -12"><span class='ocrx_word' id='word_1_155' title='bbox 154 1071 334 1111; x_wconf 76' lang='lat' dir='ltr'>addixit.</span> <span class='ocrx_word' id='word_1_156' title='bbox 391 1071 497 1112; x_wconf 84' lang='lat' dir='ltr'>Cum</span> <span class='ocrx_word' id='word_1_157' title='bbox 517 1075 662 1110; x_wconf 89' lang='lat' dir='ltr'>autem</span> <span class='ocrx_word' id='word_1_158' title='bbox 684 1072 865 1110; x_wconf 92' lang='lat' dir='ltr'>duorum</span> <span class='ocrx_word' id='word_1_159' title='bbox 885 1071 1067 1110; x_wconf 85' lang='lat' dir='ltr'>alterum</span> <span class='ocrx_word' id='word_1_160' title='bbox 1092 1071 1256 1110; x_wconf 88' lang='lat' dir='ltr'>virilem</span> <span class='ocrx_word' id='word_1_161' title='bbox 1281 1071 1361 1110; x_wconf 89' lang='lat' dir='ltr'>sibi</span> <span class='ocrx_word' id='word_1_162' title='bbox 1388 1083 1560 1122; x_wconf 89' lang='lat' dir='ltr'>operam</span> <span class='ocrx_word' id='word_1_163' title='bbox 1585 1073 1748 1121; x_wconf 87' lang='lat' dir='ltr'>poscat,</span> <span class='ocrx_word' id='word_1_164' title='bbox 1768 1086 1812 1110; x_wconf 88' lang='lat'>20</span> 
     </span>
     <span class='ocr_line' id='line_1_18' title="bbox 153 1125 1749 1177; baseline -0.001 -13"><span class='ocrx_word' id='word_1_165' title='bbox 153 1126 335 1165; x_wconf 88' lang='lat' dir='ltr'>alterum</span> <span class='ocrx_word' id='word_1_166' title='bbox 373 1127 503 1165; x_wconf 88' lang='lat' dir='ltr'>etiam</span> <span class='ocrx_word' id='word_1_167' title='bbox 538 1126 663 1177; x_wconf 91' lang='lat' dir='ltr'>plena</span> <span class='ocrx_word' id='word_1_168' title='bbox 700 1126 893 1177; x_wconf 87' lang='lat' dir='ltr'>virilique</span> <span class='ocrx_word' id='word_1_169' title='bbox 927 1127 1142 1172; x_wconf 88' lang='lat' dir='ltr'>maiorem,</span> <span class='ocrx_word' id='word_1_170' title='bbox 1173 1126 1390 1164; x_wconf 84' lang='lat' dir='ltr'>duntaxat</span> <span class='ocrx_word' id='word_1_171' title='bbox 1426 1125 1506 1164; x_wconf 91' lang='lat' dir='ltr'>hoc</span> <span class='ocrx_word' id='word_1_172' title='bbox 1543 1128 1749 1175; x_wconf 83' lang='lat' dir='ltr'>tempore,</span> 
     </span>
     <span class='ocr_line' id='line_1_19' title="bbox 153 1180 1750 1232; baseline -0.002 -13"><span class='ocrx_word' id='word_1_173' title='bbox 153 1181 467 1232; x_wconf 86' lang='lat' dir='ltr'>sesquioperam</span> <span class='ocrx_word' id='word_1_174' title='bbox 505 1180 727 1228; x_wconf 88' lang='lat' dir='ltr'>ambobus,</span> <span class='ocrx_word' id='word_1_175' title='bbox 767 1185 816 1220; x_wconf 88' lang='lat' dir='ltr'>vt</span> <span class='ocrx_word' id='word_1_176' title='bbox 853 1193 1039 1232; x_wconf 88' lang='lat' dir='ltr'>possum,</span> <span class='ocrx_word' id='word_1_177' title='bbox 1077 1181 1289 1231; x_wconf 87' lang='lat' dir='ltr'>impertio,</span> <span class='ocrx_word' id='word_1_178' title='bbox 1329 1185 1366 1219; x_wconf 76' lang='grc' dir='ltr'>ἐν</span> <span class='ocrx_word' id='word_1_179' title='bbox 1403 1182 1569 1231; x_wconf 76' lang='grc' dir='ltr'>τοσούτῳ</span> <span class='ocrx_word' id='word_1_180' title='bbox 1607 1197 1650 1231; x_wconf 75' lang='grc' dir='ltr'>γε</span> <span class='ocrx_word' id='word_1_181' title='bbox 1687 1180 1750 1217; x_wconf 74' lang='grc' dir='ltr'>τὸν</span> 
     </span>
     <span class='ocr_line' id='line_1_20' title="bbox 155 1233 1747 1287; baseline -0.002 -13"><span class='ocrx_word' id='word_1_182' title='bbox 155 1236 270 1285; x_wconf 79' lang='grc' dir='ltr'>θυμὸν</span> <span class='ocrx_word' id='word_1_183' title='bbox 302 1239 475 1287; x_wconf 82' lang='grc' dir='ltr'>χαλεπῶς</span> <span class='ocrx_word' id='word_1_184' title='bbox 511 1235 789 1285; x_wconf 71' lang='grc' dir='ltr'>ἀνθελκόμενος.</span> <span class='ocrx_word' id='word_1_185' title='bbox 862 1234 870 1249; x_wconf 91' lang='lat'>‘</span> <span class='ocrx_word' id='word_1_186' title='bbox 890 1234 1000 1273; x_wconf 90' lang='lat' dir='ltr'>Hei&#39;</span> <span class='ocrx_word' id='word_1_187' title='bbox 1035 1235 1176 1285; x_wconf 88' lang='lat' dir='ltr'>inquis</span> <span class='ocrx_word' id='word_1_188' title='bbox 1218 1234 1422 1273; x_wconf 86' lang='lat' dir='ltr'>‘miserae</span> <span class='ocrx_word' id='word_1_189' title='bbox 1460 1233 1593 1272; x_wconf 90' lang='lat' dir='ltr'>menti</span> <span class='ocrx_word' id='word_1_190' title='bbox 1632 1236 1747 1278; x_wconf 86' lang='lat' dir='ltr'>tuae,</span> 
     </span>
     <span class='ocr_line' id='line_1_21' title="bbox 154 1286 1748 1339; baseline -0.001 -12"><span class='ocrx_word' id='word_1_191' title='bbox 154 1302 251 1327; x_wconf 91' lang='lat' dir='ltr'>cum</span> <span class='ocrx_word' id='word_1_192' title='bbox 271 1302 324 1327; x_wconf 89' lang='lat' dir='ltr'>ne</span> <span class='ocrx_word' id='word_1_193' title='bbox 345 1288 532 1327; x_wconf 87' lang='lat' dir='ltr'>curando</span> <span class='ocrx_word' id='word_1_194' title='bbox 553 1289 725 1339; x_wconf 90' lang='lat' dir='ltr'>quidem</span> <span class='ocrx_word' id='word_1_195' title='bbox 747 1289 910 1339; x_wconf 85' lang='lat' dir='ltr'>corpori</span> <span class='ocrx_word' id='word_1_196' title='bbox 929 1290 1015 1327; x_wconf 89' lang='lat' dir='ltr'>iam</span> <span class='ocrx_word' id='word_1_197' title='bbox 1041 1288 1195 1327; x_wconf 84' lang='lat' dir='ltr'>affecto</span> <span class='ocrx_word' id='word_1_198' title='bbox 1220 1288 1513 1327; x_wconf 87' lang='lat' dir='ltr'>laxamentum</span> <span class='ocrx_word' id='word_1_199' title='bbox 1534 1286 1716 1326; x_wconf 80' lang='lat' dir='ltr'>habeas!</span> <span class='ocrx_word' id='word_1_200' title='bbox 1739 1286 1748 1301; x_wconf 86' lang='lat'><em>&#39;</em></span> 
     </span>
     <span class='ocr_line' id='line_1_22' title="bbox 153 1342 1807 1394; baseline -0.001 -13"><span class='ocrx_word' id='word_1_201' title='bbox 153 1343 236 1382; x_wconf 84' lang='lat' dir='ltr'>Sed</span> <span class='ocrx_word' id='word_1_202' title='bbox 261 1344 318 1382; x_wconf 90' lang='lat' dir='ltr'>sic</span> <span class='ocrx_word' id='word_1_203' title='bbox 344 1342 590 1394; x_wconf 88' lang='lat' dir='ltr'>plectuntur</span> <span class='ocrx_word' id='word_1_204' title='bbox 618 1342 705 1381; x_wconf 83' lang='lat' dir='ltr'>fere</span> <span class='ocrx_word' id='word_1_205' title='bbox 733 1344 806 1393; x_wconf 91' lang='lat' dir='ltr'>qui</span> <span class='ocrx_word' id='word_1_206' title='bbox 834 1344 879 1381; x_wconf 92' lang='lat' dir='ltr'>in</span> <span class='ocrx_word' id='word_1_207' title='bbox 908 1356 1065 1381; x_wconf 90' lang='lat' dir='ltr'>nexum</span> <span class='ocrx_word' id='word_1_208' title='bbox 1099 1356 1187 1381; x_wconf 88' lang='lat' dir='ltr'>seso</span> <span class='ocrx_word' id='word_1_209' title='bbox 1221 1342 1386 1381; x_wconf 88' lang='lat' dir='ltr'>dedunt</span> <span class='ocrx_word' id='word_1_210' title='bbox 1416 1343 1643 1381; x_wconf 84' lang='lat' dir='ltr'>inscientes</span> <span class='ocrx_word' id='word_1_211' title='bbox 1674 1342 1748 1379; x_wconf 89' lang='lat' dir='ltr'>im-</span> <span class='ocrx_word' id='word_1_212' title='bbox 1769 1358 1807 1390; x_wconf 78' lang='lat'>25</span> 
     </span>
     <span class='ocr_line' id='line_1_23' title="bbox 153 1395 1747 1448; baseline -0.001 -12"><span class='ocrx_word' id='word_1_213' title='bbox 153 1397 480 1448; x_wconf 88' lang='lat' dir='ltr'>prudentesque.</span> <span class='ocrx_word' id='word_1_214' title='bbox 538 1396 749 1436; x_wconf 88' lang='lat' dir='ltr'>Nimirum</span> <span class='ocrx_word' id='word_1_215' title='bbox 772 1396 917 1435; x_wconf 79' lang='lat' dir='ltr'>fatalis</span> <span class='ocrx_word' id='word_1_216' title='bbox 937 1397 1040 1435; x_wconf 90' lang='lat' dir='ltr'>mihi</span> <span class='ocrx_word' id='word_1_217' title='bbox 1063 1396 1147 1435; x_wconf 79' lang='lat' dir='ltr'>fuit</span> <span class='ocrx_word' id='word_1_218' title='bbox 1170 1397 1295 1435; x_wconf 91' lang='lat' dir='ltr'>huius</span> <span class='ocrx_word' id='word_1_219' title='bbox 1317 1397 1521 1447; x_wconf 87' lang='lat' dir='ltr'>temporis</span> <span class='ocrx_word' id='word_1_220' title='bbox 1546 1395 1747 1441; x_wconf 74' lang='lat' dir='ltr'>conditio,</span> 
     </span>
     <span class='ocr_line' id='line_1_24' title="bbox 153 1450 1748 1502; baseline -0.001 -13"><span class='ocrx_word' id='word_1_221' title='bbox 153 1455 283 1502; x_wconf 91' lang='lat' dir='ltr'>atque</span> <span class='ocrx_word' id='word_1_222' title='bbox 320 1451 426 1490; x_wconf 90' lang='lat' dir='ltr'>adeo</span> <span class='ocrx_word' id='word_1_223' title='bbox 455 1451 580 1490; x_wconf 90' lang='lat' dir='ltr'>huius</span> <span class='ocrx_word' id='word_1_224' title='bbox 610 1450 767 1489; x_wconf 88' lang='lat' dir='ltr'>biennii</span> <span class='ocrx_word' id='word_1_225' title='bbox 800 1452 1073 1501; x_wconf 86' lang='lat' dir='ltr'>intemperies</span> <span class='ocrx_word' id='word_1_226' title='bbox 1103 1452 1318 1490; x_wconf 89' lang='lat' dir='ltr'>rationum</span> <span class='ocrx_word' id='word_1_227' title='bbox 1352 1463 1543 1489; x_wconf 89' lang='lat' dir='ltr'>mearum</span> <span class='ocrx_word' id='word_1_228' title='bbox 1579 1453 1748 1488; x_wconf 89' lang='lat' dir='ltr'>contur-</span> 
     </span>
     <span class='ocr_line' id='line_1_25' title="bbox 153 1501 1586 1556; baseline -0.001 -12"><span class='ocrx_word' id='word_1_229' title='bbox 153 1505 295 1544; x_wconf 88' lang='lat' dir='ltr'>batrix</span> <span class='ocrx_word' id='word_1_230' title='bbox 315 1505 463 1544; x_wconf 86' lang='lat' dir='ltr'>extitit</span> <span class='ocrx_word' id='word_1_231' title='bbox 482 1518 489 1543; x_wconf 94' lang='lat'><strong>:</strong></span> <span class='ocrx_word' id='word_1_232' title='bbox 521 1518 667 1544; x_wconf 86' lang='lat' dir='ltr'>earum</span> <span class='ocrx_word' id='word_1_233' title='bbox 687 1504 859 1556; x_wconf 89' lang='lat' dir='ltr'>quidem</span> <span class='ocrx_word' id='word_1_234' title='bbox 881 1509 1006 1552; x_wconf 86' lang='lat' dir='ltr'>certe,</span> <span class='ocrx_word' id='word_1_235' title='bbox 1031 1501 1138 1556; x_wconf 77' lang='lat' dir='ltr'>q’uas</span> <span class='ocrx_word' id='word_1_236' title='bbox 1161 1518 1258 1544; x_wconf 89' lang='lat' dir='ltr'>cum</span> <span class='ocrx_word' id='word_1_237' title='bbox 1280 1505 1413 1544; x_wconf 86' lang='lat' dir='ltr'>literis</span> <span class='ocrx_word' id='word_1_238' title='bbox 1435 1504 1586 1543; x_wconf 88' lang='lat' dir='ltr'>habeo.</span> 
     </span>
    </p>

    <p class='ocr_par' dir='ltr' id='par_1_2' title="bbox 152 1559 1815 2365">
     <span class='ocr_line' id='line_1_26' title="bbox 205 1559 1749 1611; baseline -0.001 -13"><span class='ocrx_word' id='word_1_239' title='bbox 205 1559 362 1599; x_wconf 90' lang='lat' dir='ltr'>Verum</span> <span class='ocrx_word' id='word_1_240' title='bbox 396 1559 500 1598; x_wconf 90' lang='lat' dir='ltr'>haec</span> <span class='ocrx_word' id='word_1_241' title='bbox 534 1559 773 1598; x_wconf 90' lang='lat' dir='ltr'>studiorum</span> <span class='ocrx_word' id='word_1_242' title='bbox 807 1559 1029 1598; x_wconf 88' lang='lat' dir='ltr'>calamitas</span> <span class='ocrx_word' id='word_1_243' title='bbox 1063 1559 1312 1611; x_wconf 86' lang='lat' dir='ltr'>cupiditatis</span> <span class='ocrx_word' id='word_1_244' title='bbox 1345 1560 1507 1598; x_wconf 87' lang='lat' dir='ltr'>vitione</span> <span class='ocrx_word' id='word_1_245' title='bbox 1541 1561 1749 1603; x_wconf 86' lang='lat' dir='ltr'>vertatur,</span> 
     </span>
     <span class='ocr_line' id='line_1_27' title="bbox 152 1612 1814 1665; baseline 0 -13"><span class='ocrx_word' id='word_1_246' title='bbox 152 1626 303 1665; x_wconf 86' lang='lat' dir='ltr'>operae</span> <span class='ocrx_word' id='word_1_247' title='bbox 327 1614 408 1653; x_wconf 87' lang='lat' dir='ltr'>erit</span> <span class='ocrx_word' id='word_1_248' title='bbox 432 1615 620 1664; x_wconf 89' lang='lat' dir='ltr'>precium</span> <span class='ocrx_word' id='word_1_249' title='bbox 643 1626 731 1652; x_wconf 90' lang='lat' dir='ltr'>rem</span> <span class='ocrx_word' id='word_1_250' title='bbox 758 1626 783 1652; x_wconf 89' lang='lat' dir='ltr'>a</span> <span class='ocrx_word' id='word_1_251' title='bbox 808 1614 948 1664; x_wconf 89' lang='lat' dir='ltr'>capite</span> <span class='ocrx_word' id='word_1_252' title='bbox 972 1627 1234 1665; x_wconf 82' lang='lat' dir='ltr'>cognoscere,</span> <span class='ocrx_word' id='word_1_253' title='bbox 1259 1615 1323 1653; x_wconf 89' lang='lat' dir='ltr'>ita</span> <span class='ocrx_word' id='word_1_254' title='bbox 1347 1613 1604 1652; x_wconf 87' lang='lat' dir='ltr'>sententiam</span> <span class='ocrx_word' id='word_1_255' title='bbox 1627 1612 1749 1651; x_wconf 83' lang='lat' dir='ltr'>ferre.</span> <span class='ocrx_word' id='word_1_256' title='bbox 1771 1629 1814 1661; x_wconf 89' lang='lat'>30</span> 
     </span>
     <span class='ocr_line' id='line_1_28' title="bbox 152 1667 1751 1719; baseline -0.001 -13"><span class='ocrx_word' id='word_1_257' title='bbox 152 1667 256 1706; x_wconf 91' lang='lat' dir='ltr'>Mihi</span> <span class='ocrx_word' id='word_1_258' title='bbox 290 1667 529 1719; x_wconf 85' lang='lat' dir='ltr'>supplicum</span> <span class='ocrx_word' id='word_1_259' title='bbox 564 1668 801 1707; x_wconf 89' lang='lat' dir='ltr'>libellorum</span> <span class='ocrx_word' id='word_1_260' title='bbox 837 1669 1127 1719; x_wconf 86' lang='lat' dir='ltr'>magisterium</span> <span class='ocrx_word' id='word_1_261' title='bbox 1162 1668 1418 1707; x_wconf 89' lang='lat' dir='ltr'>liberalitate</span> <span class='ocrx_word' id='word_1_262' title='bbox 1454 1667 1521 1706; x_wconf 88' lang='lat' dir='ltr'>vel</span> <span class='ocrx_word' id='word_1_263' title='bbox 1557 1667 1751 1706; x_wconf 87' lang='lat' dir='ltr'>bonitate</span> 
     </span>
     <span class='ocr_line' id='line_1_29' title="bbox 153 1722 1749 1773; baseline -0.001 -12"><span class='ocrx_word' id='word_1_264' title='bbox 153 1723 295 1772; x_wconf 88' lang='lat' dir='ltr'>potius</span> <span class='ocrx_word' id='word_1_265' title='bbox 310 1723 424 1773; x_wconf 86' lang='lat' dir='ltr'>regia</span> <span class='ocrx_word' id='word_1_266' title='bbox 442 1722 675 1761; x_wconf 89' lang='lat' dir='ltr'>obuenerat</span> <span class='ocrx_word' id='word_1_267' title='bbox 696 1735 703 1761; x_wconf 92' lang='lat'><strong>:</strong></span> <span class='ocrx_word' id='word_1_268' title='bbox 740 1726 790 1761; x_wconf 86' lang='lat' dir='ltr'>vt</span> <span class='ocrx_word' id='word_1_269' title='bbox 807 1723 986 1761; x_wconf 89' lang='lat' dir='ltr'>scribere</span> <span class='ocrx_word' id='word_1_270' title='bbox 1005 1722 1061 1761; x_wconf 89' lang='lat' dir='ltr'>ad</span> <span class='ocrx_word' id='word_1_271' title='bbox 1078 1727 1123 1762; x_wconf 88' lang='lat' dir='ltr'>te</span> <span class='ocrx_word' id='word_1_272' title='bbox 1141 1723 1327 1761; x_wconf 88' lang='lat' dir='ltr'>memini.</span> <span class='ocrx_word' id='word_1_273' title='bbox 1385 1723 1512 1761; x_wconf 88' lang='lat' dir='ltr'>Domi</span> <span class='ocrx_word' id='word_1_274' title='bbox 1528 1723 1640 1761; x_wconf 90' lang='lat' dir='ltr'>enim</span> <span class='ocrx_word' id='word_1_275' title='bbox 1656 1725 1749 1760; x_wconf 86' lang='lat' dir='ltr'>tum</span> 
     </span>
     <span class='ocr_line' id='line_1_30' title="bbox 152 1776 1750 1828; baseline -0.001 -14"><span class='ocrx_word' id='word_1_276' title='bbox 152 1788 281 1823; x_wconf 85' lang='lat' dir='ltr'>eram,</span> <span class='ocrx_word' id='word_1_277' title='bbox 318 1776 411 1815; x_wconf 82' lang='lat' dir='ltr'>Rex</span> <span class='ocrx_word' id='word_1_278' title='bbox 445 1780 590 1815; x_wconf 88' lang='lat' dir='ltr'>autem</span> <span class='ocrx_word' id='word_1_279' title='bbox 625 1780 717 1815; x_wconf 88' lang='lat' dir='ltr'>erat</span> <span class='ocrx_word' id='word_1_280' title='bbox 751 1789 847 1815; x_wconf 91' lang='lat' dir='ltr'>cum</span> <span class='ocrx_word' id='word_1_281' title='bbox 882 1777 1091 1815; x_wconf 86' lang='lat' dir='ltr'>comitatu</span> <span class='ocrx_word' id='word_1_282' title='bbox 1125 1776 1350 1828; x_wconf 83' lang='lat' dir='ltr'>Lugduni;</span> <span class='ocrx_word' id='word_1_283' title='bbox 1402 1776 1514 1815; x_wconf 83' lang='lat' dir='ltr'>vnde</span> <span class='ocrx_word' id='word_1_284' title='bbox 1548 1788 1616 1814; x_wconf 91' lang='lat' dir='ltr'>me</span> <span class='ocrx_word' id='word_1_285' title='bbox 1650 1779 1750 1814; x_wconf 88' lang='lat' dir='ltr'>ante</span> 
     </span>
     <span class='ocr_line' id='line_1_31' title="bbox 152 1829 1751 1882; baseline -0.001 -13"><span class='ocrx_word' id='word_1_286' title='bbox 152 1843 339 1869; x_wconf 90' lang='lat' dir='ltr'>mensem</span> <span class='ocrx_word' id='word_1_287' title='bbox 376 1831 541 1869; x_wconf 89' lang='lat' dir='ltr'>circiter</span> <span class='ocrx_word' id='word_1_288' title='bbox 575 1830 875 1877; x_wconf 88' lang='lat' dir='ltr'>subduxeram,</span> <span class='ocrx_word' id='word_1_289' title='bbox 913 1834 1155 1870; x_wconf 89' lang='lat' dir='ltr'>commeatu</span> <span class='ocrx_word' id='word_1_290' title='bbox 1190 1844 1276 1870; x_wconf 93' lang='lat' dir='ltr'>non</span> <span class='ocrx_word' id='word_1_291' title='bbox 1310 1832 1555 1882; x_wconf 88' lang='lat' dir='ltr'>impetrato,</span> <span class='ocrx_word' id='word_1_292' title='bbox 1592 1833 1643 1868; x_wconf 87' lang='lat' dir='ltr'>vt</span> <span class='ocrx_word' id='word_1_293' title='bbox 1677 1829 1751 1879; x_wconf 89' lang='lat' dir='ltr'>qui</span> 
     </span>
     <span class='ocr_line' id='line_1_32' title="bbox 153 1884 1810 1936; baseline -0.001 -13"><span class='ocrx_word' id='word_1_294' title='bbox 153 1884 266 1923; x_wconf 83' lang='lat' dir='ltr'>vltra</span> <span class='ocrx_word' id='word_1_295' title='bbox 308 1884 415 1923; x_wconf 85' lang='lat' dir='ltr'>ferre</span> <span class='ocrx_word' id='word_1_296' title='bbox 458 1885 713 1924; x_wconf 88' lang='lat' dir='ltr'>desiderium</span> <span class='ocrx_word' id='word_1_297' title='bbox 756 1890 826 1924; x_wconf 68' lang='grc' dir='ltr'>τῶν</span> <span class='ocrx_word' id='word_1_298' title='bbox 870 1887 1047 1925; x_wconf 75' lang='grc' dir='ltr'>παιδικῶν</span> <span class='ocrx_word' id='word_1_299' title='bbox 1087 1898 1173 1924; x_wconf 92' lang='lat' dir='ltr'>non</span> <span class='ocrx_word' id='word_1_300' title='bbox 1216 1898 1383 1936; x_wconf 87' lang='lat' dir='ltr'>possem</span> <span class='ocrx_word' id='word_1_301' title='bbox 1425 1890 1497 1924; x_wconf 77' lang='grc' dir='ltr'>τῶν</span> <span class='ocrx_word' id='word_1_302' title='bbox 1540 1886 1748 1935; x_wconf 81' lang='grc' dir='ltr'>ἡμετέρων;</span> <span class='ocrx_word' id='word_1_303' title='bbox 1772 1900 1810 1932; x_wconf 84' lang='lat'>35</span> 
     </span>
     <span class='ocr_line' id='line_1_33' title="bbox 152 1937 1751 1991; baseline -0.001 -14"><span class='ocrx_word' id='word_1_304' title='bbox 152 1951 228 1978; x_wconf 89' lang='lat' dir='ltr'>nec</span> <span class='ocrx_word' id='word_1_305' title='bbox 258 1939 362 1978; x_wconf 87' lang='lat' dir='ltr'>mihi</span> <span class='ocrx_word' id='word_1_306' title='bbox 390 1951 485 1978; x_wconf 90' lang='lat' dir='ltr'>eam</span> <span class='ocrx_word' id='word_1_307' title='bbox 514 1939 725 1979; x_wconf 82' lang='lat' dir='ltr'>reuisendi</span> <span class='ocrx_word' id='word_1_308' title='bbox 754 1940 923 1979; x_wconf 88' lang='lat' dir='ltr'>veniam</span> <span class='ocrx_word' id='word_1_309' title='bbox 952 1939 1170 1991; x_wconf 85' lang='lat' dir='ltr'>indulgere</span> <span class='ocrx_word' id='word_1_310' title='bbox 1199 1939 1293 1978; x_wconf 86' lang='lat' dir='ltr'>Rex</span> <span class='ocrx_word' id='word_1_311' title='bbox 1323 1939 1531 1978; x_wconf 86' lang='lat' dir='ltr'>voluerat.</span> <span class='ocrx_word' id='word_1_312' title='bbox 1589 1937 1677 1978; x_wconf 83' lang='lat' dir='ltr'>Sub</span> <span class='ocrx_word' id='word_1_313' title='bbox 1706 1937 1751 1976; x_wconf 91' lang='lat' dir='ltr'>id</span> 
     </span>
     <span class='ocr_line' id='line_1_34' title="bbox 152 1993 1748 2045; baseline -0.001 -14"><span class='ocrx_word' id='word_1_314' title='bbox 152 1996 322 2044; x_wconf 87' lang='lat' dir='ltr'>tempus</span> <span class='ocrx_word' id='word_1_315' title='bbox 354 1994 534 2045; x_wconf 84' lang='lat' dir='ltr'>contigit</span> <span class='ocrx_word' id='word_1_316' title='bbox 565 1997 615 2032; x_wconf 91' lang='lat' dir='ltr'>vt</span> <span class='ocrx_word' id='word_1_317' title='bbox 646 2007 755 2032; x_wconf 86' lang='lat' dir='ltr'>vnus</span> <span class='ocrx_word' id='word_1_318' title='bbox 786 2007 808 2032; x_wconf 88' lang='lat' dir='ltr'>e</span> <span class='ocrx_word' id='word_1_319' title='bbox 840 1994 1013 2045; x_wconf 84' lang='lat' dir='ltr'>collegio</span> <span class='ocrx_word' id='word_1_320' title='bbox 1042 1998 1188 2033; x_wconf 86' lang='lat' dir='ltr'>nostro</span> <span class='ocrx_word' id='word_1_321' title='bbox 1217 1994 1466 2033; x_wconf 87' lang='lat' dir='ltr'>demortuus</span> <span class='ocrx_word' id='word_1_322' title='bbox 1496 1993 1612 2031; x_wconf 88' lang='lat' dir='ltr'>illinc</span> <span class='ocrx_word' id='word_1_323' title='bbox 1643 2004 1748 2031; x_wconf 91' lang='lat' dir='ltr'>nun-</span> 
     </span>
     <span class='ocr_line' id='line_1_35' title="bbox 153 2047 1750 2099; baseline -0.001 -14"><span class='ocrx_word' id='word_1_324' title='bbox 153 2048 348 2094; x_wconf 88' lang='lat' dir='ltr'>ciaretur,</span> <span class='ocrx_word' id='word_1_325' title='bbox 366 2051 410 2086; x_wconf 92' lang='lat' dir='ltr'>et</span> <span class='ocrx_word' id='word_1_326' title='bbox 425 2047 551 2086; x_wconf 90' lang='lat' dir='ltr'>simul</span> <span class='ocrx_word' id='word_1_327' title='bbox 566 2047 753 2099; x_wconf 78' lang='lat' dir='ltr'>plerique</span> <span class='ocrx_word' id='word_1_328' title='bbox 770 2048 873 2087; x_wconf 91' lang='lat' dir='ltr'>mihi</span> <span class='ocrx_word' id='word_1_329' title='bbox 889 2048 1001 2088; x_wconf 90' lang='lat' dir='ltr'>hunc</span> <span class='ocrx_word' id='word_1_330' title='bbox 1017 2048 1221 2087; x_wconf 86' lang='lat' dir='ltr'>honorem</span> <span class='ocrx_word' id='word_1_331' title='bbox 1237 2049 1376 2088; x_wconf 89' lang='lat' dir='ltr'>omine</span> <span class='ocrx_word' id='word_1_332' title='bbox 1391 2048 1531 2087; x_wconf 84' lang='lat' dir='ltr'>famae</span> <span class='ocrx_word' id='word_1_333' title='bbox 1547 2047 1750 2086; x_wconf 89' lang='lat' dir='ltr'>destinari</span> 
     </span>
     <span class='ocr_line' id='line_1_36' title="bbox 154 2101 1751 2154; baseline 0 -15"><span class='ocrx_word' id='word_1_334' title='bbox 154 2101 366 2141; x_wconf 82' lang='lat' dir='ltr'>dicebant.</span> <span class='ocrx_word' id='word_1_335' title='bbox 425 2101 515 2154; x_wconf 89' lang='lat' dir='ltr'>Ego</span> <span class='ocrx_word' id='word_1_336' title='bbox 541 2103 615 2153; x_wconf 89' lang='lat' dir='ltr'>qui</span> <span class='ocrx_word' id='word_1_337' title='bbox 639 2103 702 2141; x_wconf 87' lang='lat' dir='ltr'>ita</span> <span class='ocrx_word' id='word_1_338' title='bbox 727 2116 779 2141; x_wconf 90' lang='lat' dir='ltr'>ex</span> <span class='ocrx_word' id='word_1_339' title='bbox 805 2102 903 2141; x_wconf 90' lang='lat' dir='ltr'>aula</span> <span class='ocrx_word' id='word_1_340' title='bbox 929 2115 995 2142; x_wconf 91' lang='lat' dir='ltr'>me</span> <span class='ocrx_word' id='word_1_341' title='bbox 1020 2104 1334 2154; x_wconf 86' lang='lat' dir='ltr'>proripuissem,</span> <span class='ocrx_word' id='word_1_342' title='bbox 1362 2106 1412 2142; x_wconf 89' lang='lat' dir='ltr'>vt</span> <span class='ocrx_word' id='word_1_343' title='bbox 1436 2103 1648 2141; x_wconf 87' lang='lat' dir='ltr'>neminem</span> <span class='ocrx_word' id='word_1_344' title='bbox 1674 2105 1751 2140; x_wconf 88' lang='lat' dir='ltr'>aut</span> 
     </span>
     <span class='ocr_line' id='line_1_37' title="bbox 153 2155 1815 2209; baseline 0.001 -15"><span class='ocrx_word' id='word_1_345' title='bbox 153 2155 449 2206; x_wconf 79' lang='lat' dir='ltr'>stipulatorem</span> <span class='ocrx_word' id='word_1_346' title='bbox 474 2160 551 2195; x_wconf 89' lang='lat' dir='ltr'>aut</span> <span class='ocrx_word' id='word_1_347' title='bbox 576 2156 899 2208; x_wconf 82' lang='lat' dir='ltr'>suffragatorem</span> <span class='ocrx_word' id='word_1_348' title='bbox 926 2157 1143 2209; x_wconf 87' lang='lat' dir='ltr'>reliquisse</span> <span class='ocrx_word' id='word_1_349' title='bbox 1172 2170 1239 2196; x_wconf 90' lang='lat' dir='ltr'>me</span> <span class='ocrx_word' id='word_1_350' title='bbox 1267 2158 1416 2197; x_wconf 89' lang='lat' dir='ltr'>scirem</span> <span class='ocrx_word' id='word_1_351' title='bbox 1440 2157 1520 2196; x_wconf 86' lang='lat' dir='ltr'>nisi</span> <span class='ocrx_word' id='word_1_352' title='bbox 1545 2156 1751 2206; x_wconf 87' lang='lat' dir='ltr'>Principis</span> <span class='ocrx_word' id='word_1_353' title='bbox 1771 2174 1815 2204; x_wconf 74' lang='lat'>40</span> 
     </span>
     <span class='ocr_line' id='line_1_38' title="bbox 155 2210 1752 2262; baseline 0 -14"><span class='ocrx_word' id='word_1_354' title='bbox 155 2210 467 2249; x_wconf 87' lang='lat' dir='ltr'>humanitatem</span> <span class='ocrx_word' id='word_1_355' title='bbox 493 2215 538 2250; x_wconf 90' lang='lat' dir='ltr'>et</span> <span class='ocrx_word' id='word_1_356' title='bbox 562 2210 689 2250; x_wconf 91' lang='lat' dir='ltr'>fidem</span> <span class='ocrx_word' id='word_1_357' title='bbox 717 2211 894 2260; x_wconf 90' lang='lat' dir='ltr'>(iamdiu</span> <span class='ocrx_word' id='word_1_358' title='bbox 919 2213 1032 2250; x_wconf 88' lang='lat' dir='ltr'>enim</span> <span class='ocrx_word' id='word_1_359' title='bbox 1058 2212 1162 2250; x_wconf 89' lang='lat' dir='ltr'>mihi</span> <span class='ocrx_word' id='word_1_360' title='bbox 1187 2225 1284 2251; x_wconf 90' lang='lat' dir='ltr'>eum</span> <span class='ocrx_word' id='word_1_361' title='bbox 1310 2212 1513 2251; x_wconf 90' lang='lat' dir='ltr'>honorem</span> <span class='ocrx_word' id='word_1_362' title='bbox 1538 2210 1752 2262; x_wconf 77' lang='lat' dir='ltr'>pollicitus</span> 
     </span>
     <span class='ocr_line' id='line_1_39' title="bbox 152 2263 1751 2318; baseline -0.001 -16"><span class='ocrx_word' id='word_1_363' title='bbox 152 2264 323 2313; x_wconf 81' lang='lat' dir='ltr'>fuerat),</span> <span class='ocrx_word' id='word_1_364' title='bbox 347 2266 518 2316; x_wconf 90' lang='lat' dir='ltr'>propior</span> <span class='ocrx_word' id='word_1_365' title='bbox 542 2269 689 2304; x_wconf 86' lang='lat' dir='ltr'>tamen</span> <span class='ocrx_word' id='word_1_366' title='bbox 710 2266 799 2316; x_wconf 91' lang='lat' dir='ltr'>spei</span> <span class='ocrx_word' id='word_1_367' title='bbox 825 2266 913 2305; x_wconf 93' lang='lat' dir='ltr'>solo</span> <span class='ocrx_word' id='word_1_368' title='bbox 936 2267 1090 2305; x_wconf 86' lang='lat' dir='ltr'>mentis</span> <span class='ocrx_word' id='word_1_369' title='bbox 1112 2267 1288 2318; x_wconf 84' lang='lat' dir='ltr'>augurio</span> <span class='ocrx_word' id='word_1_370' title='bbox 1310 2270 1441 2317; x_wconf 89' lang='lat' dir='ltr'>atque</span> <span class='ocrx_word' id='word_1_371' title='bbox 1463 2263 1751 2316; x_wconf 83' lang='lat' dir='ltr'>expectationi</span> 
     </span>
     <span class='ocr_line' id='line_1_40' title="bbox 154 2319 1751 2365; baseline 0 -9"><span class='ocrx_word' id='word_1_372' title='bbox 154 2331 281 2365; x_wconf 85' lang='lat' dir='ltr'>eram,</span> <span class='ocrx_word' id='word_1_373' title='bbox 321 2320 493 2358; x_wconf 90' lang='lat' dir='ltr'>tametsi</span> <span class='ocrx_word' id='word_1_374' title='bbox 529 2319 863 2359; x_wconf 85' lang='lat' dir='ltr'>dissimulabam.</span> <span class='ocrx_word' id='word_1_375' title='bbox 921 2321 1009 2360; x_wconf 89' lang='lat' dir='ltr'>Nec</span> <span class='ocrx_word' id='word_1_376' title='bbox 1046 2325 1191 2360; x_wconf 88' lang='lat' dir='ltr'>tamen</span> <span class='ocrx_word' id='word_1_377' title='bbox 1229 2333 1325 2360; x_wconf 90' lang='lat' dir='ltr'>cum</span> <span class='ocrx_word' id='word_1_378' title='bbox 1363 2334 1428 2359; x_wconf 88' lang='lat' dir='ltr'>res</span> <span class='ocrx_word' id='word_1_379' title='bbox 1465 2321 1568 2359; x_wconf 89' lang='lat' dir='ltr'>satis</span> <span class='ocrx_word' id='word_1_380' title='bbox 1597 2319 1670 2358; x_wconf 89' lang='lat' dir='ltr'>diu</span> <span class='ocrx_word' id='word_1_381' title='bbox 1707 2319 1751 2356; x_wconf 88' lang='lat' dir='ltr'>in</span> 
     </span>
    </p>
   </div>
   <div class='ocr_carea' id='block_1_2' title="bbox 198 2427 729 2470">
    <p class='ocr_par' dir='ltr' id='par_1_3' title="bbox 198 2427 729 2470">
     <span class='ocr_line' id='line_1_41' title="bbox 198 2427 729 2470; baseline 0.002 -12"><span class='ocrx_word' id='word_1_382' title='bbox 198 2438 228 2469; x_wconf 86' lang='lat'>5.</span> <span class='ocrx_word' id='word_1_383' title='bbox 255 2427 455 2467; x_wconf 86' lang='lat' dir='ltr'>Morletum]</span> <span class='ocrx_word' id='word_1_384' title='bbox 472 2428 534 2461; x_wconf 82' lang='lat' dir='ltr'>See</span> <span class='ocrx_word' id='word_1_385' title='bbox 550 2428 615 2470; x_wconf 87' lang='lat' dir='ltr'>Ep.</span> <span class='ocrx_word' id='word_1_386' title='bbox 637 2437 729 2469; x_wconf 86' lang='lat'>1354.</span> 
     </span>
    </p>
   </div>
   <div class='ocr_carea' id='block_1_3' title="bbox 243 2427 1750 2511">
    <p class='ocr_par' dir='ltr' id='par_1_4' title="bbox 243 2427 1750 2511">
     <span class='ocr_line' id='line_1_42' title="bbox 989 2427 1750 2471; baseline -0.003 -11"><span class='ocrx_word' id='word_1_387' title='bbox 989 2429 1105 2467; x_wconf 84' lang='lat' dir='ltr'>ruelle,</span> <span class='ocrx_word' id='word_1_388' title='bbox 1127 2430 1164 2461; x_wconf 79' lang='lat' dir='ltr'>G.</span> <span class='ocrx_word' id='word_1_389' title='bbox 1188 2430 1294 2467; x_wconf 75' lang='grc' dir='ltr'>Βιιάέ,</span> <span class='ocrx_word' id='word_1_390' title='bbox 1316 2440 1375 2471; x_wconf 84' lang='lat' dir='ltr'>pp.</span> <span class='ocrx_word' id='word_1_391' title='bbox 1395 2431 1481 2469; x_wconf 51' lang='lat'>884).</span> <span class='ocrx_word' id='word_1_392' title='bbox 1534 2428 1606 2459; x_wconf 88' lang='lat' dir='ltr'>The</span> <span class='ocrx_word' id='word_1_393' title='bbox 1628 2427 1750 2468; x_wconf 75' lang='lat' dir='ltr'>family</span> 
     </span>
     <span class='ocr_line' id='line_1_43' title="bbox 243 2471 915 2511; baseline 0.001 -9"><span class='ocrx_word' id='word_1_394' title='bbox 243 2471 457 2511; x_wconf 74' lang='lat' dir='ltr'>Quaestoris]</span> <span class='ocrx_word' id='word_1_395' title='bbox 535 2472 565 2504; x_wconf 93' lang='lat' dir='ltr'>A</span> <span class='ocrx_word' id='word_1_396' title='bbox 646 2471 791 2504; x_wconf 86' lang='lat' dir='ltr'>Morelct</span> <span class='ocrx_word' id='word_1_397' title='bbox 868 2471 915 2503; x_wconf 87' lang='lat' dir='ltr'>du</span> 
     </span>
    </p>
   </div>
   <div class='ocr_carea' id='block_1_4' title="bbox 989 2470 1751 2514">
    <p class='ocr_par' dir='ltr' id='par_1_5' title="bbox 989 2470 1751 2514">
     <span class='ocr_line' id='line_1_44' title="bbox 989 2470 1751 2514; baseline -0.001 -11"><span class='ocrx_word' id='word_1_398' title='bbox 989 2483 1059 2504; x_wconf 85' lang='lat' dir='ltr'>was</span> <span class='ocrx_word' id='word_1_399' title='bbox 1081 2473 1321 2514; x_wconf 62' lang='lat' dir='ltr'>Burgufflian,</span> <span class='ocrx_word' id='word_1_400' title='bbox 1343 2474 1433 2505; x_wconf 83' lang='lat' dir='ltr'>from</span> <span class='ocrx_word' id='word_1_401' title='bbox 1461 2473 1520 2504; x_wconf 80' lang='lat' dir='ltr'>the</span> <span class='ocrx_word' id='word_1_402' title='bbox 1543 2470 1751 2512; x_wconf 83' lang='lat' dir='ltr'>neighbour-</span> 
     </span>
    </p>
   </div>
   <div class='ocr_carea' id='block_1_5' title="bbox 0 2967 13 3370">
    <p class='ocr_par' dir='ltr' id='par_1_6' title="bbox 0 2967 13 3370">
     <span class='ocr_line' id='line_1_45' title="bbox 0 2967 13 3370; baseline 0 0"><span class='ocrx_word' id='word_1_403' title='bbox 0 2967 13 3370; x_wconf 95' lang='lat' dir='ltr'> </span> 
     </span>
    </p>
   </div>
   <div class='ocr_carea' id='block_1_6' title="bbox 154 2513 918 3073">
    <p class='ocr_par' dir='ltr' id='par_1_7' title="bbox 154 2513 918 3073">
     <span class='ocr_line' id='line_1_46' title="bbox 154 2513 913 2552; baseline 0.001 -7"><span class='ocrx_word' id='word_1_404' title='bbox 154 2513 309 2552; x_wconf 83' lang='lat' dir='ltr'>Museau,</span> <span class='ocrx_word' id='word_1_405' title='bbox 334 2515 412 2546; x_wconf 89' lang='lat' dir='ltr'>who</span> <span class='ocrx_word' id='word_1_406' title='bbox 435 2525 505 2547; x_wconf 82' lang='lat' dir='ltr'>was</span> <span class='ocrx_word' id='word_1_407' title='bbox 531 2514 539 2528; x_wconf 79' lang='lat'>⁶</span> <span class='ocrx_word' id='word_1_408' title='bbox 554 2515 715 2548; x_wconf 88' lang='lat' dir='ltr'>tribunus</span> <span class='ocrx_word' id='word_1_409' title='bbox 739 2515 892 2547; x_wconf 83' lang='lat' dir='ltr'>aerarius</span> <span class='ocrx_word' id='word_1_410' title='bbox 906 2516 913 2529; x_wconf 81' lang='lat'>²</span> 
     </span>
     <span class='ocr_line' id='line_1_47' title="bbox 154 2557 916 2592; baseline 0.001 -3"><span class='ocrx_word' id='word_1_411' title='bbox 154 2557 207 2589; x_wconf 84' lang='lat' dir='ltr'>for</span> <span class='ocrx_word' id='word_1_412' title='bbox 223 2558 282 2589; x_wconf 81' lang='lat' dir='ltr'>tho</span> <span class='ocrx_word' id='word_1_413' title='bbox 299 2558 430 2590; x_wconf 82' lang='lat' dir='ltr'>French</span> <span class='ocrx_word' id='word_1_414' title='bbox 448 2560 687 2592; x_wconf 78' lang='lat' dir='ltr'>Government</span> <span class='ocrx_word' id='word_1_415' title='bbox 702 2563 740 2590; x_wconf 85' lang='lat' dir='ltr'>at</span> <span class='ocrx_word' id='word_1_416' title='bbox 756 2559 863 2590; x_wconf 83' lang='lat' dir='ltr'>Milan</span> <span class='ocrx_word' id='word_1_417' title='bbox 879 2559 916 2590; x_wconf 88' lang='lat' dir='ltr'>in</span> 
     </span>
     <span class='ocr_line' id='line_1_48' title="bbox 158 2602 912 2645; baseline 0.003 -13"><span class='ocrx_word' id='word_1_418' title='bbox 158 2610 302 2641; x_wconf 76' lang='lat'>1510-11</span> <span class='ocrx_word' id='word_1_419' title='bbox 325 2602 499 2643; x_wconf 81' lang='lat' dir='ltr'>(Legrand</span> <span class='ocrx_word' id='word_1_420' title='bbox 514 2603 552 2642; x_wconf 90' lang='lat' dir='ltr'>ii,</span> <span class='ocrx_word' id='word_1_421' title='bbox 569 2614 602 2645; x_wconf 92' lang='lat' dir='ltr'>p.</span> <span class='ocrx_word' id='word_1_422' title='bbox 623 2613 684 2644; x_wconf 85' lang='lat'>333</span> <span class='ocrx_word' id='word_1_423' title='bbox 704 2617 735 2629; x_wconf 98' lang='lat'><strong><em>=</em></strong></span> <span class='ocrx_word' id='word_1_424' title='bbox 759 2603 848 2634; x_wconf 69' lang='lat'>313⁴.</span> <span class='ocrx_word' id='word_1_425' title='bbox 872 2604 912 2642; x_wconf 90' lang='lat'>1).</span> 
     </span>
     <span class='ocr_line' id='line_1_49' title="bbox 154 2644 915 2685; baseline 0.001 -10"><span class='ocrx_word' id='word_1_426' title='bbox 154 2644 227 2676; x_wconf 88' lang='lat' dir='ltr'>Thc</span> <span class='ocrx_word' id='word_1_427' title='bbox 245 2645 341 2676; x_wconf 74' lang='lat' dir='ltr'>Actes</span> <span class='ocrx_word' id='word_1_428' title='bbox 357 2646 396 2677; x_wconf 78' lang='lat' dir='ltr'>dc</span> <span class='ocrx_word' id='word_1_429' title='bbox 414 2646 578 2685; x_wconf 71' lang='lat' dir='ltr'>Francois</span> <span class='ocrx_word' id='word_1_430' title='bbox 595 2647 647 2678; x_wconf 74' lang='lat'>1⁶²·</span> <span class='ocrx_word' id='word_1_431' title='bbox 668 2647 763 2678; x_wconf 88' lang='lat' dir='ltr'>show</span> <span class='ocrx_word' id='word_1_432' title='bbox 782 2646 853 2677; x_wconf 89' lang='lat' dir='ltr'>him</span> <span class='ocrx_word' id='word_1_433' title='bbox 877 2656 915 2676; x_wconf 75' lang='lat' dir='ltr'>as</span> 
     </span>
     <span class='ocr_line' id='line_1_50' title="bbox 155 2687 916 2731; baseline 0 -12"><span class='ocrx_word' id='word_1_434' title='bbox 155 2690 163 2699; x_wconf 67' lang='lat'><strong>⁶</strong></span> <span class='ocrx_word' id='word_1_435' title='bbox 180 2688 339 2719; x_wconf 70' lang='lat' dir='ltr'>tresorier</span> <span class='ocrx_word' id='word_1_436' title='bbox 369 2688 429 2720; x_wconf 88' lang='lat' dir='ltr'>des</span> <span class='ocrx_word' id='word_1_437' title='bbox 460 2699 597 2731; x_wconf 80' lang='lat' dir='ltr'>guerres</span> <span class='ocrx_word' id='word_1_438' title='bbox 612 2689 619 2702; x_wconf 91' lang='lat'>&#39;</span> <span class='ocrx_word' id='word_1_439' title='bbox 653 2689 723 2721; x_wconf 80' lang='lat' dir='ltr'>and</span> <span class='ocrx_word' id='word_1_440' title='bbox 756 2687 764 2701; x_wconf 70' lang='lat'><strong>⁶</strong></span> <span class='ocrx_word' id='word_1_441' title='bbox 778 2689 916 2731; x_wconf 71' lang='lat' dir='ltr'>general</span> 
     </span>
     <span class='ocr_line' id='line_1_51' title="bbox 155 2731 916 2770; baseline 0.001 -8"><span class='ocrx_word' id='word_1_442' title='bbox 155 2731 215 2762; x_wconf 86' lang='lat' dir='ltr'>des</span> <span class='ocrx_word' id='word_1_443' title='bbox 244 2732 396 2764; x_wconf 79' lang='lat' dir='ltr'>finances</span> <span class='ocrx_word' id='word_1_444' title='bbox 409 2732 417 2746; x_wconf 89' lang='lat'><em>&#39;</em></span> <span class='ocrx_word' id='word_1_445' title='bbox 435 2744 443 2770; x_wconf 93' lang='lat'>;</span> <span class='ocrx_word' id='word_1_446' title='bbox 486 2743 523 2763; x_wconf 82' lang='lat' dir='ltr'>as</span> <span class='ocrx_word' id='word_1_447' title='bbox 556 2733 704 2764; x_wconf 80' lang='lat' dir='ltr'>married</span> <span class='ocrx_word' id='word_1_448' title='bbox 736 2736 774 2764; x_wconf 85' lang='lat' dir='ltr'>to</span> <span class='ocrx_word' id='word_1_449' title='bbox 809 2733 916 2764; x_wconf 81' lang='lat' dir='ltr'>Mario</span> 
     </span>
     <span class='ocr_line' id='line_1_52' title="bbox 155 2775 916 2817; baseline -0.001 -10"><span class='ocrx_word' id='word_1_450' title='bbox 155 2775 355 2816; x_wconf 72' lang='lat' dir='ltr'>Briccnnet,</span> <span class='ocrx_word' id='word_1_451' title='bbox 374 2775 444 2806; x_wconf 84' lang='lat' dir='ltr'>and</span> <span class='ocrx_word' id='word_1_452' title='bbox 462 2776 547 2808; x_wconf 81' lang='lat' dir='ltr'>with</span> <span class='ocrx_word' id='word_1_453' title='bbox 566 2787 587 2807; x_wconf 81' lang='lat' dir='ltr'>a</span> <span class='ocrx_word' id='word_1_454' title='bbox 602 2786 665 2808; x_wconf 90' lang='lat' dir='ltr'>son</span> <span class='ocrx_word' id='word_1_455' title='bbox 684 2776 827 2817; x_wconf 86' lang='lat' dir='ltr'>Antony</span> <span class='ocrx_word' id='word_1_456' title='bbox 846 2778 916 2815; x_wconf 86' lang='lat' dir='ltr'>(sec</span> 
     </span>
     <span class='ocr_line' id='line_1_53' title="bbox 155 2817 914 2860; baseline 0.001 -11"><span class='ocrx_word' id='word_1_457' title='bbox 155 2817 229 2850; x_wconf 85' lang='lat' dir='ltr'>also</span> <span class='ocrx_word' id='word_1_458' title='bbox 255 2819 320 2860; x_wconf 92' lang='lat' dir='ltr'>Ep.</span> <span class='ocrx_word' id='word_1_459' title='bbox 354 2820 474 2859; x_wconf 73' lang='lat'>1354);</span> <span class='ocrx_word' id='word_1_460' title='bbox 515 2819 585 2850; x_wconf 83' lang='lat' dir='ltr'>a-nd</span> <span class='ocrx_word' id='word_1_461' title='bbox 612 2830 650 2851; x_wconf 87' lang='lat' dir='ltr'>as</span> <span class='ocrx_word' id='word_1_462' title='bbox 680 2820 787 2860; x_wconf 83' lang='lat' dir='ltr'>†a.15</span> <span class='ocrx_word' id='word_1_463' title='bbox 824 2820 914 2851; x_wconf 89' lang='lat' dir='ltr'>Nov.</span> 
     </span>
     <span class='ocr_line' id='line_1_54' title="bbox 160 2862 918 2904; baseline 0 -12"><span class='ocrx_word' id='word_1_464' title='bbox 160 2871 251 2903; x_wconf 85' lang='lat'>1529.</span> <span class='ocrx_word' id='word_1_465' title='bbox 310 2862 480 2904; x_wconf 85' lang='lat' dir='ltr'>Possibly,</span> <span class='ocrx_word' id='word_1_466' title='bbox 514 2866 584 2902; x_wconf 85' lang='lat' dir='ltr'>too,</span> <span class='ocrx_word' id='word_1_467' title='bbox 623 2872 662 2894; x_wconf 88' lang='lat' dir='ltr'>as</span> <span class='ocrx_word' id='word_1_468' title='bbox 691 2862 918 2894; x_wconf 81' lang='lat' dir='ltr'>ambassador</span> 
     </span>
     <span class='ocr_line' id='line_1_55' title="bbox 156 2905 917 2947; baseline -0.001 -11"><span class='ocrx_word' id='word_1_469' title='bbox 156 2909 193 2936; x_wconf 79' lang='lat' dir='ltr'>to</span> <span class='ocrx_word' id='word_1_470' title='bbox 229 2905 454 2938; x_wconf 80' lang='lat' dir='ltr'>Switzcrland</span> <span class='ocrx_word' id='word_1_471' title='bbox 492 2906 582 2937; x_wconf 79' lang='lat' dir='ltr'>from</span> <span class='ocrx_word' id='word_1_472' title='bbox 626 2915 706 2947; x_wconf 78' lang='lat'>1522</span> <span class='ocrx_word' id='word_1_473' title='bbox 747 2905 917 2945; x_wconf 80' lang='lat' dir='ltr'>onwards,</span> 
     </span>
     <span class='ocr_line' id='line_1_56' title="bbox 157 2949 916 2990; baseline 0.001 -11"><span class='ocrx_word' id='word_1_474' title='bbox 157 2949 176 2988; x_wconf 89' lang='lat'>†</span> <span class='ocrx_word' id='word_1_475' title='bbox 188 2949 304 2989; x_wconf 80' lang='lat' dir='ltr'>n.May</span> <span class='ocrx_word' id='word_1_476' title='bbox 321 2958 403 2990; x_wconf 86' lang='lat'>1529</span> <span class='ocrx_word' id='word_1_477' title='bbox 419 2961 426 2980; x_wconf 74' lang='grc' dir='ltr'><strong>ε</strong></span> <span class='ocrx_word' id='word_1_478' title='bbox 454 2950 567 2981; x_wconf 83' lang='lat' dir='ltr'>unless</span> <span class='ocrx_word' id='word_1_479' title='bbox 581 2950 688 2981; x_wconf 79' lang='lat' dir='ltr'>thisis</span> <span class='ocrx_word' id='word_1_480' title='bbox 699 2950 751 2981; x_wconf 84' lang='lat' dir='ltr'>his</span> <span class='ocrx_word' id='word_1_481' title='bbox 764 2949 916 2987; x_wconf 86' lang='lat' dir='ltr'>brothor,</span> 
     </span>
     <span class='ocr_line' id='line_1_57' title="bbox 157 2991 917 3034; baseline 0.001 -12"><span class='ocrx_word' id='word_1_482' title='bbox 157 2991 250 3023; x_wconf 76' lang='lat' dir='ltr'>John</span> <span class='ocrx_word' id='word_1_483' title='bbox 266 2992 422 3030; x_wconf 78' lang='lat' dir='ltr'>Morclct,</span> <span class='ocrx_word' id='word_1_484' title='bbox 435 2993 495 3025; x_wconf 82' lang='lat' dir='ltr'>the</span> <span class='ocrx_word' id='word_1_485' title='bbox 508 2993 643 3025; x_wconf 80' lang='lat' dir='ltr'>scholar</span> <span class='ocrx_word' id='word_1_486' title='bbox 658 2993 728 3024; x_wconf 81' lang='lat' dir='ltr'>and</span> <span class='ocrx_word' id='word_1_487' title='bbox 744 2996 917 3034; x_wconf 77' lang='lat' dir='ltr'>sccrctary</span> 
     </span>
     <span class='ocr_line' id='line_1_58' title="bbox 158 3036 917 3073; baseline 0.003 -7"><span class='ocrx_word' id='word_1_488' title='bbox 158 3038 195 3066; x_wconf 82' lang='lat' dir='ltr'>to</span> <span class='ocrx_word' id='word_1_489' title='bbox 219 3036 322 3067; x_wconf 82' lang='lat' dir='ltr'>Louis</span> <span class='ocrx_word' id='word_1_490' title='bbox 349 3046 412 3073; x_wconf 73' lang='lat' dir='ltr'>xil,</span> <span class='ocrx_word' id='word_1_491' title='bbox 445 3036 498 3068; x_wconf 76' lang='lat' dir='ltr'>sor</span> <span class='ocrx_word' id='word_1_492' title='bbox 529 3037 640 3069; x_wconf 84' lang='lat' dir='ltr'>whom</span> <span class='ocrx_word' id='word_1_493' title='bbox 666 3046 720 3068; x_wconf 81' lang='lat' dir='ltr'>sec</span> <span class='ocrx_word' id='word_1_494' title='bbox 749 3036 787 3069; x_wconf 87' lang='lat' dir='ltr'>L.</span> <span class='ocrx_word' id='word_1_495' title='bbox 817 3036 917 3068; x_wconf 81' lang='lat' dir='ltr'>Dola-</span> 
     </span>
    </p>
   </div>
   <div class='ocr_carea' id='block_1_7' title="bbox 987 2515 1751 2732">
    <p class='ocr_par' dir='ltr' id='par_1_8' title="bbox 987 2515 1751 2644">
     <span class='ocr_line' id='line_1_59' title="bbox 989 2515 1750 2557; baseline -0.001 -10"><span class='ocrx_word' id='word_1_496' title='bbox 989 2516 1081 2548; x_wconf 91' lang='lat' dir='ltr'>hood</span> <span class='ocrx_word' id='word_1_497' title='bbox 1099 2517 1134 2547; x_wconf 81' lang='lat' dir='ltr'>of</span> <span class='ocrx_word' id='word_1_498' title='bbox 1152 2517 1259 2557; x_wconf 88' lang='lat' dir='ltr'>Dijon</span> <span class='ocrx_word' id='word_1_499' title='bbox 1275 2529 1282 2548; x_wconf 74' lang='grc' dir='ltr'>ι</span> <span class='ocrx_word' id='word_1_500' title='bbox 1314 2517 1368 2548; x_wconf 84' lang='lat' dir='ltr'>for</span> <span class='ocrx_word' id='word_1_501' title='bbox 1386 2520 1455 2548; x_wconf 76' lang='lat' dir='ltr'>two</span> <span class='ocrx_word' id='word_1_502' title='bbox 1476 2516 1564 2547; x_wconf 80' lang='lat' dir='ltr'>later</span> <span class='ocrx_word' id='word_1_503' title='bbox 1580 2515 1750 2546; x_wconf 82' lang='lat' dir='ltr'>members</span> 
     </span>
     <span class='ocr_line' id='line_1_60' title="bbox 989 2559 1751 2601; baseline -0.003 -10"><span class='ocrx_word' id='word_1_504' title='bbox 989 2560 1024 2591; x_wconf 82' lang='lat' dir='ltr'>of</span> <span class='ocrx_word' id='word_1_505' title='bbox 1046 2560 1076 2591; x_wconf 92' lang='lat' dir='ltr'>it</span> <span class='ocrx_word' id='word_1_506' title='bbox 1093 2570 1148 2591; x_wconf 89' lang='lat' dir='ltr'>scc</span> <span class='ocrx_word' id='word_1_507' title='bbox 1174 2561 1209 2591; x_wconf 91' lang='lat' dir='ltr'>P.</span> <span class='ocrx_word' id='word_1_508' title='bbox 1234 2561 1405 2601; x_wconf 79' lang='lat' dir='ltr'>Papillou,</span> <span class='ocrx_word' id='word_1_509' title='bbox 1427 2559 1515 2591; x_wconf 78' lang='lat' dir='ltr'>Bibl.</span> <span class='ocrx_word' id='word_1_510' title='bbox 1539 2560 1595 2591; x_wconf 62' lang='lat' dir='ltr'>da&gt;-</span> <span class='ocrx_word' id='word_1_511' title='bbox 1616 2563 1751 2590; x_wconf 73' lang='lat' dir='ltr'>auteurs</span> 
     </span>
     <span class='ocr_line' id='line_1_61' title="bbox 987 2604 1482 2644; baseline -0.004 -9"><span class='ocrx_word' id='word_1_512' title='bbox 987 2604 1025 2635; x_wconf 75' lang='lat' dir='ltr'>dc</span> <span class='ocrx_word' id='word_1_513' title='bbox 1042 2604 1246 2643; x_wconf 66' lang='lat' dir='ltr'>Bourqofflee,</span> <span class='ocrx_word' id='word_1_514' title='bbox 1268 2613 1360 2644; x_wconf 71' lang='lat'>1745.</span> <span class='ocrx_word' id='word_1_515' title='bbox 1377 2604 1411 2634; x_wconf 92' lang='lat' dir='ltr'>ii.</span> <span class='ocrx_word' id='word_1_516' title='bbox 1429 2613 1482 2642; x_wconf 76' lang='lat'>94.</span> 
     </span>
    </p>

    <p class='ocr_par' dir='ltr' id='par_1_9' title="bbox 1034 2646 1624 2687">
     <span class='ocr_line' id='line_1_62' title="bbox 1034 2646 1624 2687; baseline -0.005 -8"><span class='ocrx_word' id='word_1_517' title='bbox 1034 2658 1083 2679; x_wconf 92' lang='lat'>11.</span> <span class='ocrx_word' id='word_1_518' title='bbox 1108 2648 1178 2678; x_wconf 82' lang='lat' dir='ltr'>iam</span> <span class='ocrx_word' id='word_1_519' title='bbox 1194 2646 1291 2686; x_wconf 90' lang='lat' dir='ltr'>olim]</span> <span class='ocrx_word' id='word_1_520' title='bbox 1306 2647 1355 2679; x_wconf 81' lang='lat' dir='ltr'>Cf.</span> <span class='ocrx_word' id='word_1_521' title='bbox 1374 2647 1437 2687; x_wconf 83' lang='lat' dir='ltr'>Ep.</span> <span class='ocrx_word' id='word_1_522' title='bbox 1460 2656 1551 2686; x_wconf 67' lang='lat'>¹073·</span> <span class='ocrx_word' id='word_1_523' title='bbox 1568 2653 1624 2679; x_wconf 78' lang='grc' dir='ltr'>οη.</span> 
     </span>
    </p>

    <p class='ocr_par' dir='ltr' id='par_1_10' title="bbox 1032 2689 1749 2732">
     <span class='ocr_line' id='line_1_63' title="bbox 1032 2689 1749 2732; baseline -0.001 -11"><span class='ocrx_word' id='word_1_524' title='bbox 1032 2701 1082 2732; x_wconf 84' lang='grc'>27.</span> <span class='ocrx_word' id='word_1_525' title='bbox 1110 2689 1486 2731; x_wconf 68' lang='lat' dir='ltr'>bienniiintemperies]</span> <span class='ocrx_word' id='word_1_526' title='bbox 1501 2690 1566 2721; x_wconf 80' lang='lat' dir='ltr'>For</span> <span class='ocrx_word' id='word_1_527' title='bbox 1578 2689 1749 2721; x_wconf 76' lang='lat' dir='ltr'>Budaeus’</span> 
     </span>
    </p>
   </div>
   <div class='ocr_carea' id='block_1_8' title="bbox 968 2733 1703 2773">
    <p class='ocr_par' dir='ltr' id='par_1_11' title="bbox 968 2733 1703 2773">
     <span class='ocr_line' id='line_1_64' title="bbox 968 2733 1703 2773; baseline 0.001 -10"><span class='ocrx_word' id='word_1_528' title='bbox 968 2761 973 2764; x_wconf 83' lang='grc'><strong>.</strong></span> <span class='ocrx_word' id='word_1_529' title='bbox 988 2733 1110 2764; x_wconf 81' lang='lat' dir='ltr'>dislike</span> <span class='ocrx_word' id='word_1_530' title='bbox 1126 2733 1161 2765; x_wconf 78' lang='lat' dir='ltr'>of</span> <span class='ocrx_word' id='word_1_531' title='bbox 1175 2734 1282 2765; x_wconf 80' lang='lat' dir='ltr'>Court</span> <span class='ocrx_word' id='word_1_532' title='bbox 1296 2733 1354 2764; x_wconf 81' lang='lat' dir='ltr'>life</span> <span class='ocrx_word' id='word_1_533' title='bbox 1369 2733 1411 2764; x_wconf 85' lang='lat' dir='ltr'>cf.</span> <span class='ocrx_word' id='word_1_534' title='bbox 1430 2734 1494 2773; x_wconf 77' lang='lat' dir='ltr'>Ep.</span> <span class='ocrx_word' id='word_1_535' title='bbox 1515 2735 1608 2764; x_wconf 76' lang='lat'>1060.</span> <span class='ocrx_word' id='word_1_536' title='bbox 1628 2742 1703 2773; x_wconf 74' lang='lat'>5211.</span> 
     </span>
    </p>
   </div>
   <div class='ocr_carea' id='block_1_9' title="bbox 987 2776 1750 3078">
    <p class='ocr_par' dir='ltr' id='par_1_12' title="bbox 987 2776 1750 3078">
     <span class='ocr_line' id='line_1_65' title="bbox 1032 2776 1724 2818; baseline -0.004 -9"><span class='ocrx_word' id='word_1_537' title='bbox 1032 2787 1081 2817; x_wconf 85' lang='lat'>31.</span> <span class='ocrx_word' id='word_1_538' title='bbox 1109 2776 1362 2818; x_wconf 70' lang='lat' dir='ltr'>magisterium]</span> <span class='ocrx_word' id='word_1_539' title='bbox 1382 2777 1443 2808; x_wconf 74' lang='lat' dir='ltr'>Soc</span> <span class='ocrx_word' id='word_1_540' title='bbox 1465 2777 1528 2817; x_wconf 82' lang='lat' dir='ltr'>Ep.</span> <span class='ocrx_word' id='word_1_541' title='bbox 1555 2778 1646 2816; x_wconf 72' lang='lat'>1328.</span> <span class='ocrx_word' id='word_1_542' title='bbox 1671 2785 1724 2815; x_wconf 49' lang='lat'>311.</span> 
     </span>
     <span class='ocr_line' id='line_1_66' title="bbox 1032 2819 1749 2861; baseline -0.001 -10"><span class='ocrx_word' id='word_1_543' title='bbox 1032 2830 1081 2860; x_wconf 83' lang='lat'>32.</span> <span class='ocrx_word' id='word_1_544' title='bbox 1110 2819 1201 2858; x_wconf 84' lang='lat' dir='ltr'>tum]</span> <span class='ocrx_word' id='word_1_545' title='bbox 1234 2821 1280 2851; x_wconf 77' lang='lat' dir='ltr'>At</span> <span class='ocrx_word' id='word_1_546' title='bbox 1313 2820 1371 2851; x_wconf 74' lang='lat' dir='ltr'>tho</span> <span class='ocrx_word' id='word_1_547' title='bbox 1404 2821 1488 2851; x_wconf 74' lang='lat' dir='ltr'>time</span> <span class='ocrx_word' id='word_1_548' title='bbox 1522 2819 1556 2851; x_wconf 76' lang='lat' dir='ltr'>of</span> <span class='ocrx_word' id='word_1_549' title='bbox 1587 2820 1749 2861; x_wconf 76' lang='lat' dir='ltr'>appoint-</span> 
     </span>
     <span class='ocr_line' id='line_1_67' title="bbox 988 2866 1094 2894; baseline 0.009 -1"><span class='ocrx_word' id='word_1_550' title='bbox 988 2866 1094 2894; x_wconf 84' lang='lat' dir='ltr'>mont.</span> 
     </span>
     <span class='ocr_line' id='line_1_68' title="bbox 1034 2905 1659 2949; baseline 0.002 -13"><span class='ocrx_word' id='word_1_551' title='bbox 1034 2917 1084 2947; x_wconf 83' lang='lat'>33.</span> <span class='ocrx_word' id='word_1_552' title='bbox 1112 2905 1287 2947; x_wconf 78' lang='lat' dir='ltr'>Lugduni]</span> <span class='ocrx_word' id='word_1_553' title='bbox 1303 2906 1365 2938; x_wconf 78' lang='lat' dir='ltr'>Soc</span> <span class='ocrx_word' id='word_1_554' title='bbox 1384 2907 1447 2947; x_wconf 77' lang='lat' dir='ltr'>Ep.</span> <span class='ocrx_word' id='word_1_555' title='bbox 1470 2908 1562 2947; x_wconf 81' lang='lat'>1328.</span> <span class='ocrx_word' id='word_1_556' title='bbox 1584 2917 1659 2949; x_wconf 82' lang='lat'><strong>75¹¹·</strong></span> 
     </span>
     <span class='ocr_line' id='line_1_69' title="bbox 1076 2949 1701 2992; baseline -0.002 -12"><span class='ocrx_word' id='word_1_557' title='bbox 1076 2953 1158 2981; x_wconf 77' lang='lat' dir='ltr'>anto</span> <span class='ocrx_word' id='word_1_558' title='bbox 1175 2949 1343 2988; x_wconf 71' lang='lat' dir='ltr'>mensem]</span> <span class='ocrx_word' id='word_1_559' title='bbox 1359 2950 1408 2981; x_wconf 82' lang='lat' dir='ltr'>Cf.</span> <span class='ocrx_word' id='word_1_560' title='bbox 1429 2950 1492 2991; x_wconf 76' lang='lat' dir='ltr'>Ep.</span> <span class='ocrx_word' id='word_1_561' title='bbox 1514 2953 1607 2990; x_wconf 79' lang='lat'>1328.</span> <span class='ocrx_word' id='word_1_562' title='bbox 1627 2961 1701 2992; x_wconf 80' lang='lat'>74¹¹·</span> 
     </span>
     <span class='ocr_line' id='line_1_70' title="bbox 1034 2991 1750 3069; baseline -0.003 -44"><span class='ocrx_word' id='word_1_563' title='bbox 1034 3004 1088 3069; x_wconf 43' lang='lat' dir='ltr'>3AE</span> <span class='ocrx_word' id='word_1_564' title='bbox 1111 3003 1200 3025; x_wconf 86' lang='lat' dir='ltr'>vnus</span> <span class='ocrx_word' id='word_1_565' title='bbox 1231 3004 1249 3025; x_wconf 85' lang='lat' dir='ltr'>e</span> <span class='ocrx_word' id='word_1_566' title='bbox 1281 2991 1438 3035; x_wconf 82' lang='lat' dir='ltr'>collegio]</span> <span class='ocrx_word' id='word_1_567' title='bbox 1469 2993 1563 3026; x_wconf 79' lang='lat' dir='ltr'>John</span> <span class='ocrx_word' id='word_1_568' title='bbox 1595 2994 1750 3025; x_wconf 75' lang='lat' dir='ltr'>Caluau:</span> 
     </span>
     <span class='ocr_line' id='line_1_71' title="bbox 987 3036 1336 3078; baseline -0.003 -9"><span class='ocrx_word' id='word_1_569' title='bbox 987 3047 1041 3069; x_wconf 78' lang='lat' dir='ltr'>sec</span> <span class='ocrx_word' id='word_1_570' title='bbox 1073 3036 1123 3078; x_wconf 52' lang='grc' dir='ltr'>ἢ).</span> <span class='ocrx_word' id='word_1_571' title='bbox 1146 3039 1238 3078; x_wconf 72' lang='lat'>1328.</span> <span class='ocrx_word' id='word_1_572' title='bbox 1258 3038 1336 3068; x_wconf 81' lang='lat'>8111.</span> 
     </span>
    </p>
   </div>
  </div>
 </body>
</html>
