2033 3395
126 167 247 218 1268]
478 167 549 207 TO
579 167 906 206 WILLIBALD
937 166 1345 207 PIRCKHEIMER
1665 169 1715 206 33

168 265 210 298 In
229 267 256 298 P
270 267 366 299 there
378 277 435 298 are
448 269 516 298 two
530 269 646 298 texts:
679 276 743 298 one
763 268 813 306 (Β)
834 266 943 298 which
963 267 991 297 is
1009 265 1123 297 added
1142 267 1177 297 in
1195 276 1240 297 an
1260 265 1447 306 appendix,
1466 265 1608 297 derived
1626 266 1714 298 from

123 321 142 339 a
163 320 201 341 or
219 320 314 342 some
334 310 433 342 other
451 309 591 351 equally
608 319 692 341 near
710 320 800 351 copy
819 310 855 341 of
873 309 933 341 the
953 309 1110 350 original,
1127 309 1188 341 the
1207 309 1307 340 other
1326 309 1375 349 (γ)
1395 308 1500 340 11111011
1519 309 1715 349 corrupted.

124 353 165 385 Ο2
181 353 252 385 and
270 353 377 386 Lond.
397 353 512 385 follow
528 365 563 392 γ,
581 352 645 384 but
662 353 716 384 for
732 353 800 385 LB.
821 352 958 385 Leclerc
974 352 1123 384 selected
1141 354 1163 386 β
1180 363 1219 384 as
1235 352 1364 393 clearly
1379 352 1440 384 the
1458 351 1580 384 better.
1623 352 1715 384 Both

121 398 143 430 Β
163 396 233 429 and
251 409 273 437 ’γ
291 397 380 429 have
399 407 419 428 a
437 396 585 428 number
602 396 638 428 of
656 396 797 429 evident
815 396 1062 437 depravations
1078 408 1085 433 3
1119 396 1183 428 but
1201 396 1261 428 the
1278 395 1416 427 textual
1433 396 1664 428 inaccuracies
1682 396 1718 428 of

121 440 149 471 P
170 451 228 472 are
248 451 287 472 so
308 450 416 481 many
436 439 517 472 that
537 440 634 472 these
655 440 743 472 need
763 443 828 472 not
849 440 891 472 be
911 439 1085 472 recorded.
1132 440 1200 472 For
1221 439 1280 471 the
1302 439 1444 471 address
1463 449 1520 471 see
1541 439 1607 481 Ep.
1634 438 1713 479 1085

121 483 265 524 introd.]

174 559 217 599 S.
234 559 281 598 P.
339 558 513 598 Vtinam
552 558 662 598 sicut
699 558 807 598 alter
844 558 963 598 alteri
1003 560 1271 609 συμπαθοῦμεν
1309 561 1353 597 et
1391 557 1497 597 alter
1534 557 1716 597 alterum

120 613 399 660 consolamur,
428 613 491 652 ita
523 613 645 652 nobis
680 613 862 652 inuicem
900 612 1058 652 mederi
1093 612 1259 652 liceret!
1320 611 1575 663 Quanquam
1612 612 1717 651 mihi

119 680 220 707 sane
247 668 422 706 minima
449 667 642 706 dolorum
669 680 767 718 pars
795 671 860 706 est
887 667 1071 718 corporis
1098 666 1284 705 morbus.
1342 666 1433 717 Ego
1460 666 1579 713 mihi,
1606 670 1718 706 teste

119 721 298 768 Christo,
329 722 519 761 conscius
552 735 620 761 me
646 721 751 760 nihil
785 721 944 760 ambire
978 734 1123 760 eorum
1154 734 1237 771 que
1271 724 1372 759 sunt
1399 720 1524 759 huius
1552 720 1714 767 mundi,

119 776 265 815 volens
293 777 550 827 emigrauero
580 789 633 815 ex
668 775 746 814 hoc
783 775 1007 821 domicilio,
1045 775 1170 814 simul
1206 778 1335 825 atque
1371 775 1614 814 euocauerit
1648 774 1750 824 ille5

118 834 262 869 noster
283 830 522 881 Imperator
541 843 549 875 ;
587 843 724 881 neque
746 829 978 869 detrectem
1000 833 1146 868 tamen
1166 829 1337 867 interim
1359 828 1427 868 vel
1447 829 1615 867 immori
1636 829 1716 879 piis

117 884 345 931 laboribus,
381 885 415 923 si
448 884 575 923 modo
608 884 795 923 fructum
830 884 1014 935 aliquem
1049 883 1211 923 adferre
1244 883 1370 922 liceat
1403 882 1500 922 Iesu
1534 882 1714 922 Christo.

118 938 199 978 Sed
247 938 439 978 videmus
485 938 820 978 imbecillitatem
867 938 935 977 vel
980 939 1123 989 potius
1168 937 1462 976 infelicitatem
1508 941 1714 983 nostram,

118 992 310 1032 videmus
338 993 418 1032 1100
445 993 631 1032 seculum
659 992 961 1044 prodigiosum,
990 992 1095 1032 adeo
1124 996 1174 1031 vt
1200 992 1385 1031 nesciam
1414 992 1481 1030 cui
1507 991 1621 1042 parti
1649 1004 1716 1030 me

118 1047 342 1092 addicam3
388 1047 468 1085 nisi
488 1047 603 1098 quod
632 1047 889 1086 conscientia
927 1060 1022 1086 mea
1051 1047 1155 1085 satis
1184 1045 1360 1085 confidit
1389 1045 1505 1097 apud
1534 1045 1716 1085 iudicem
1740 1063 1778 1085 10

117 1100 272 1140 Iesum.
332 1101 413 1149 Qui
443 1102 522 1140 sub
552 1102 722 1140 nomine
753 1100 971 1140 Pontificis
1001 1101 1140 1140 nescio
1172 1100 1288 1151 quod
1319 1104 1453 1151 agunt
1482 1100 1714 1151 negotium,

116 1156 175 1194 810
200 1159 353 1206 vrgent
377 1168 522 1194 omnes
546 1155 719 1206 laqueos
744 1155 898 1195 veteris
922 1154 1175 1206 tyrannidis,
1202 1158 1252 1193 vt
1276 1154 1504 1193 videantur
1529 1153 1716 1193 addituri

115 1210 241 1248 citius
266 1209 403 1248 multa
426 1223 556 1260 quam
581 1210 811 1261 quicquam
836 1209 1081 1249 detracturi.
1140 1209 1316 1255 Rursus,
1343 1209 1417 1259 qui
1442 1208 1521 1247 sub
1546 1209 1715 1247 nomine

116 1263 291 1303 Lutheri
320 1277 420 1314 prae
449 1277 492 1303 se
519 1263 663 1303 ferunt
691 1264 1022 1303 vindicationem
1046 1263 1300 1314 Euangelice
1328 1262 1550 1308 libertatis,
1576 1263 1716 1302 nescio

114 1331 199 1369 quo
220 1318 371 1368 spiritu
390 1331 478 1356 rem
498 1322 662 1368 gerunt.
721 1318 842 1357 Certe
862 1317 986 1356 multi
1006 1331 1048 1357 se
1068 1317 1316 1363 admiscent,
1339 1329 1445 1368 quos
1465 1317 1610 1355 malim
1630 1330 1717 1355 non
1737 1333 1773 1366 15

114 1371 349 1418 admisceri,
380 1372 415 1410 si
449 1385 590 1411 meum
621 1375 730 1411 esset
762 1372 993 1423 negotium.
1052 1371 1230 1410 Interim
1260 1370 1504 1410 exitialibus
1534 1370 1717 1409 dissidiis

115 1426 272 1477 vbique
307 1425 514 1465 scinditur
550 1426 735 1465 charitas
770 1426 1023 1466 Christiana.
1082 1425 1261 1464 Interim
1295 1425 1341 1463 in
1375 1437 1578 1476 suspenso
1616 1429 1717 1464 sunt

115 1480 335 1519 hominum
363 1480 629 1520 conscientie.
689 1480 770 1528 Qui
796 1480 994 1531 propensi
1020 1483 1122 1519 sunt
1147 1483 1299 1531 suapte
1326 1483 1482 1518 natura
1509 1479 1564 1517 ad
1590 1478 1714 1518 licen-

113 1535 234 1582 tiam,
263 1534 386 1574 facile
414 1535 623 1586 arripiunt
651 1535 913 1574 occasionem
942 1548 964 1574 e
991 1534 1108 1573 libris
1136 1533 1403 1573 Lutheranis.
1463 1533 1545 1581 Qui
1573 1533 1714 1572 mode-

113 1589 264 1628 stiores
280 1592 393 1635 sunt,
412 1589 524 1628 inter
538 1602 704 1628 sacrum
721 1593 764 1628 et
782 1602 934 1629 saxum
949 1588 1111 1628 herent.
1170 1588 1282 1627 Hinc
1298 1588 1447 1627 vident
1465 1591 1717 1639 argumenta
1735 1605 1778 1629 20

112 1643 349 1694 probabilia
367 1647 413 1682 et
437 1656 605 1682 sensum
631 1647 811 1690 nature3
846 1643 960 1683 illinc
980 1643 1130 1682 vident
1156 1643 1457 1682 auctoritatem
1477 1643 1716 1694 principum

113 1710 161 1737 ac
185 1697 358 1736 turbam
381 1697 744 1737 innumerabilem.

168 1751 377 1799 Quorsum
398 1756 542 1791 autem
562 1765 627 1791 res
646 1753 702 1791 sit
721 1765 901 1792 euasura
919 1752 1058 1791 nescio
1079 1765 1088 1798 ;
1124 1765 1200 1802 ego
1221 1755 1413 1790 coactam
1434 1754 1478 1790 et
1497 1754 1712 1790 extortam

111 1805 239 1845 fidem
274 1819 360 1845 non
395 1807 537 1858 magni
570 1806 694 1846 facio.
753 1806 903 1846 Grauis
938 1810 1004 1845 est
1038 1806 1247 1845 autoritas
1281 1805 1507 1851 bullarum,
1544 1805 1712 1856 grauior

111 1860 395 1911 diplomatum
437 1860 625 1907 Cesaris;
684 1860 757 1900 sed
797 1861 881 1899 ista
921 1860 1100 1899 fortasse
1143 1859 1403 1899 cohibebunt
1444 1859 1500 1898 ad
1541 1864 1712 1910 tempus
1729 1875 1768 1907 25

110 1914 276 1966 linguas
297 1915 530 1962 hominum,
555 1928 610 1954 an
632 1916 795 1954 animos
817 1919 979 1954 vertere
1002 1914 1166 1966 possint
1187 1915 1339 1953 nescio.
1398 1913 1573 1953 Vtinam
1595 1913 1711 1952 Deus

111 1969 305 2019 placatus
332 1969 453 2008 nobis
486 1970 566 2008 hoc
592 1970 802 2008 immittat
828 1969 980 2007 animis
1005 1969 1258 2020 principum,
1287 1972 1337 2007 Vt
1364 1967 1641 2007 concordibus
1669 1971 1713 2006 et

112 2023 282 2062 sinceris
317 2024 481 2070 animis,
517 2036 595 2062 nec
630 2023 711 2062 alio
747 2023 1040 2074 spectantibus
1075 2036 1204 2073 quam
1241 2022 1296 2061 ad
1331 2022 1506 2073 gloriam
1542 2022 1710 2068 Christi,

111 2081 355 2116 scrutentur
395 2078 519 2116 huius
561 2077 662 2116 mali
702 2077 856 2124 fontes,
899 2081 942 2116 et
983 2077 1216 2116 remedium
1258 2076 1431 2128 aliquod
1472 2076 1621 2115 efficax
1663 2089 1711 2115 ac

111 2131 364 2170 duraturum
387 2131 620 2170 adhibeant
640 2131 647 2170 !
685 2131 813 2183 idque
835 2145 964 2183 quam
987 2132 1161 2170 minimo
1184 2131 1295 2170 orbis
1318 2131 1522 2177 tumultu,
1546 2131 1625 2169 hoc
1647 2134 1712 2169 est
1732 2150 1774 2182 30

111 2198 241 2236 quam
266 2186 489 2224 minimum
515 2185 716 2225 conuulso
741 2186 995 2237 reipublicae
1021 2189 1151 2225 statu.
1212 2185 1323 2233 Quid
1347 2185 1494 2224 multis
1514 2189 1529 2223 ἱ)
1572 2197 1637 2224 108
1662 2198 1711 2223 eo

111 2239 284 2291 delapsa
306 2244 371 2279 est
394 2244 443 2279 vt
465 2241 636 2280 omnino
659 2240 987 2280 succurrendum
1011 2241 1067 2279 sit
1089 2240 1236 2291 populi
1258 2240 1485 2279 Christiani
1507 2239 1710 2278 libertati.

110 2293 229 2333 Adeo
261 2294 398 2333 multa
427 2295 686 2345 irrepserunt
716 2295 924 2346 paulatim
956 2295 1000 2333 in
1031 2295 1222 2345 publicos
1254 2307 1404 2342 1110108,
1437 2298 1481 2333 et
1513 2307 1588 2333 ceu
1620 2306 1710 2345 pre-

110 2348 338 2399 scriptione
361 2349 449 2387 vim
473 2349 575 2400 legis
598 2349 855 2388 ineuitabilis
880 2353 1156 2400 occuparunt.

165 2402 229 2442 De
255 2403 440 2442 conciliis
463 2416 550 2442 non
575 2403 709 2441 ausim
736 2403 896 2454 aliquid
921 2403 1070 2450 dicere,
1097 2403 1177 2442 nisi
1202 2402 1311 2441 forte
1337 2402 1578 2454 proximum
1604 2401 1710 2440 Con·
1732 2422 1770 2454 35

110 2456 253 2495 cilium
295 2456 579 2496 Lateranense
622 2458 846 2496 concilium
884 2471 970 2496 11011
1008 2457 1104 2496 fuit.
1162 2457 1346 2496 Multum
1385 2458 1489 2496 item
1528 2456 1711 2506 sumpsit

110 2511 349 2550 scholarum
384 2512 592 2550 autoritas
626 2512 835 2562 paulatim
871 2516 1010 2558 aucta,
1047 2525 1129 2563 que
1164 2525 1276 2551 nunc
1311 2524 1409 2550 suas
1444 2510 1710 2549 definitiones

110 2565 418 2616 propemodum
443 2578 519 2616 pro
540 2566 728 2605 articulis
752 2566 850 2605 fidei
875 2566 1021 2605 haberi
1045 2566 1280 2617 postulant.
1339 2566 1432 2604 Iam
1453 2564 1532 2603 sub
1558 2563 1711 2602 vmbra

111 2619 296 2658 Romani
325 2618 543 2659 Pontificis
574 2625 882 2671 cauponantur,
915 2621 1071 2671 partim
1104 2621 1281 2659 nimium
1313 2620 1391 2658 sibi
1423 2618 1708 2664 vindicarunt,

160 2706 186 2729 1.
211 2696 245 2730 S.
258 2697 294 2729 P.
325 2709 344 2727 α
361 2709 369 2730 :
411 2707 607 2730 BILIBALDO
639 2708 706 2731 svo
738 2708 903 2731 ERASMVS
934 2709 962 2731 s.
976 2709 1010 2731 D.
1045 2699 1095 2731 0².
1236 2698 1267 2730 6.
1294 2710 1312 2727 α
1327 2698 1385 2729 ΕΒ
1400 2709 1407 2729 2
1448 2697 1641 2730 detractem
1673 2709 1705 2737 γ.

115 2749 126 2771 1
139 2748 165 2772 1.
192 2739 309 2773 Iesum
320 2753 339 2771 α
353 2741 410 2772 ΕΒ
426 2754 433 2773 z
451 2740 587 2774 Iohann
606 2754 638 2781 γ.
691 2750 702 2772 1
713 2750 742 2774 2.
769 2752 888 2774 omnes
899 2754 918 2772 α
930 2743 990 2774 ΕΒ
1005 2755 1013 2774 2
1044 2741 1205 2774 omnibus
1216 2754 1247 2781 γ.
1300 2741 1350 2773 16.
1379 2753 1397 2770 α
1412 2741 1492 2773 LB:
1517 2740 1705 2772 admiscere

110 2795 143 2824 γ.
211 2796 253 2823 ’γε
278 2795 412 2816 merum
424 2797 443 2814 α
459 2797 467 2817 t
485 2794 620 2816 mecum
635 2787 667 2819 β.
721 2793 774 2821 19.
798 2786 970 2827 arripiunt
981 2787 1037 2819 <1¹3
1049 2786 1109 2817 ΕΒ
1123 2797 1131 2817 :
1148 2785 1325 2826 accipiunt
1336 2787 1403 2824 <1¹7·
1452 2792 1470 2814 2
1478 2792 1506 2824 5.
1532 2786 1555 2819 β
1570 2796 1577 2815 :
1596 2784 1705 2825 diplo-

110 2829 244 2860 metum
274 2839 304 2860 α.
383 2835 435 2865 29.
461 2827 564 2860 huius
594 2840 614 2857 α
626 2828 685 2859 ΕΒ
700 2840 707 2860 :
737 2828 831 2860 haud
861 2841 894 2868 γ.
987 2837 1040 2868 33.
1067 2829 1353 2870 praescriptiones
1383 2841 1415 2868 γ.
1507 2836 1560 2868 34.
1591 2840 1609 2857 α
1622 2827 1703 2859 LB:

110 2870 351 2903 ineuitatibilis
364 2872 387 2905 Β
403 2883 411 2903 :
441 2871 655 2903 inerutabilis
670 2884 702 2912 γ.
823 2871 876 2911 36.
903 2873 986 2904 item
1003 2873 1153 2913 sumpsit
1168 2883 1211 2911 (ιγ
1227 2883 1235 2903 :
1263 2871 1497 2904 seholasticor.
1514 2871 1704 2912 theologor.

110 2915 301 2946 auctoritas
317 2916 566 2956 transsumpsit
582 2916 616 2948 β.
704 2923 757 2955 37.
783 2917 830 2948 1³:
859 2915 1043 2947 scolarium
1063 2928 1093 2946 α.
1167 2916 1212 2948 βε
1244 2915 1455 2947 diffinitiones
1473 2928 1503 2946 α.
1549 2914 1601 2954 38.
1628 2924 1703 2955 pos-

110 2957 227 2990 tulant
243 2968 262 2987 α
274 2957 334 2989 ΕΒ
349 2969 358 2990 x
381 2958 575 3000 postulauit
590 2970 622 2998 γ.
753 2967 806 2998 39.
831 2959 977 2991 nimium
995 2970 1014 2988 a
1027 2958 1086 2990 ΕΒ
1101 2970 1108 2990 :
1133 2959 1294 2990 nimirum
1313 2971 1345 2998 γ.

366 3042 419 3082 36.
434 3024 693 3084 Lateranonse]
707 3043 780 3075 The
796 3043 888 3083 fifth,
908 3052 1056 3085 1512-17
1073 3056 1080 3076 z
1115 3053 1170 3076 sce
1187 3043 1372 3085 Creighton
1389 3044 1433 3075 iv.

169 3119 262 3151 4525
903 3119 933 3147 D
