2012 3370
151 117 273 166 1526]
497 117 568 156 TO
600 116 764 155 DUKE
795 114 1029 154 GEOR-GE
1061 115 1132 153 OF
1162 114 1397 153 SAXONY
1670 116 1748 153 605

147 226 325 265 Arianos
348 227 572 277 stringeret
595 225 818 264 calamum.
871 223 938 262 Illi
961 223 1034 261 diu
1057 222 1219 261 siluisse
1242 235 1327 262 non
1350 227 1442 262 erat
1465 223 1651 269 collusio,
1676 223 1749 261 sed

146 280 320 332 religio;
365 294 431 319 me
460 293 561 319 vero
589 285 632 319 et
661 279 744 317 alia
772 278 955 329 quedam
984 277 1129 328 religio
1158 277 1470 316 commonebat.
1528 277 1626 316 Non
1653 289 1749 316 raro

147 347 313 374 mecum
351 335 560 385 suspirare
597 333 722 380 soleo,
762 331 1027 384 perpendens
1065 344 1150 382 quo
1188 331 1363 370 tandem
1402 335 1514 371 esset
1550 330 1750 382 prolapsa

146 388 385 428 Christiana
413 389 563 439 pietas.
620 386 804 426 Mundus
832 387 1104 436 instupuerat-
1133 386 1391 432 ceremoniis,
1423 385 1524 424 mali
1553 385 1750 424 monachi

144 443 382 494 regnabant-
409 444 594 493 impune,
626 442 698 492 qui
727 440 890 492 laqueis
918 439 1286 490 inexplicabilibus
1315 439 1586 478 inuoluerant
1615 439 1748 478 homi-

145 510 249 536 num
272 497 563 536 conscientias.
615 495 843 546 Theologia
866 494 921 533 ad
945 507 1051 545 quas
1074 494 1203 532 tricas
1227 494 1479 545 sophisticas
1502 493 1709 532 reciderat
1732 496 1747 531 ‘2

147 550 240 589 Iam
268 550 495 589 definiendi
523 550 741 588 temeritas
769 550 813 587 in
840 549 1095 587 immensum
1124 552 1399 598 processerat.
1458 547 1521 586 Ne
1550 547 1654 598 quid
1682 546 1749 585 hic

147 617 471 643 commemorem
502 604 554 642 de
585 604 792 654 episcopis
824 607 900 641 aut
932 602 1237 648 sacerdotibus,
1271 606 1347 641 aut
1378 602 1443 640 his
1474 603 1548 653 qui
1578 602 1749 640 nomine

148 658 330 697 Romani
368 657 586 697 Pontificis
623 656 903 696 excercebant
940 656 1227 707 tyrannidem.
1295 656 1449 707 Itaque
1488 657 1546 694 sic
1584 669 1750 694 mecum

147 713 387 764 cogitabam
409 725 417 752 :
453 712 562 760 Quid
582 713 616 750 si
634 711 771 750 morbi
788 712 923 750 nostri
942 715 1188 750 meruerunt
1205 715 1296 749 tam
1315 710 1612 749 inclementem
1631 723 1748 748 cura-

146 771 295 814 torem,
335 768 408 818 qui
447 766 607 805 malum
645 765 770 804 nullis
810 766 1080 816 malagmatis
1119 769 1195 803 aut
1234 764 1507 804 vnctionibus
1546 764 1748 810 sanabile,

145 820 401 860 sectionibus
438 824 482 860 et
516 821 674 859 vsturis
710 823 868 858 sanet?
921 824 964 858 et
1000 819 1115 857 Deus
1149 820 1212 858 ita
1248 819 1385 858 voluit·
1420 819 1541 857 abuti
1578 818 1749 864 Lutero,

145 874 506 927 quemadmodum
523 875 623 913 olim
640 874 797 913 abusus
814 878 879 913 est
895 873 1202 919 Pharaonibus,
1221 873 1447 920 Philisteis,
1466 872 1748 911 Nabuchodo-

145 930 366 968 nosoribus
381 934 425 968 et
441 929 645 968 Romanis
663 932 678 967 ?
709 928 946 967 Videbatur
961 929 1072 966 enim
1088 932 1238 966 tantus
1254 940 1469 966 successus
1484 940 1570 966 non
1590 927 1751 978 absque

146 985 318 1022 numine
343 984 442 1035 geri,
470 984 692 1034 presertim
718 996 851 1033 quum
878 982 989 1021 bona
1016 995 1114 1033 pars
1139 982 1264 1020 huius
1290 981 1434 1021 fabule
1460 994 1534 1032 per
1559 980 1751 1020 homines

146 1038 337 1077 sordidos
357 1051 406 1076 ac
426 1037 662 1088 prodigiose
683 1042 777 1076 tum
798 1036 1002 1083 maliciae.
1024 1042 1119 1075 tum
1140 1036 1350 1075 stultitiae
1371 1041 1555 1087 geratur.

201 1092 297 1131 Huc
338 1093 468 1143 igitur
510 1091 776 1143 appellebant
820 1092 1023 1137 animum,
1068 1095 1117 1130 vt
1160 1091 1323 1129 exitum
1367 1090 1493 1129 huius
1534 1090 1750 1141 tragoedie

147 1145 314 1185 Christo
342 1147 665 1192 committerem,
695 1145 774 1184 hoc
802 1150 975 1184 tantum
1003 1158 1131 1195 agens
1158 1146 1342 1191 interim,
1372 1149 1422 1183 vt
1450 1157 1556 1196 quos
1583 1157 1750 1195 possem

147 1213 370 1239 auocarem
390 1201 445 1239 ab
465 1201 708 1239 addictione
727 1199 939 1246 factionis,
961 1204 1002 1238 et
1031 1204 1244 1250 Vtranque
1270 1203 1438 1250 partem
1465 1198 1749 1244 sollicitarem,

146 1259 208 1301 Vt,
232 1255 266 1293 si
287 1253 375 1293 fieri
396 1259 553 1306 posset,
577 1254 632 1292 ad
653 1267 783 1305 equas
805 1254 1068 1293 conditiones
1090 1255 1260 1304 vtrique
1281 1253 1597 1298 descenderent,
1621 1257 1751 1303 atque

145 1309 208 1347 ita
234 1308 443 1360 paulatim
468 1309 625 1348 rediret
653 1308 890 1347 concordia.
945 1308 1013 1346 Ad
1039 1308 1083 1346 id
1110 1307 1418 1347 conficiendum
1445 1307 1622 1346 videbar
1649 1306 1751 1345 mihi

146 1363 320 1402 exordia
339 1376 425 1402 non
446 1364 618 1402 omnino
638 1364 822 1414 pessima
842 1363 1116 1413 excogitasse.
1170 1361 1221 1400 Id
1242 1363 1426 1412 primum
1447 1366 1666 1400 tentatum
1687 1365 1752 1400 est

144 1418 190 1456 in
210 1417 385 1456 concilio
404 1417 708 1457 Wormaciensi
729 1431 737 1463 ;
772 1429 872 1455 mox
897 1416 1010 1455 idem
1030 1417 1094 1467 egi
1114 1429 1189 1467 per
1206 1415 1372 1455 litteras
1393 1416 1509 1467 apud
1528 1415 1722 1455 Cesarem
1743 1429 1751 1462 ;

145 1471 298 1510 deinde
315 1470 430 1522 apud
447 1470 683 1509 Adrianum
701 1475 884 1516 sextum,
903 1474 947 1508 et
963 1470 1225 1509 Clementem
1243 1471 1471 1521 septimum
1494 1483 1502 1516 ;
1536 1474 1752 1520 postremo

146 1525 262 1577 apud
295 1524 421 1564 huius
453 1525 643 1576 legatum
673 1523 985 1574 Card<inalem>
1013 1523 1303 1575 Campegium.
1371 1523 1545 1562 Tentati
1579 1528 1679 1562 sunt
1709 1528 1750 1561 01

147 1579 350 1618 Luterani
389 1580 552 1630 negocii
592 1592 797 1630 proceres,
841 1580 875 1617 si
916 1583 1090 1630 possent
1131 1579 1364 1618 mitescere.
1435 1578 1526 1617 Hos
1568 1578 1752 1629 comperi

146 1635 249 1672 mire
280 1633 528 1685 prefractos‚
563 1634 754 1684 adeoque
785 1646 872 1671 non
903 1632 1048 1671 faciles
1080 1632 1136 1671 ad
1166 1632 1474 1671 remittendum
1507 1632 1669 1683 aliquid
1701 1632 1753 1670 de

146 1688 293 1739 ceptis,
324 1692 374 1726 vt
400 1687 536 1726 indies
565 1687 850 1738 superioribus
879 1686 1085 1725 adderent
1115 1686 1343 1725 acerbiora.
1401 1686 1462 1725 Ac
1491 1685 1753 1737 principibus

146 1742 310 1781 diuerse
325 1743 460 1792 partis
475 1741 703 1780 videbatur
718 1741 797 1780 hoc
819 1754 908 1780 esse
928 1740 1161 1788 decretum,
1184 1745 1233 1779 vt
1253 1740 1475 1779 dissidium
1497 1740 1576 1778 hoc
1597 1741 1752 1779 seuicia

147 1800 475 1847 compescerent.

201 1850 269 1889 Ad
290 1850 369 1889 hoc
391 1850 624 1896 consilium,
648 1850 779 1889 etiam
801 1850 835 1888 si
855 1850 1017 1888 iustum
1039 1862 1087 1888 ac
1109 1861 1258 1888 verum
1279 1852 1403 1895 esset,
1426 1853 1572 1887 tamen
1593 1848 1750 1899 perspi-

148 1904 311 1943 ciebam
335 1917 421 1944 non
446 1916 552 1955 opus
576 1917 665 1942 esse
690 1917 785 1943 mea
809 1916 950 1955 opera.
1005 1903 1069 1943 Sit
1094 1916 1194 1942 sane
1219 1902 1504 1942 conjiciendus
1528 1903 1573 1941 in
1596 1903 1750 1953 ignem,

148 1960 221 2010 qui
240 1963 402 2010 pugnet
421 1958 624 1997 aduersus
645 1958 845 1997 articulos
864 1957 975 2004 fidei,
997 1962 1073 1996 aut
1093 1959 1128 1996 si
1151 1957 1255 2008 quid
1279 1956 1395 1996 aliud
1418 1961 1543 1996 tanto
1568 1956 1752 1995 Ecclesie

148 2025 353 2052 consensu
390 2017 609 2064 receptum
645 2016 723 2059 est,
755 2017 804 2051 vt
841 2025 937 2051 cum
973 2011 1055 2051 illis
1083 2025 1230 2063 parem
1262 2011 1421 2050 habeat
1458 2012 1750 2050 autoritatem.

148 2068 206 2106 At
240 2079 424 2118 aequum
458 2080 544 2106 non
579 2071 644 2106 est
678 2071 728 2105 vt
763 2067 903 2118 quiuis
938 2079 1052 2105 error
1084 2067 1172 2118 igni
1206 2067 1424 2117 puniatur,
1460 2066 1541 2104 nisi
1576 2064 1749 2104 accedat

147 2121 313 2168 seditio,
341 2126 417 2160 aut
443 2121 559 2160 aliud
585 2122 743 2160 crimen
769 2121 884 2172 quod
909 2119 1020 2172 leges
1047 2121 1187 2172 capite
1212 2121 1411 2171 puniunt.
1466 2120 1615 2170 Neque
1641 2120 1752 2157 enim

149 2175 205 2216 ad
230 2175 309 2215 hoc
336 2175 476 2214 valere
503 2175 632 2214 debet
658 2175 880 2227 Euangelii
906 2180 1142 2226 pretextus,
1173 2180 1224 2214 vt
1245 2176 1419 2226 impune
1443 2179 1653 2225 peccetur.
1679 2173 1752 2212 sed

147 2243 200 2270 ne
218 2231 390 2269 omnino
407 2234 618 2282 peccetur,
638 2231 769 2269 etiam
787 2231 821 2269 si
839 2242 913 2281 per
930 2229 1040 2281 leges
1058 2229 1203 2269 liceret·
1219 2230 1406 2281 impunc.
1455 2228 1518 2267 De
1537 2232 1752 2279 potestate

1468 2353 1537 2382 144.
1565 2341 1694 2375 rediret
1709 2354 1727 2371 α
1741 2354 1749 2373 :

199 2354 269 2386 125.
296 2345 447 2387 quedam
462 2356 525 2378 om.
545 2346 590 2379 H.
696 2355 767 2387 133.
794 2349 990 2378 curatorem
1008 2358 1026 2376 α
1043 2357 1051 2377 :
1078 2348 1306 2377 correctorem
1324 2343 1368 2375 H.
1701 2385 1734 2417 d·

1608 2395 1678 2421 132.
1726 2396 1749 2417 1-

149 2389 335 2422 sarciretur
354 2389 398 2422 H.
481 2392 553 2429 146.
580 2400 641 2432 per
659 2389 796 2423 litteras
816 2401 878 2422 om.
901 2389 945 2422 H.
1031 2398 1101 2430 151.
1128 2388 1184 2419 cH
1201 2400 1208 2420 ε
1241 2386 1441 2433 supibribus
1456 2390 1488 2421 β’.

150 2442 247 2464 nerse
263 2445 281 2463 α
299 2445 307 2465 z
334 2432 501 2465 aduersae
516 2433 560 2466 H.
696 2436 767 2475 156.
794 2437 929 2476 pugnat
945 2432 989 2465 H.
1143 2435 1247 2464 tanto
1262 2445 1278 2461 α
1296 2443 1304 2463 :
1330 2441 1456 2473 magno
1480 2429 1524 2462 H.

199 2576 270 2609 146.
296 2573 559 2613 Wormaciensi]
587 2575 659 2607 The
687 2574 860 2607 reference
888 2576 917 2606 is

150 2628 196 2650 no
219 2617 333 2650 doubt
355 2622 393 2650 to
417 2618 477 2650 the
501 2617 693 2651 Consilium
714 2619 915 2651 mentioned

151 2664 186 2694 in
219 2661 284 2702 Ep.
317 2670 400 2701 1149
426 2662 577 2699 introd.;
614 2662 726 2694 which
753 2672 823 2694 was
850 2666 915 2704 put

149 2706 225 2737 into
245 2704 448 2737 circulation
471 2705 545 2745 just
563 2705 680 2738 before
698 2706 758 2738 the
777 2707 858 2738 Diet
879 2711 911 2737 at

152 2749 299 2782 worma.

240 2791 334 2832 apud
362 2791 536 2830 Cesarem]
562 2792 670 2824 There
696 2793 724 2824 is
750 2803 795 2824 110
821 2797 916 2825 trace

152 2835 188 2867 of
207 2845 278 2876 any
297 2834 402 2867 letter
421 2835 457 2866 of
476 2835 641 2867 Erasmus
661 2840 700 2868 to
719 2835 859 2868 Chai-les
879 2842 918 2869 at

151 2878 212 2911 the
237 2879 322 2910 time
346 2878 382 2909 of
404 2877 466 2910 the
489 2878 595 2916 Diet;
633 2878 698 2911 but
720 2879 763 2912 hc
788 2890 858 2911 was
881 2880 917 2911 in

153 2932 243 2964 open
261 2922 555 2954 communication
572 2922 658 2955 with
675 2922 735 2955 the
753 2922 919 2965 Imperial

154 2966 329 2998 ministers
348 2965 451 3006 (Epp.
475 2974 569 3006 1195,
593 2969 746 3007 1197—9).
787 2967 818 2999 A
835 2977 919 3009 year

153 3010 241 3043 later
260 3010 301 3041 110
320 3010 388 3041 had
407 3009 554 3041 another
572 3009 753 3051 pamphlct
769 3010 806 3042 in
824 3010 917 3043 hand

986 2575 1065 2615 (Ep.
1083 2582 1176 2615 1275.
1188 2575 1272 2612 zon)
1286 2584 1294 2610 ;
1316 2572 1386 2604 and
1398 2582 1467 2604 was
1479 2572 1583 2613 again
1594 2571 1749 2603 address-

982 2619 1040 2659 ing
1065 2617 1204 2649 himself
1223 2615 1388 2659 urgently
1409 2620 1447 2648 to
1469 2616 1529 2647 the
1552 2614 1660 2647 Court
1682 2616 1751 2654 (see

985 2661 1049 2703 Ep.
1071 2662 1164 2702 1278.
1187 2663 1276 2700 1311).
1325 2660 1376 2692 ct.
1394 2660 1571 2701 ais-oEpp.
1589 2661 1680 2698 1496.
1699 2667 1750 2699 33.

988 2715 1081 2741 1313.
1098 2715 1152 2743 41.

1009 2743 1014 2746 *
1035 2743 1104 2789 issi7.
1132 2745 1340 2785 Adrianum]
1356 2746 1419 2780 See
1437 2746 1500 2787 Ep.
1524 2755 1616 2787 1352.

1074 2789 1303 2829 Clementem]
1318 2791 1381 2823 See
1397 2790 1461 2831 Ep.
1483 2791 1575 2829 1418.

1036 2839 1106 2875 148.
1134 2832 1378 2876 C'ampegium]
1417 2834 1480 2867 See.
1520 2833 1609 2874 Epp.
1656 2842 1750 2873 1410.

991 2888 1084 2920 1415,
1107 2887 1200 2918 1422.

1034 2933 1106 2961 140.
1131 2921 1304 2963 proceres]
1325 2921 1491 2953 Erasmus
1512 2930 1582 2952 was
1602 2920 1752 2961 perhaps

986 2965 1148 3008 thinking
1174 2965 1210 2997 of
1235 2965 1320 2997 such
1344 2964 1467 2997 letters
1492 2974 1530 2997 as
1557 2964 1646 3006 Epp.
1673 2965 1750 3005 985.

990 3018 1097 3042 1202:
1126 3009 1169 3041 ef.
1187 3009 1250 3051 Ep.
1272 3019 1364 3050 1275.
1381 3018 1459 3041 2111.

1772 287 1828 319 125

1772 557 1833 588 130

1774 1101 1834 1131 140

1774 1372 1830 1404 145

1777 1644 1837 1676 150

1775 1916 1832 1949 155

1776 2181 1836 2211 160
