2012 3370
173 1763 211 1785 10

174 2034 209 2066 15

230 116 310 154 424
706 111 959 150 LETTERs
991 110 1062 150 er
1092 108 1355 149 ERAsMus
1707 111 1829 160 [1524

229 225 303 276 qui
320 224 475 262 nullius
494 234 664 271 operam
683 221 817 271 magis
834 219 1033 270 implorat
1053 218 1254 259 aduersus
1273 219 1507 259 Lutherum
1525 230 1655 269 quam
1674 230 1825 257 meam.

230 279 364 318 Aliter
398 278 478 329 ipsi
514 275 758 320 Lutherani,
794 275 868 325 qui
902 275 946 312 in
980 274 1192 313 neminem
1227 275 1361 325 magis
1396 273 1586 311 fremunt
1619 285 1747 323 quam
1783 273 1827 311 in

231 333 467 372 Erasmum.
520 330 612 369 Hoc
634 333 677 367 te
699 329 803 367 seire
824 327 953 375 volui,
976 341 1028 367 ne
1050 328 1154 379 quid
1175 341 1284 367 erres
1306 329 1348 366 in
1370 327 1505 366 nobis.
1556 326 1670 364 Bene
1693 326 1799 365 vale.

286 386 489 431 Bri-sileae,
517 388 614 434 post
639 383 803 422 Pascha
828 382 952 421 Anno
976 393 1011 421 M
1029 393 1058 420 D
1077 393 1201 421 XXIV.

638 514 759 552 1434.
823 510 892 552 To
924 510 1056 552 ‘JOHN
1090 512 1427 553 CARONDELET.

277 604 379 649 Opus
397 603 649 648 Epistolarum
669 613 703 647 p.
723 604 804 645 819.
1570 600 1687 634 Basle.

276 663 321 697 N.
342 674 377 708 p.
396 663 463 705 782
482 676 488 694 :
523 660 640 695 Lond.
660 660 735 694 xxi.
759 670 796 694 12
816 674 822 693 :
858 660 932 694 LB.
949 661 1031 704 675.
1479 669 1523 703 30
1537 658 1664 693 March
1683 666 1783 702 1524.

275 743 441 784 [Written
461 742 497 773 in
518 751 680 783 response
701 743 740 773 to
759 740 891 778 letters,
913 744 977 773 not
996 744 1134 779 extant,
1154 740 1244 772 from
1266 740 1440 782 Margaret
1461 739 1496 771 of
1517 739 1659 772 Austria
1679 739 1750 771 and
1771 739 1832 772 her

230 786 432 819 Chancellor
454 786 522 824 (see
543 785 607 826 Ep.
629 786 705 824 803.
733 786 823 824 12n),
843 784 1046 826 intimating
1067 784 1149 817 that
1168 783 1343 816 Erasmus’
1367 782 1530 824 Imperial
1552 783 1695 825 pension
1717 782 1831 815 would

229 834 293 862 not
308 830 349 862 be
369 829 451 871 paid
471 828 586 860 unless
605 828 647 860 he
669 828 833 860 returned
853 831 892 860 to
914 828 1083 860 Brabant.
1129 828 1201 859 The
1220 827 1295 860 fact
1313 826 1395 859 that
1415 825 1620 867 Margaret's
1638 826 1742 858 letter
1761 826 1830 858 had

229 874 376 906 reached
399 873 564 905 Erasmus
587 871 683 912 carly
705 872 741 903 in
762 872 923 912 January
945 871 1002 909 (cf.
1028 871 1092 912 Ep.
1122 873 1217 911 1408.
1244 873 1379 910 10--11)‚
1401 870 1471 902 and
1496 870 1555 902 the
1580 880 1686 910 many
1710 869 1830 902 verbal

231 917 482 950 resemblances
501 916 579 948 here
599 919 637 947 to
656 915 709 947 his
727 915 848 946 letters
867 914 903 947 of
919 914 1081 956 January
1094 914 1165 946 and
1181 914 1370 955 February,
1388 913 1572 955 especially
1588 917 1626 946 to
1645 913 1709 955 Ep.
1734 922 1828 954 1422,

229 964 371 1003 suggest
389 960 470 992 that
484 959 554 991 this
573 969 654 1000 may
673 958 761 990 have
782 958 867 990 been
884 959 1023 990 written
1041 968 1137 990 some
1153 958 1264 990 weeks
1280 957 1396 990 before
1413 958 1443 989 it
1456 958 1485 989 is
1500 956 1619 995 dated,
1635 957 1701 989 but
1717 957 1828 989 inten-

230 1004 378 1046 tionally
397 1003 477 1036 held
495 1003 584 1035 back
600 1003 690 1034 from
704 1001 867 1043 dispatch
881 1001 937 1041 (cf.
958 1001 1022 1043 Ep.
1047 1011 1139 1042 1433.
1164 1003 1251 1041 1—2).
1301 1001 1509 1033 Carondelet
1525 1000 1657 1043 replied
1674 1000 1829 1042 through

230 1048 369 1080 Marcus
387 1047 581 1084 Laurinus3
607 1056 663 1077 see
680 1046 744 1087 Ep.
768 1046 861 1086 1458.
885 1046 1023 1086 57—64.]

284 1144 486 1172 ERASMVS
516 1143 845 1171 ROTERODAMVS
875 1143 1036 1170 IOANNI
1066 1143 1392 1179 CARONDILETO,
1425 1143 1775 1171 ARCHIEPISCOPO

790 1197 1127 1233 PANORMITANO,
1159 1197 1194 1225 S.
1227 1198 1269 1225 D.

284 1259 347 1297 VT
377 1257 525 1296 eadem
556 1270 684 1308 opera
712 1261 756 1296 et
786 1257 841 1295 ad
871 1261 968 1295 tuas
998 1261 1042 1296 et
1071 1257 1126 1295 ad
1155 1257 1463 1297 illustrissimae
1494 1259 1690 1298 dominae
1720 1259 1828 1297 Mar-

229 1317 398 1364 garetae
424 1312 568 1351 literas
596 1312 742 1362 paucis
768 1311 1059 1362 respondeam,
1087 1325 1170 1351 non
1200 1317 1302 1351 sunt
1327 1312 1434 1351 fumi
1461 1326 1568 1364 quos
1597 1313 1830 1352 ostendunt

230 1367 339 1406 Galli
355 1380 362 1412 ;
382 1366 454 1405 sed
471 1367 557 1405 iam
575 1366 675 1405 olim
688 1365 957 1412 Poneherius,
973 1367 1194 1417 episcopus
1212 1366 1470 1413 Parisiensis‚
1490 1380 1623 1418 quum
1641 1367 1828 1418 legatum

230 1424 373 1473 ageret
396 1420 620 1459 Bruxellae
644 1420 759 1471 apud
784 1419 979 1459 Carolum
1004 1420 1164 1471 Regem
1187 1421 1377 1459 nondum
1403 1421 1635 1467 Caesarem,
1662 1426 1829 1472 praeter

230 1475 357 1527 Regis
389 1474 697 1525 benignitatem
730 1487 807 1512 suo
833 1475 1004 1513 nomine
1036 1474 1243 1513 offerebat
1271 1487 1399 1526 supra
1427 1476 1639 1526 impensas
1669 1488 1827 1521 omnes,

230 1529 563 1580 quadringentos
587 1532 811 1567 coronatos
835 1541 996 1575 aureOS,
1023 1528 1236 1579 pollicitus
1260 1530 1429 1568 interim
1455 1530 1594 1568 ocium
1619 1543 1760 1568 meum
1785 1534 1830 1568 et

229 1583 472 1622 libertatem
505 1582 608 1620 mihi
640 1582 895 1621 incolumem
927 1582 1029 1621 fore.
1092 1582 1186 1621 Iam
1219 1583 1321 1621 haee
1355 1583 1550 1623 absentia
1582 1596 1668 1623 non
1700 1584 1830 1622 debet

229 1638 373 1676 vocari
411 1637 618 1682 absentia,
659 1637 703 1675 in
742 1649 828 1687 qua
866 1641 1039 1675 tantum
1079 1636 1344 1676 voluminum
1383 1637 1536 1683 aedith,
1577 1638 1694 1688 quod
1730 1638 1828 1676 istic

229 1704 404 1730 manens
428 1689 623 1742 perficere
646 1702 732 1729 non
755 1690 1001 1741 potuissem.
1055 1691 1112 1730 Et
1134 1694 1280 1738 tamen
1303 1691 1538 1730 discedenti
1560 1691 1829 1731 Thesaurarii

229 1746 511 1796 promiserant
539 1745 784 1795 pensionem
812 1744 901 1783 fore
930 1745 974 1784 in
1002 1748 1113 1784 tuto.
1171 1744 1301 1784 Porro
1330 1745 1446 1797 quod
1475 1745 1598 1785 addit
1625 1750 1702 1785 tua
1731 1746 1826 1785 sub-

228 1800 400 1845 limitas,
425 1812 478 1838 ne
501 1798 647 1838 videar
671 1799 726 1837 ad
749 1799 915 1838 hostem
939 1798 1152 1846 defecisse,
1177 1800 1262 1846 risi,
1287 1803 1337 1838 vt
1360 1813 1508 1839 verum
1531 1799 1681 1847 fatear,
1707 1801 1829 1852 quasi

230 1854 408 1894 Erasmo
430 1854 488 1892 sit
510 1854 740 1904 quicquam
763 1854 926 1904 negocii
949 1866 1045 1892 cum
1069 1853 1192 1893 bello.
1246 1853 1339 1893 Imo
1362 1854 1442 1893 hoc
1466 1867 1541 1905 pro
1565 1854 1726 1894 viribus
1749 1867 1829 1906 ago

230 1912 279 1947 vt
303 1908 529 1947 conueniat
551 1907 662 1946 inter
685 1907 949 1946 monarchas.

284 1962 464 2002 Causam
483 1974 593 2012 quur
612 1974 678 2000 me
696 1962 824 2000 toties
844 1962 1020 2008 vocarit,
1042 1962 1135 2001 Rex
1155 1961 1315 2001 Galliae
1334 1975 1408 2014 per
1425 1963 1628 2002 nuncium
1647 1964 1827 2014 aperuit.

231 2016 430 2055 Decreuit
454 2015 650 2054 Lutetiae
674 2015 894 2067 collegium
917 2017 1140 2055 instituere
1162 2016 1373 2068 trilingue,
1398 2017 1523 2068 quale
1546 2021 1612 2056 est
1635 2017 1828 2056 Louanii.

232 2069 283 2109 Ei
304 2071 364 2109 rei
386 2069 559 2108 volebat
581 2082 647 2108 me
670 2083 759 2108 esse
781 2069 1058 2121 praefectum.
1110 2070 1325 2110 Excusaui
1346 2076 1505 2118 tamen,
1530 2084 1691 2110 memor
1713 2071 1826 2111 vide-

229 2123 328 2164 lieet
356 2128 567 2175 quantum
596 2124 782 2162 inuidiae
811 2128 1108 2176 quantumque
1136 2125 1403 2164 tumultuum
1433 2126 1704 2165 sustinuerim
1732 2126 1829 2165 istic

231 2192 257 2217 a
275 2178 482 2229 theologis
502 2178 716 2216 nonnullis
736 2178 791 2217 ob
813 2178 1033 2230 collegium
1055 2179 1363 2218 Buslidianum.
1399 2180 1457 2219 Et
1477 2184 1623 2219 tamen
1643 2180 1829 2219 famulus

229 2245 348 2272 meus
372 2246 394 2271 e
419 2232 556 2271 Gallia
578 2244 782 2279 reuersus,
810 2233 934 2271 certis
954 2234 1214 2284 argumentis
1234 2234 1381 2273 docuit
1401 2234 1485 2273 illic
1505 2235 1828 2273 Thesaurariam

170 2305 213 2328 20
231 2300 319 2325 esse
349 2290 545 2338 paratam
576 2286 687 2325 mille
716 2286 932 2326 librarum.
992 2287 1083 2338 Ego
1112 2287 1260 2326 fiscum
1290 2287 1496 2339 Principis
1526 2289 1609 2328 mei
1636 2288 1827 2328 nondum

231 2341 462 2379 admodum
491 2341 679 2392 grauaui.
737 2341 848 2379 Nam
876 2354 928 2379 ex
957 2354 1005 2380 eo
1034 2342 1179 2392 pensio
1206 2355 1293 2380 non
1319 2343 1400 2381 nisi
1427 2343 1555 2381 semel
1583 2342 1721 2382 soluta
1750 2347 1827 2382 est.

279 2478 371 2510 1434.
399 2486 428 2518 3.
454 2475 681 2516 Poncherius]
712 2475 775 2509 See
806 2476 871 2518 Ep.
907 2485 994 2517 5293
1068 2485 1163 2518 1375,
1184 2486 1278 2518 1403.

231 2520 313 2557 and,
336 2519 391 2552 for
415 2520 467 2552 his
488 2520 640 2561 meeting
663 2519 749 2551 with
769 2519 936 2553 Erasmus
957 2524 996 2553 at
1112 2529 1161 2562 15.
1187 2520 1385 2563 collegium]
1399 2521 1462 2554 See
1478 2521 1542 2563 Ep.
1562 2530 1623 2563 522
1640 2522 1769 2555 introd.

232 2563 389 2595 Brussels
405 2563 439 2594 in
460 2572 553 2604 1517,
572 2562 637 2604 Ep.
658 2571 730 2603 522.
753 2564 849 2598 11611.
872 2573 967 2603 11711.
1112 2565 1161 2596 18.
1186 2563 1354 2605 famulus]
1372 2565 1497 2606 Hilary
1514 2565 1673 2604 Bertulf;
1695 2576 1751 2598 see
1762 2565 1827 2608 Ep.

276 2608 307 2638 6.
332 2606 622 2648 quadringentos]
644 2606 859 2647 Equivalent
881 2611 919 2639 to
936 2607 996 2639 the
1068 2617 1153 2648 1400
1168 2608 1298 2640 introd-

236 2659 330 2685 1,000
351 2650 467 2682 florins
486 2649 688 2682 mentioned
709 2650 744 2681 in
762 2649 827 2691 Ep.
849 2659 921 2692 551.
942 2660 992 2682 11.
1112 2660 1163 2692 19.
1187 2651 1468 2693 Thesaurariam]
1480 2655 1519 2685 at
1530 2652 1659 2685 Tours:
1678 2653 1721 2685 cf.
1735 2652 1826 2694 Epp.

232 2694 300 2725 For
320 2692 381 2726 the
401 2703 497 2725 sums
519 2692 648 2725 offered
668 2696 707 2726 to
729 2692 920 2726 Glareanus
941 2705 998 2727 see
1067 2703 1163 2736 1439,
1201 2696 1296 2736 1446,
1333 2704 1427 2736 1471,
1466 2697 1562 2737 1484,
1600 2698 1694 2737 1487,
1732 2698 1827 2737 1488,

231 2737 321 2778 Epp.
339 2738 416 2787 463..
435 2746 535 2787 42-3,
557 2746 631 2778 529.
654 2745 793 2776 109—10.
1067 2747 1163 2780 1529,
1182 2747 1278 2780 1545,
1300 2747 1394 2780 1553.

277 2781 307 2811 8.
332 2780 464 2821 aedith]
484 2779 535 2813 of.
560 2780 651 2822 Epp.
677 2789 772 2821 1390.
802 2790 877 2821 17n‚
899 2791 993 2822 1411.
1108 2791 1162 2814 20.
1186 2781 1281 2814 mille
1308 2782 1492 2824 librarum]
1521 2783 1590 2816 For
1618 2782 1719 2816 other
1747 2783 1827 2815 esti-

232 2825 288 2855 Sn.
1064 2828 1177 2858 mates
1192 2825 1230 2858 of
1243 2826 1291 2858 its
1305 2826 1419 2859 worth
1433 2836 1490 2859 see
1505 2826 1595 2869 Epp.
1617 2835 1711 2867 1471,
1732 2827 1827 2867 1487,

275 2875 307 2906 9.
333 2866 566 2907 Thesaurarii]
605 2866 678 2899 One
717 2867 754 2899 of
789 2866 888 2900 these
926 2878 997 2901 was
1068 2877 1163 2910 1529,
1185 2878 1279 2910 1545,
1300 2878 1393 2911 1553.

229 2908 287 2941 Jo.
307 2908 480 2948 Riffault;
509 2920 565 2942 see
582 2910 646 2952 Ep.
669 2912 763 2951 1287.
782 2920 861 2950 2911.
1109 2922 1161 2945 21.
1187 2913 1324 2954 pensio]
1344 2913 1431 2945 Paid
1451 2917 1490 2946 to
1510 2913 1582 2946 him
1603 2917 1642 2944 at
1661 2912 1828 2954 Ant-,werp

280 2961 327 2984 11.
354 2952 400 2984 ad
416 2953 567 2993 hostem]
583 2953 634 2986 cf.
652 2954 717 2996 Ep.
739 2956 834 2995 1408.
853 2965 932 2988 2011.
1064 2955 1113 2997 by
1134 2955 1285 2988 R-iffault-
1306 2956 1423 2989 before
1445 2956 1488 2988 he
1507 2956 1574 2988 left
1592 2956 1647 2988 for
1668 2956 1771 2988 Basle
1792 2956 1828 2988 in

281 3005 329 3034 14.
356 2996 537 3036 nuncium]
552 2996 782 3029 Cantiuncula
797 3010 805 3030 ε
834 3009 890 3030 see
904 2999 995 3040 Epp.
1069 3007 1147 3040 1521
1164 3011 1172 3031 :
1199 3010 1255 3032 see
1271 3000 1361 3041 Epp.
1383 3008 1476 3041 1302.
1495 3009 1549 3039 24,
1570 3008 1663 3041 1342.
1681 3001 1781 3040 87-9.
