<?xml version="1.0" encoding="UTF-8"?>
<!DOCTYPE html PUBLIC "-//W3C//DTD XHTML 1.0 Transitional//EN"
    "http://www.w3.org/TR/xhtml1/DTD/xhtml1-transitional.dtd">
<html xmlns="http://www.w3.org/1999/xhtml" xml:lang="en" lang="en">
 <head>
  <title>
</title>
<meta http-equiv="Content-Type" content="text/html;charset=utf-8" />
  <meta name='ocr-system' content='tesseract 3.04.00' />
  <meta name='ocr-capabilities' content='ocr_page ocr_carea ocr_par ocr_line ocrx_word'/>
</head>
<body>
  <div class='ocr_page' id='page_1' title='image "./opusepistolarum05eras_0128.png"; bbox 0 0 2012 3370; ppageno 0'>
   <div class='ocr_carea' id='block_1_1' title="bbox 268 159 1866 210">
    <p class='ocr_par' dir='ltr' id='par_1_1' title="bbox 268 159 1866 210">
     <span class='ocr_line' id='line_1_1' title="bbox 268 159 1866 210; baseline -0.002 -9"><span class='ocrx_word' id='word_1_1' title='bbox 268 162 320 201; x_wconf 88' lang='grc'>98</span> <span class='ocrx_word' id='word_1_2' title='bbox 742 159 997 200; x_wconf 80' lang='lat' dir='ltr'><strong>LETTERS</strong></span> <span class='ocrx_word' id='word_1_3' title='bbox 1029 159 1101 200; x_wconf 86' lang='lat' dir='ltr'>OF</span> <span class='ocrx_word' id='word_1_4' title='bbox 1130 159 1395 200; x_wconf 78' lang='lat' dir='ltr'>ERASMUS</span> <span class='ocrx_word' id='word_1_5' title='bbox 1743 160 1866 210; x_wconf 86' lang='lat'>[1522</span> 
     </span>
    </p>
   </div>
   <div class='ocr_carea' id='block_1_2' title="bbox 874 276 1254 307">
    <p class='ocr_par' dir='ltr' id='par_1_2' title="bbox 874 276 1254 307">
     <span class='ocr_line' id='line_1_2' title="bbox 874 276 1254 307; baseline -0.003 0"><span class='ocrx_word' id='word_1_6' title='bbox 874 276 1016 307; x_wconf 89' lang='lat' dir='ltr'>VIVES</span> <span class='ocrx_word' id='word_1_7' title='bbox 1051 276 1254 306; x_wconf 84' lang='lat' dir='ltr'>ERASMO.</span> 
     </span>
    </p>
   </div>
   <div class='ocr_carea' id='block_1_3' title="bbox 198 332 1869 2178">
    <p class='ocr_par' dir='ltr' id='par_1_3' title="bbox 264 332 1866 548">
     <span class='ocr_line' id='line_1_3' title="bbox 321 332 1866 385; baseline -0.001 -13"><span class='ocrx_word' id='word_1_8' title='bbox 321 332 518 372; x_wconf 82' lang='lat' dir='ltr'>ABSOLVI</span> <span class='ocrx_word' id='word_1_9' title='bbox 542 333 730 379; x_wconf 85' lang='lat' dir='ltr'>tandem,</span> <span class='ocrx_word' id='word_1_10' title='bbox 756 332 923 373; x_wconf 84' lang='lat' dir='ltr'>Christo</span> <span class='ocrx_word' id='word_1_11' title='bbox 947 334 1096 385; x_wconf 84' lang='lat' dir='ltr'>gratia,</span> <span class='ocrx_word' id='word_1_12' title='bbox 1124 344 1187 373; x_wconf 91' lang='grc'>22.</span> <span class='ocrx_word' id='word_1_13' title='bbox 1213 333 1284 373; x_wconf 89' lang='lat' dir='ltr'>lib.</span> <span class='ocrx_word' id='word_1_14' title='bbox 1322 333 1375 373; x_wconf 90' lang='lat' dir='ltr'>de</span> <span class='ocrx_word' id='word_1_15' title='bbox 1403 333 1528 373; x_wconf 85' lang='lat' dir='ltr'>Ciuit.</span> <span class='ocrx_word' id='word_1_16' title='bbox 1551 332 1654 372; x_wconf 88' lang='lat' dir='ltr'>Dei:</span> <span class='ocrx_word' id='word_1_17' title='bbox 1685 344 1866 383; x_wconf 90' lang='lat' dir='ltr'>quorum</span> 
     </span>
     <span class='ocr_line' id='line_1_4' title="bbox 264 387 1866 439; baseline -0.001 -14"><span class='ocrx_word' id='word_1_18' title='bbox 264 387 452 438; x_wconf 91' lang='lat' dir='ltr'>quinque</span> <span class='ocrx_word' id='word_1_19' title='bbox 480 392 717 438; x_wconf 85' lang='lat' dir='ltr'>postremos</span> <span class='ocrx_word' id='word_1_20' title='bbox 743 388 817 438; x_wconf 88' lang='lat' dir='ltr'>qui</span> <span class='ocrx_word' id='word_1_21' title='bbox 844 388 994 438; x_wconf 77' lang='lat' dir='ltr'>reliqui</span> <span class='ocrx_word' id='word_1_22' title='bbox 1021 392 1155 435; x_wconf 90' lang='lat' dir='ltr'>erant,</span> <span class='ocrx_word' id='word_1_23' title='bbox 1184 401 1259 439; x_wconf 86' lang='lat' dir='ltr'>per</span> <span class='ocrx_word' id='word_1_24' title='bbox 1284 389 1396 428; x_wconf 90' lang='lat' dir='ltr'>hunc</span> <span class='ocrx_word' id='word_1_25' title='bbox 1423 389 1620 427; x_wconf 89' lang='lat' dir='ltr'>iuuenem</span> <span class='ocrx_word' id='word_1_26' title='bbox 1648 387 1866 426; x_wconf 83' lang='lat' dir='ltr'>Colonien-</span> 
     </span>
     <span class='ocr_line' id='line_1_5' title="bbox 266 441 1866 494; baseline 0 -15"><span class='ocrx_word' id='word_1_27' title='bbox 266 442 398 490; x_wconf 84' lang='lat' dir='ltr'>s&lt;em&gt;</span> <span class='ocrx_word' id='word_1_28' title='bbox 418 442 557 487; x_wconf 88' lang='lat' dir='ltr'>mitt0,</span> <span class='ocrx_word' id='word_1_29' title='bbox 580 455 676 480; x_wconf 92' lang='lat' dir='ltr'>cum</span> <span class='ocrx_word' id='word_1_30' title='bbox 697 442 877 493; x_wconf 83' lang='lat' dir='ltr'>epistola</span> <span class='ocrx_word' id='word_1_31' title='bbox 896 443 1208 493; x_wconf 78' lang='lat' dir='ltr'>nuncupatoria</span> <span class='ocrx_word' id='word_1_32' title='bbox 1228 442 1283 482; x_wconf 89' lang='lat' dir='ltr'>ad</span> <span class='ocrx_word' id='word_1_33' title='bbox 1307 443 1466 494; x_wconf 81' lang='lat' dir='ltr'>Regem</span> <span class='ocrx_word' id='word_1_34' title='bbox 1490 441 1752 487; x_wconf 80' lang='lat' dir='ltr'>Britanniae,</span> <span class='ocrx_word' id='word_1_35' title='bbox 1770 453 1866 479; x_wconf 89' lang='lat' dir='ltr'>cum</span> 
     </span>
     <span class='ocr_line' id='line_1_6' title="bbox 264 495 1865 548; baseline -0.001 -15"><span class='ocrx_word' id='word_1_36' title='bbox 264 495 540 546; x_wconf 72' lang='lat' dir='ltr'>praefatione,</span> <span class='ocrx_word' id='word_1_37' title='bbox 580 501 625 535; x_wconf 87' lang='lat' dir='ltr'>et</span> <span class='ocrx_word' id='word_1_38' title='bbox 661 496 713 535; x_wconf 89' lang='lat' dir='ltr'>de</span> <span class='ocrx_word' id='word_1_39' title='bbox 750 497 964 535; x_wconf 85' lang='lat' dir='ltr'>veteribus</span> <span class='ocrx_word' id='word_1_40' title='bbox 1001 497 1317 548; x_wconf 73' lang='lat' dir='ltr'>interpretibus,</span> <span class='ocrx_word' id='word_1_41' title='bbox 1356 502 1570 548; x_wconf 85' lang='lat' dir='ltr'>postremo</span> <span class='ocrx_word' id='word_1_42' title='bbox 1611 496 1663 534; x_wconf 89' lang='lat' dir='ltr'>de</span> <span class='ocrx_word' id='word_1_43' title='bbox 1700 495 1865 535; x_wconf 87' lang='lat' dir='ltr'>Gothis.</span> 
     </span>
    </p>

    <p class='ocr_par' dir='ltr' id='par_1_4' title="bbox 198 549 1869 2014">
     <span class='ocr_line' id='line_1_7' title="bbox 227 549 1867 602; baseline 0 -15"><span class='ocrx_word' id='word_1_44' title='bbox 227 549 382 599; x_wconf 80' lang='lat' dir='ltr'>5Quae</span> <span class='ocrx_word' id='word_1_45' title='bbox 416 555 602 600; x_wconf 89' lang='lat' dir='ltr'>quatuor</span> <span class='ocrx_word' id='word_1_46' title='bbox 636 551 758 589; x_wconf 90' lang='lat' dir='ltr'>initio</span> <span class='ocrx_word' id='word_1_47' title='bbox 793 552 930 601; x_wconf 82' lang='lat' dir='ltr'>operis</span> <span class='ocrx_word' id='word_1_48' title='bbox 965 556 1205 602; x_wconf 86' lang='lat' dir='ltr'>ponentur:</span> <span class='ocrx_word' id='word_1_49' title='bbox 1257 556 1358 590; x_wconf 86' lang='lat' dir='ltr'>sunt</span> <span class='ocrx_word' id='word_1_50' title='bbox 1393 553 1504 590; x_wconf 90' lang='lat' dir='ltr'>enim</span> <span class='ocrx_word' id='word_1_51' title='bbox 1540 564 1615 590; x_wconf 88' lang='lat' dir='ltr'>ceu</span> <span class='ocrx_word' id='word_1_52' title='bbox 1651 549 1867 600; x_wconf 84' lang='lat' dir='ltr'>prooemia</span> 
     </span>
     <span class='ocr_line' id='line_1_8' title="bbox 262 603 1866 657; baseline -0.001 -15"><span class='ocrx_word' id='word_1_53' title='bbox 262 603 487 654; x_wconf 78' lang='lat' dir='ltr'>quaedam.</span> <span class='ocrx_word' id='word_1_54' title='bbox 547 604 599 643; x_wconf 89' lang='lat' dir='ltr'>In</span> <span class='ocrx_word' id='word_1_55' title='bbox 640 605 903 655; x_wconf 82' lang='lat' dir='ltr'>praefatione</span> <span class='ocrx_word' id='word_1_56' title='bbox 943 606 1036 656; x_wconf 88' lang='lat' dir='ltr'>ipsa</span> <span class='ocrx_word' id='word_1_57' title='bbox 1076 605 1259 656; x_wconf 87' lang='lat' dir='ltr'>paucula</span> <span class='ocrx_word' id='word_1_58' title='bbox 1299 606 1509 657; x_wconf 84' lang='lat' dir='ltr'>quaedam</span> <span class='ocrx_word' id='word_1_59' title='bbox 1552 605 1773 655; x_wconf 87' lang='lat' dir='ltr'>attigimus</span> <span class='ocrx_word' id='word_1_60' title='bbox 1814 603 1866 642; x_wconf 85' lang='lat' dir='ltr'>de</span> 
     </span>
     <span class='ocr_line' id='line_1_9' title="bbox 262 657 1867 711; baseline 0 -15"><span class='ocrx_word' id='word_1_61' title='bbox 262 657 469 697; x_wconf 86' lang='lat' dir='ltr'>immensa</span> <span class='ocrx_word' id='word_1_62' title='bbox 491 662 663 698; x_wconf 90' lang='lat' dir='ltr'>tuarum</span> <span class='ocrx_word' id='word_1_63' title='bbox 688 659 863 698; x_wconf 89' lang='lat' dir='ltr'>laudum</span> <span class='ocrx_word' id='word_1_64' title='bbox 888 661 1067 699; x_wconf 90' lang='lat' dir='ltr'>materia</span> <span class='ocrx_word' id='word_1_65' title='bbox 1087 673 1094 706; x_wconf 93' lang='lat'>;</span> <span class='ocrx_word' id='word_1_66' title='bbox 1136 661 1300 699; x_wconf 90' lang='lat' dir='ltr'>vtinam</span> <span class='ocrx_word' id='word_1_67' title='bbox 1324 665 1415 700; x_wconf 89' lang='lat' dir='ltr'>tam</span> <span class='ocrx_word' id='word_1_68' title='bbox 1439 660 1652 711; x_wconf 80' lang='lat' dir='ltr'>eleganter</span> <span class='ocrx_word' id='word_1_69' title='bbox 1675 663 1719 697; x_wconf 84' lang='lat' dir='ltr'>et</span> <span class='ocrx_word' id='word_1_70' title='bbox 1742 658 1867 697; x_wconf 89' lang='lat' dir='ltr'>docte</span> 
     </span>
     <span class='ocr_line' id='line_1_10' title="bbox 261 712 1866 766; baseline 0 -16"><span class='ocrx_word' id='word_1_71' title='bbox 261 724 392 763; x_wconf 90' lang='lat' dir='ltr'>quam</span> <span class='ocrx_word' id='word_1_72' title='bbox 421 725 519 752; x_wconf 89' lang='lat' dir='ltr'>vere</span> <span class='ocrx_word' id='word_1_73' title='bbox 548 715 808 765; x_wconf 81' lang='lat' dir='ltr'>quam&lt;que&gt;</span> <span class='ocrx_word' id='word_1_74' title='bbox 836 715 926 765; x_wconf 89' lang='lat' dir='ltr'>ipse</span> <span class='ocrx_word' id='word_1_75' title='bbox 954 715 1090 753; x_wconf 85' lang='lat' dir='ltr'>sentio</span> <span class='ocrx_word' id='word_1_76' title='bbox 1121 714 1369 766; x_wconf 82' lang='lat' dir='ltr'>magnifice!</span> <span class='ocrx_word' id='word_1_77' title='bbox 1440 715 1503 753; x_wconf 89' lang='lat' dir='ltr'>Ea</span> <span class='ocrx_word' id='word_1_78' title='bbox 1533 719 1581 753; x_wconf 91' lang='lat' dir='ltr'>tu</span> <span class='ocrx_word' id='word_1_79' title='bbox 1610 713 1722 764; x_wconf 83' lang='lat' dir='ltr'>leges</span> <span class='ocrx_word' id='word_1_80' title='bbox 1750 712 1866 764; x_wconf 89' lang='lat' dir='ltr'>prius</span> 
     </span>
     <span class='ocr_line' id='line_1_11' title="bbox 261 767 1867 819; baseline 0 -14"><span class='ocrx_word' id='word_1_81' title='bbox 261 779 391 817; x_wconf 90' lang='lat' dir='ltr'>quam</span> <span class='ocrx_word' id='word_1_82' title='bbox 422 767 735 818; x_wconf 83' lang='lat' dir='ltr'>imprimantur,</span> <span class='ocrx_word' id='word_1_83' title='bbox 768 773 813 808; x_wconf 89' lang='lat' dir='ltr'>et</span> <span class='ocrx_word' id='word_1_84' title='bbox 843 782 1018 808; x_wconf 80' lang='lat' dir='ltr'>censura</span> <span class='ocrx_word' id='word_1_85' title='bbox 1048 774 1125 808; x_wconf 91' lang='lat' dir='ltr'>tua</span> <span class='ocrx_word' id='word_1_86' title='bbox 1155 769 1298 808; x_wconf 88' lang='lat' dir='ltr'>omnia</span> <span class='ocrx_word' id='word_1_87' title='bbox 1328 768 1614 819; x_wconf 81' lang='lat' dir='ltr'>temperabis3</span> <span class='ocrx_word' id='word_1_88' title='bbox 1663 767 1794 806; x_wconf 91' lang='lat' dir='ltr'>addes</span> <span class='ocrx_word' id='word_1_89' title='bbox 1823 770 1867 805; x_wconf 90' lang='lat' dir='ltr'>et</span> 
     </span>
     <span class='ocr_line' id='line_1_12' title="bbox 204 821 1864 874; baseline -0.001 -13"><span class='ocrx_word' id='word_1_90' title='bbox 204 837 244 861; x_wconf 91' lang='lat'>10</span> <span class='ocrx_word' id='word_1_91' title='bbox 262 821 449 860; x_wconf 85' lang='lat' dir='ltr'>mutabis</span> <span class='ocrx_word' id='word_1_92' title='bbox 478 835 588 873; x_wconf 90' lang='lat' dir='ltr'>quae</span> <span class='ocrx_word' id='word_1_93' title='bbox 617 822 890 870; x_wconf 88' lang='lat' dir='ltr'>videbuntur,</span> <span class='ocrx_word' id='word_1_94' title='bbox 921 823 1048 862; x_wconf 91' lang='lat' dir='ltr'>modo</span> <span class='ocrx_word' id='word_1_95' title='bbox 1077 837 1129 863; x_wconf 89' lang='lat' dir='ltr'>ne</span> <span class='ocrx_word' id='word_1_96' title='bbox 1158 824 1323 862; x_wconf 90' lang='lat' dir='ltr'>minora</span> <span class='ocrx_word' id='word_1_97' title='bbox 1350 823 1477 863; x_wconf 80' lang='lat' dir='ltr'>facies</span> <span class='ocrx_word' id='word_1_98' title='bbox 1506 836 1636 874; x_wconf 87' lang='lat' dir='ltr'>quam</span> <span class='ocrx_word' id='word_1_99' title='bbox 1666 822 1864 867; x_wconf 80' lang='lat' dir='ltr'>diximus,</span> 
     </span>
     <span class='ocr_line' id='line_1_13' title="bbox 261 875 1866 929; baseline 0.001 -16"><span class='ocrx_word' id='word_1_100' title='bbox 261 875 419 926; x_wconf 85' lang='lat' dir='ltr'>alioqui</span> <span class='ocrx_word' id='word_1_101' title='bbox 439 876 543 915; x_wconf 89' lang='lat' dir='ltr'>nihil</span> <span class='ocrx_word' id='word_1_102' title='bbox 562 876 722 916; x_wconf 77' lang='lat' dir='ltr'>futura.</span> <span class='ocrx_word' id='word_1_103' title='bbox 780 877 889 916; x_wconf 90' lang='lat' dir='ltr'>Tum</span> <span class='ocrx_word' id='word_1_104' title='bbox 910 878 945 916; x_wconf 89' lang='lat' dir='ltr'>si</span> <span class='ocrx_word' id='word_1_105' title='bbox 964 877 1068 929; x_wconf 91' lang='lat' dir='ltr'>quid</span> <span class='ocrx_word' id='word_1_106' title='bbox 1085 881 1152 917; x_wconf 87' lang='lat' dir='ltr'>est</span> <span class='ocrx_word' id='word_1_107' title='bbox 1170 883 1358 917; x_wconf 88' lang='lat' dir='ltr'>erratum</span> <span class='ocrx_word' id='word_1_108' title='bbox 1378 891 1464 916; x_wconf 92' lang='lat' dir='ltr'>non</span> <span class='ocrx_word' id='word_1_109' title='bbox 1484 877 1611 916; x_wconf 91' lang='lat' dir='ltr'>modo</span> <span class='ocrx_word' id='word_1_110' title='bbox 1632 877 1675 915; x_wconf 92' lang='lat' dir='ltr'>in</span> <span class='ocrx_word' id='word_1_111' title='bbox 1696 875 1866 916; x_wconf 88' lang='lat' dir='ltr'>Graecis</span> 
     </span>
     <span class='ocr_line' id='line_1_14' title="bbox 260 930 1869 982; baseline 0.001 -15"><span class='ocrx_word' id='word_1_112' title='bbox 260 933 304 967; x_wconf 86' lang='lat' dir='ltr'>et</span> <span class='ocrx_word' id='word_1_113' title='bbox 324 930 640 982; x_wconf 88' lang='lat' dir='ltr'>orthographia,</span> <span class='ocrx_word' id='word_1_114' title='bbox 663 931 737 971; x_wconf 88' lang='lat' dir='ltr'>sed</span> <span class='ocrx_word' id='word_1_115' title='bbox 757 933 887 971; x_wconf 88' lang='lat' dir='ltr'>etiam</span> <span class='ocrx_word' id='word_1_116' title='bbox 908 932 975 971; x_wconf 87' lang='lat' dir='ltr'>vel</span> <span class='ocrx_word' id='word_1_117' title='bbox 996 933 1039 971; x_wconf 93' lang='lat' dir='ltr'>in</span> <span class='ocrx_word' id='word_1_118' title='bbox 1060 933 1237 971; x_wconf 87' lang='lat' dir='ltr'>historia</span> <span class='ocrx_word' id='word_1_119' title='bbox 1257 932 1325 972; x_wconf 86' lang='lat' dir='ltr'>vel</span> <span class='ocrx_word' id='word_1_120' title='bbox 1344 932 1492 971; x_wconf 85' lang='lat' dir='ltr'>fabula</span> <span class='ocrx_word' id='word_1_121' title='bbox 1512 931 1579 971; x_wconf 88' lang='lat' dir='ltr'>vel</span> <span class='ocrx_word' id='word_1_122' title='bbox 1600 930 1869 982; x_wconf 83' lang='lat' dir='ltr'>philosophia</span> 
     </span>
     <span class='ocr_line' id='line_1_15' title="bbox 261 983 1865 1036; baseline 0 -14"><span class='ocrx_word' id='word_1_123' title='bbox 261 983 328 1022; x_wconf 91' lang='lat' dir='ltr'>vel</span> <span class='ocrx_word' id='word_1_124' title='bbox 360 984 573 1036; x_wconf 85' lang='lat' dir='ltr'>theologia</span> <span class='ocrx_word' id='word_1_125' title='bbox 603 985 670 1024; x_wconf 89' lang='lat' dir='ltr'>vel</span> <span class='ocrx_word' id='word_1_126' title='bbox 701 986 899 1033; x_wconf 85' lang='lat' dir='ltr'>dictione,</span> <span class='ocrx_word' id='word_1_127' title='bbox 931 987 1012 1025; x_wconf 88' lang='lat' dir='ltr'>tibi</span> <span class='ocrx_word' id='word_1_128' title='bbox 1043 987 1186 1025; x_wconf 87' lang='lat' dir='ltr'>omnia</span> <span class='ocrx_word' id='word_1_129' title='bbox 1215 986 1340 1025; x_wconf 88' lang='lat' dir='ltr'>trado</span> <span class='ocrx_word' id='word_1_130' title='bbox 1370 985 1666 1031; x_wconf 84' lang='lat' dir='ltr'>emendanda3</span> <span class='ocrx_word' id='word_1_131' title='bbox 1714 996 1865 1036; x_wconf 88' lang='lat' dir='ltr'>appro-</span> 
     </span>
     <span class='ocr_line' id='line_1_16' title="bbox 265 1037 1864 1091; baseline 0.001 -15"><span class='ocrx_word' id='word_1_132' title='bbox 265 1037 440 1077; x_wconf 83' lang='lat' dir='ltr'>baturus</span> <span class='ocrx_word' id='word_1_133' title='bbox 471 1052 556 1078; x_wconf 90' lang='lat' dir='ltr'>non</span> <span class='ocrx_word' id='word_1_134' title='bbox 587 1052 706 1078; x_wconf 88' lang='lat' dir='ltr'>secus</span> <span class='ocrx_word' id='word_1_135' title='bbox 736 1053 846 1091; x_wconf 88' lang='lat' dir='ltr'>quae</span> <span class='ocrx_word' id='word_1_136' title='bbox 877 1041 921 1079; x_wconf 93' lang='lat' dir='ltr'>in</span> <span class='ocrx_word' id='word_1_137' title='bbox 951 1041 1031 1079; x_wconf 91' lang='lat' dir='ltr'>hoc</span> <span class='ocrx_word' id='word_1_138' title='bbox 1062 1041 1193 1091; x_wconf 87' lang='lat' dir='ltr'>egeris</span> <span class='ocrx_word' id='word_1_139' title='bbox 1224 1053 1361 1090; x_wconf 90' lang='lat' dir='ltr'>opere,</span> <span class='ocrx_word' id='word_1_140' title='bbox 1395 1053 1443 1080; x_wconf 93' lang='lat' dir='ltr'>ac</span> <span class='ocrx_word' id='word_1_141' title='bbox 1474 1040 1509 1079; x_wconf 90' lang='lat' dir='ltr'>si</span> <span class='ocrx_word' id='word_1_142' title='bbox 1538 1039 1731 1079; x_wconf 79' lang='lat' dir='ltr'>fecissem</span> <span class='ocrx_word' id='word_1_143' title='bbox 1761 1039 1864 1090; x_wconf 88' lang='lat' dir='ltr'>ipse,</span> 
     </span>
     <span class='ocr_line' id='line_1_17' title="bbox 204 1092 1866 1146; baseline -0.001 -14"><span class='ocrx_word' id='word_1_144' title='bbox 204 1109 240 1142; x_wconf 83' lang='lat'>15</span> <span class='ocrx_word' id='word_1_145' title='bbox 260 1095 304 1131; x_wconf 89' lang='lat' dir='ltr'>et</span> <span class='ocrx_word' id='word_1_146' title='bbox 331 1092 556 1132; x_wconf 85' lang='lat' dir='ltr'>habiturus</span> <span class='ocrx_word' id='word_1_147' title='bbox 584 1095 759 1132; x_wconf 87' lang='lat' dir='ltr'>maximi</span> <span class='ocrx_word' id='word_1_148' title='bbox 788 1094 979 1133; x_wconf 83' lang='lat' dir='ltr'>beneficii</span> <span class='ocrx_word' id='word_1_149' title='bbox 1005 1094 1111 1141; x_wconf 90' lang='lat' dir='ltr'>loco,</span> <span class='ocrx_word' id='word_1_150' title='bbox 1140 1094 1339 1134; x_wconf 90' lang='lat' dir='ltr'>videlicet</span> <span class='ocrx_word' id='word_1_151' title='bbox 1365 1093 1481 1146; x_wconf 90' lang='lat' dir='ltr'>quod</span> <span class='ocrx_word' id='word_1_152' title='bbox 1508 1098 1553 1133; x_wconf 90' lang='lat' dir='ltr'>et</span> <span class='ocrx_word' id='word_1_153' title='bbox 1580 1107 1647 1133; x_wconf 91' lang='lat' dir='ltr'>me</span> <span class='ocrx_word' id='word_1_154' title='bbox 1674 1092 1866 1132; x_wconf 82' lang='lat' dir='ltr'>docueris</span> 
     </span>
     <span class='ocr_line' id='line_1_18' title="bbox 259 1147 1866 1198; baseline 0.001 -14"><span class='ocrx_word' id='word_1_155' title='bbox 259 1149 304 1184; x_wconf 89' lang='lat' dir='ltr'>et</span> <span class='ocrx_word' id='word_1_156' title='bbox 352 1159 447 1185; x_wconf 88' lang='lat' dir='ltr'>mea</span> <span class='ocrx_word' id='word_1_157' title='bbox 494 1147 725 1186; x_wconf 87' lang='lat' dir='ltr'>reddideris</span> <span class='ocrx_word' id='word_1_158' title='bbox 774 1148 960 1187; x_wconf 84' lang='lat' dir='ltr'>meliora.</span> <span class='ocrx_word' id='word_1_159' title='bbox 1019 1148 1407 1188; x_wconf 77' lang='lat' dir='ltr'>Annotatiunculas</span> <span class='ocrx_word' id='word_1_160' title='bbox 1454 1147 1514 1187; x_wconf 92' lang='lat' dir='ltr'>nil</span> <span class='ocrx_word' id='word_1_161' title='bbox 1561 1148 1713 1187; x_wconf 91' lang='lat' dir='ltr'>dubito</span> <span class='ocrx_word' id='word_1_162' title='bbox 1761 1147 1866 1198; x_wconf 88' lang='lat' dir='ltr'>quin</span> 
     </span>
     <span class='ocr_line' id='line_1_19' title="bbox 259 1201 1866 1254; baseline 0.001 -16"><span class='ocrx_word' id='word_1_163' title='bbox 259 1201 520 1251; x_wconf 83' lang='lat' dir='ltr'>marginibus</span> <span class='ocrx_word' id='word_1_164' title='bbox 550 1201 805 1249; x_wconf 87' lang='lat' dir='ltr'>addiderint,</span> <span class='ocrx_word' id='word_1_165' title='bbox 837 1203 971 1242; x_wconf 90' lang='lat' dir='ltr'>secuti</span> <span class='ocrx_word' id='word_1_166' title='bbox 1000 1216 1142 1242; x_wconf 88' lang='lat' dir='ltr'>meum</span> <span class='ocrx_word' id='word_1_167' title='bbox 1170 1202 1413 1254; x_wconf 85' lang='lat' dir='ltr'>exemplum</span> <span class='ocrx_word' id='word_1_168' title='bbox 1442 1216 1495 1242; x_wconf 81' lang='lat' dir='ltr'>ex</span> <span class='ocrx_word' id='word_1_169' title='bbox 1523 1203 1670 1254; x_wconf 89' lang='lat' dir='ltr'>primis</span> <span class='ocrx_word' id='word_1_170' title='bbox 1698 1201 1866 1241; x_wconf 85' lang='lat' dir='ltr'>duobus</span> 
     </span>
     <span class='ocr_line' id='line_1_20' title="bbox 260 1255 1866 1304; baseline 0.001 -11"><span class='ocrx_word' id='word_1_171' title='bbox 260 1258 337 1293; x_wconf 87' lang='lat' dir='ltr'>aut</span> <span class='ocrx_word' id='word_1_172' title='bbox 361 1255 498 1294; x_wconf 88' lang='lat' dir='ltr'>tribus</span> <span class='ocrx_word' id='word_1_173' title='bbox 523 1255 639 1295; x_wconf 89' lang='lat' dir='ltr'>libris</span> <span class='ocrx_word' id='word_1_174' title='bbox 660 1270 668 1302; x_wconf 91' lang='lat'>;</span> <span class='ocrx_word' id='word_1_175' title='bbox 711 1257 778 1295; x_wconf 89' lang='lat' dir='ltr'>vel</span> <span class='ocrx_word' id='word_1_176' title='bbox 802 1258 933 1296; x_wconf 86' lang='lat' dir='ltr'>etiam</span> <span class='ocrx_word' id='word_1_177' title='bbox 958 1270 1097 1304; x_wconf 86' lang='lat' dir='ltr'>suum,</span> <span class='ocrx_word' id='word_1_178' title='bbox 1124 1261 1175 1296; x_wconf 89' lang='lat' dir='ltr'>vt</span> <span class='ocrx_word' id='word_1_179' title='bbox 1198 1262 1300 1297; x_wconf 89' lang='lat' dir='ltr'>sunt</span> <span class='ocrx_word' id='word_1_180' title='bbox 1324 1271 1374 1297; x_wconf 90' lang='lat' dir='ltr'>ea</span> <span class='ocrx_word' id='word_1_181' title='bbox 1397 1258 1442 1296; x_wconf 91' lang='lat' dir='ltr'>in</span> <span class='ocrx_word' id='word_1_182' title='bbox 1466 1270 1511 1296; x_wconf 89' lang='lat' dir='ltr'>re</span> <span class='ocrx_word' id='word_1_183' title='bbox 1535 1256 1866 1296; x_wconf 82' lang='lat' dir='ltr'>exercitatiores.</span> 
     </span>
     <span class='ocr_line' id='line_1_21' title="bbox 258 1307 1866 1363; baseline 0.001 -16"><span class='ocrx_word' id='word_1_184' title='bbox 258 1307 368 1347; x_wconf 83' lang='lat' dir='ltr'>Tum</span> <span class='ocrx_word' id='word_1_185' title='bbox 387 1309 569 1349; x_wconf 90' lang='lat' dir='ltr'>indicem</span> <span class='ocrx_word' id='word_1_186' title='bbox 589 1311 779 1362; x_wconf 85' lang='lat' dir='ltr'>colligere</span> <span class='ocrx_word' id='word_1_187' title='bbox 797 1325 880 1350; x_wconf 92' lang='lat' dir='ltr'>non</span> <span class='ocrx_word' id='word_1_188' title='bbox 901 1312 981 1351; x_wconf 84' lang='lat' dir='ltr'>erit</span> <span class='ocrx_word' id='word_1_189' title='bbox 1000 1312 1167 1351; x_wconf 84' lang='lat' dir='ltr'>difficile</span> <span class='ocrx_word' id='word_1_190' title='bbox 1186 1325 1196 1359; x_wconf 93' lang='lat'>;</span> <span class='ocrx_word' id='word_1_191' title='bbox 1231 1311 1283 1351; x_wconf 91' lang='lat' dir='ltr'>de</span> <span class='ocrx_word' id='word_1_192' title='bbox 1301 1325 1386 1363; x_wconf 93' lang='lat' dir='ltr'>quo</span> <span class='ocrx_word' id='word_1_193' title='bbox 1405 1312 1485 1351; x_wconf 92' lang='lat' dir='ltr'>tibi</span> <span class='ocrx_word' id='word_1_194' title='bbox 1502 1312 1588 1350; x_wconf 91' lang='lat' dir='ltr'>iam</span> <span class='ocrx_word' id='word_1_195' title='bbox 1607 1310 1700 1350; x_wconf 85' lang='lat' dir='ltr'>aliis</span> <span class='ocrx_word' id='word_1_196' title='bbox 1717 1310 1866 1361; x_wconf 88' lang='lat' dir='ltr'>scripsi</span> 
     </span>
     <span class='ocr_line' id='line_1_22' title="bbox 199 1362 1863 1417; baseline 0 -13"><span class='ocrx_word' id='word_1_197' title='bbox 199 1381 242 1404; x_wconf 85' lang='lat'>20</span> <span class='ocrx_word' id='word_1_198' title='bbox 258 1362 390 1403; x_wconf 85' lang='lat' dir='ltr'>literis</span> <span class='ocrx_word' id='word_1_199' title='bbox 411 1376 487 1415; x_wconf 89' lang='lat' dir='ltr'>per</span> <span class='ocrx_word' id='word_1_200' title='bbox 507 1363 746 1416; x_wconf 87' lang='lat' dir='ltr'>Georgium.</span> <span class='ocrx_word' id='word_1_201' title='bbox 806 1365 1069 1417; x_wconf 81' lang='lat' dir='ltr'>Significabis</span> <span class='ocrx_word' id='word_1_202' title='bbox 1090 1366 1194 1405; x_wconf 89' lang='lat' dir='ltr'>mihi</span> <span class='ocrx_word' id='word_1_203' title='bbox 1214 1366 1319 1417; x_wconf 90' lang='lat' dir='ltr'>quid</span> <span class='ocrx_word' id='word_1_204' title='bbox 1340 1379 1407 1405; x_wconf 92' lang='lat' dir='ltr'>me</span> <span class='ocrx_word' id='word_1_205' title='bbox 1429 1366 1532 1405; x_wconf 88' lang='lat' dir='ltr'>velis</span> <span class='ocrx_word' id='word_1_206' title='bbox 1553 1365 1606 1405; x_wconf 88' lang='lat' dir='ltr'>de</span> <span class='ocrx_word' id='word_1_207' title='bbox 1627 1365 1863 1405; x_wconf 86' lang='lat' dir='ltr'>Coloniensi</span> 
     </span>
     <span class='ocr_line' id='line_1_23' title="bbox 258 1417 1863 1471; baseline 0.002 -16"><span class='ocrx_word' id='word_1_208' title='bbox 258 1417 366 1456; x_wconf 89' lang='lat' dir='ltr'>libro</span> <span class='ocrx_word' id='word_1_209' title='bbox 381 1417 532 1464; x_wconf 78' lang='lat' dir='ltr'>facere,</span> <span class='ocrx_word' id='word_1_210' title='bbox 550 1419 897 1471; x_wconf 71' lang='lat' dir='ltr'>quandoquidem</span> <span class='ocrx_word' id='word_1_211' title='bbox 914 1421 999 1459; x_wconf 90' lang='lat' dir='ltr'>iam</span> <span class='ocrx_word' id='word_1_212' title='bbox 1017 1421 1119 1459; x_wconf 86' lang='lat' dir='ltr'>mihi</span> <span class='ocrx_word' id='word_1_213' title='bbox 1135 1434 1221 1459; x_wconf 91' lang='lat' dir='ltr'>non</span> <span class='ocrx_word' id='word_1_214' title='bbox 1236 1425 1302 1460; x_wconf 88' lang='lat' dir='ltr'>est</span> <span class='ocrx_word' id='word_1_215' title='bbox 1319 1420 1550 1459; x_wconf 90' lang='lat' dir='ltr'>admodum</span> <span class='ocrx_word' id='word_1_216' title='bbox 1567 1420 1663 1459; x_wconf 85' lang='lat' dir='ltr'>vsui</span> <span class='ocrx_word' id='word_1_217' title='bbox 1677 1419 1863 1466; x_wconf 78' lang='lat' dir='ltr'>futurus,</span> 
     </span>
     <span class='ocr_line' id='line_1_24' title="bbox 258 1471 1863 1526; baseline 0.002 -17"><span class='ocrx_word' id='word_1_218' title='bbox 258 1472 340 1510; x_wconf 91' lang='lat' dir='ltr'>nisi</span> <span class='ocrx_word' id='word_1_219' title='bbox 361 1471 472 1511; x_wconf 81' lang='lat' dir='ltr'>forte</span> <span class='ocrx_word' id='word_1_220' title='bbox 495 1472 612 1520; x_wconf 87' lang='lat' dir='ltr'>alias,</span> <span class='ocrx_word' id='word_1_221' title='bbox 634 1477 684 1512; x_wconf 89' lang='lat' dir='ltr'>vt</span> <span class='ocrx_word' id='word_1_222' title='bbox 705 1485 849 1513; x_wconf 62' lang='lat' dir='ltr'>rursus</span> <span class='ocrx_word' id='word_1_223' title='bbox 873 1475 1112 1514; x_wconf 87' lang='lat' dir='ltr'>accuratius</span> <span class='ocrx_word' id='word_1_224' title='bbox 1135 1475 1214 1514; x_wconf 87' lang='lat' dir='ltr'>hoc</span> <span class='ocrx_word' id='word_1_225' title='bbox 1237 1474 1349 1514; x_wconf 89' lang='lat' dir='ltr'>idem</span> <span class='ocrx_word' id='word_1_226' title='bbox 1373 1488 1480 1526; x_wconf 91' lang='lat' dir='ltr'>opus</span> <span class='ocrx_word' id='word_1_227' title='bbox 1503 1474 1669 1514; x_wconf 89' lang='lat' dir='ltr'>edatur.</span> <span class='ocrx_word' id='word_1_228' title='bbox 1727 1473 1863 1513; x_wconf 87' lang='lat' dir='ltr'>Velim</span> 
     </span>
     <span class='ocr_line' id='line_1_25' title="bbox 258 1526 1863 1580; baseline 0.001 -16"><span class='ocrx_word' id='word_1_229' title='bbox 258 1526 414 1565; x_wconf 89' lang='lat' dir='ltr'>iterum</span> <span class='ocrx_word' id='word_1_230' title='bbox 452 1526 507 1565; x_wconf 90' lang='lat' dir='ltr'>ad</span> <span class='ocrx_word' id='word_1_231' title='bbox 536 1528 716 1579; x_wconf 88' lang='lat' dir='ltr'>antiqua</span> <span class='ocrx_word' id='word_1_232' title='bbox 744 1529 1002 1580; x_wconf 82' lang='lat' dir='ltr'>exemplaria</span> <span class='ocrx_word' id='word_1_233' title='bbox 1030 1529 1304 1580; x_wconf 83' lang='lat' dir='ltr'>August&lt;ini&gt;</span> <span class='ocrx_word' id='word_1_234' title='bbox 1331 1529 1548 1568; x_wconf 85' lang='lat' dir='ltr'>conferre:</span> <span class='ocrx_word' id='word_1_235' title='bbox 1594 1528 1863 1567; x_wconf 88' lang='lat' dir='ltr'>voluntatem</span> 
     </span>
     <span class='ocr_line' id='line_1_26' title="bbox 259 1579 1863 1634; baseline 0.001 -15"><span class='ocrx_word' id='word_1_236' title='bbox 259 1579 312 1619; x_wconf 92' lang='lat' dir='ltr'>de</span> <span class='ocrx_word' id='word_1_237' title='bbox 336 1579 415 1620; x_wconf 89' lang='lat' dir='ltr'>hoc</span> <span class='ocrx_word' id='word_1_238' title='bbox 440 1584 561 1620; x_wconf 88' lang='lat' dir='ltr'>tuam</span> <span class='ocrx_word' id='word_1_239' title='bbox 586 1582 753 1621; x_wconf 89' lang='lat' dir='ltr'>curabis</span> <span class='ocrx_word' id='word_1_240' title='bbox 777 1583 880 1621; x_wconf 90' lang='lat' dir='ltr'>mihi</span> <span class='ocrx_word' id='word_1_241' title='bbox 905 1583 1260 1634; x_wconf 88' lang='lat' dir='ltr'>perscribendam.</span> <span class='ocrx_word' id='word_1_242' title='bbox 1319 1583 1384 1623; x_wconf 89' lang='lat' dir='ltr'>De</span> <span class='ocrx_word' id='word_1_243' title='bbox 1407 1583 1588 1634; x_wconf 89' lang='lat' dir='ltr'>pecunia</span> <span class='ocrx_word' id='word_1_244' title='bbox 1611 1596 1699 1622; x_wconf 89' lang='lat' dir='ltr'>rem</span> <span class='ocrx_word' id='word_1_245' title='bbox 1723 1586 1863 1621; x_wconf 86' lang='lat' dir='ltr'>totam</span> 
     </span>
     <span class='ocr_line' id='line_1_27' title="bbox 198 1634 1864 1689; baseline 0.001 -16"><span class='ocrx_word' id='word_1_246' title='bbox 198 1654 238 1687; x_wconf 84' lang='lat'>25</span> <span class='ocrx_word' id='word_1_247' title='bbox 259 1634 324 1673; x_wconf 89' lang='lat' dir='ltr'>tui</span> <span class='ocrx_word' id='word_1_248' title='bbox 345 1638 389 1673; x_wconf 90' lang='lat' dir='ltr'>et</span> <span class='ocrx_word' id='word_1_249' title='bbox 410 1634 608 1674; x_wconf 86' lang='lat' dir='ltr'>Frobenii</span> <span class='ocrx_word' id='word_1_250' title='bbox 629 1637 793 1675; x_wconf 87' lang='lat' dir='ltr'>arbitrii</span> <span class='ocrx_word' id='word_1_251' title='bbox 813 1637 937 1676; x_wconf 83' lang='lat' dir='ltr'>facio.</span> <span class='ocrx_word' id='word_1_252' title='bbox 995 1637 1059 1676; x_wconf 89' lang='lat' dir='ltr'>Tu</span> <span class='ocrx_word' id='word_1_253' title='bbox 1080 1638 1171 1689; x_wconf 90' lang='lat' dir='ltr'>ipse</span> <span class='ocrx_word' id='word_1_254' title='bbox 1191 1638 1271 1677; x_wconf 90' lang='lat' dir='ltr'>scis</span> <span class='ocrx_word' id='word_1_255' title='bbox 1292 1642 1343 1676; x_wconf 90' lang='lat' dir='ltr'>vt</span> <span class='ocrx_word' id='word_1_256' title='bbox 1363 1651 1449 1676; x_wconf 91' lang='lat' dir='ltr'>non</span> <span class='ocrx_word' id='word_1_257' title='bbox 1471 1638 1550 1676; x_wconf 89' lang='lat' dir='ltr'>sim</span> <span class='ocrx_word' id='word_1_258' title='bbox 1571 1638 1661 1677; x_wconf 87' lang='lat' dir='ltr'>eius</span> <span class='ocrx_word' id='word_1_259' title='bbox 1682 1636 1833 1676; x_wconf 88' lang='lat' dir='ltr'>auidus</span> <span class='ocrx_word' id='word_1_260' title='bbox 1854 1649 1864 1683; x_wconf 91' lang='lat'>;</span> 
     </span>
     <span class='ocr_line' id='line_1_28' title="bbox 259 1690 1863 1743; baseline 0.002 -16"><span class='ocrx_word' id='word_1_261' title='bbox 259 1692 304 1727; x_wconf 90' lang='lat' dir='ltr'>et</span> <span class='ocrx_word' id='word_1_262' title='bbox 329 1692 476 1728; x_wconf 90' lang='lat' dir='ltr'>tamen</span> <span class='ocrx_word' id='word_1_263' title='bbox 502 1690 735 1729; x_wconf 87' lang='lat' dir='ltr'>viuendum</span> <span class='ocrx_word' id='word_1_264' title='bbox 759 1695 824 1730; x_wconf 89' lang='lat' dir='ltr'>est</span> <span class='ocrx_word' id='word_1_265' title='bbox 850 1691 1124 1743; x_wconf 85' lang='lat' dir='ltr'>iniquissimis</span> <span class='ocrx_word' id='word_1_266' title='bbox 1147 1692 1424 1743; x_wconf 87' lang='lat' dir='ltr'>temporibus,</span> <span class='ocrx_word' id='word_1_267' title='bbox 1456 1696 1501 1731; x_wconf 88' lang='lat' dir='ltr'>et</span> <span class='ocrx_word' id='word_1_268' title='bbox 1528 1692 1574 1730; x_wconf 92' lang='lat' dir='ltr'>in</span> <span class='ocrx_word' id='word_1_269' title='bbox 1602 1692 1771 1743; x_wconf 87' lang='lat' dir='ltr'>regione</span> <span class='ocrx_word' id='word_1_270' title='bbox 1789 1691 1863 1730; x_wconf 84' lang='lat' dir='ltr'>vbi</span> 
     </span>
     <span class='ocr_line' id='line_1_29' title="bbox 259 1744 1863 1798; baseline 0.002 -18"><span class='ocrx_word' id='word_1_271' title='bbox 259 1747 455 1793; x_wconf 90' lang='lat' dir='ltr'>sumptus</span> <span class='ocrx_word' id='word_1_272' title='bbox 475 1744 618 1795; x_wconf 87' lang='lat' dir='ltr'>magni</span> <span class='ocrx_word' id='word_1_273' title='bbox 637 1749 681 1784; x_wconf 93' lang='lat' dir='ltr'>et</span> <span class='ocrx_word' id='word_1_274' title='bbox 699 1750 902 1796; x_wconf 88' lang='lat' dir='ltr'>quaestus</span> <span class='ocrx_word' id='word_1_275' title='bbox 921 1746 1039 1793; x_wconf 93' lang='lat' dir='ltr'>nulli,</span> <span class='ocrx_word' id='word_1_276' title='bbox 1060 1746 1276 1785; x_wconf 83' lang='lat' dir='ltr'>duntaxat</span> <span class='ocrx_word' id='word_1_277' title='bbox 1293 1747 1461 1798; x_wconf 90' lang='lat' dir='ltr'>ingenio</span> <span class='ocrx_word' id='word_1_278' title='bbox 1479 1746 1715 1785; x_wconf 86' lang='lat' dir='ltr'>liberaliore</span> <span class='ocrx_word' id='word_1_279' title='bbox 1733 1745 1863 1797; x_wconf 87' lang='lat' dir='ltr'>digni.</span> 
     </span>
     <span class='ocr_line' id='line_1_30' title="bbox 258 1796 1863 1852; baseline 0.001 -15"><span class='ocrx_word' id='word_1_280' title='bbox 258 1796 302 1837; x_wconf 87' lang='lat' dir='ltr'>Si</span> <span class='ocrx_word' id='word_1_281' title='bbox 332 1797 436 1847; x_wconf 89' lang='lat' dir='ltr'>quid</span> <span class='ocrx_word' id='word_1_282' title='bbox 466 1798 640 1845; x_wconf 88' lang='lat' dir='ltr'>miserit,</span> <span class='ocrx_word' id='word_1_283' title='bbox 673 1803 792 1839; x_wconf 91' lang='lat' dir='ltr'>curet</span> <span class='ocrx_word' id='word_1_284' title='bbox 822 1812 896 1851; x_wconf 91' lang='lat' dir='ltr'>per</span> <span class='ocrx_word' id='word_1_285' title='bbox 925 1804 1088 1840; x_wconf 86' lang='lat' dir='ltr'>certum</span> <span class='ocrx_word' id='word_1_286' title='bbox 1119 1800 1303 1852; x_wconf 89' lang='lat' dir='ltr'>aliquem</span> <span class='ocrx_word' id='word_1_287' title='bbox 1334 1805 1378 1840; x_wconf 92' lang='lat' dir='ltr'>et</span> <span class='ocrx_word' id='word_1_288' title='bbox 1407 1801 1497 1840; x_wconf 93' lang='lat' dir='ltr'>sine</span> <span class='ocrx_word' id='word_1_289' title='bbox 1526 1800 1730 1839; x_wconf 90' lang='lat' dir='ltr'>dilatione</span> <span class='ocrx_word' id='word_1_290' title='bbox 1760 1799 1863 1839; x_wconf 91' lang='lat' dir='ltr'>mihi</span> 
     </span>
     <span class='ocr_line' id='line_1_31' title="bbox 257 1850 1864 1906; baseline 0.002 -16"><span class='ocrx_word' id='word_1_291' title='bbox 257 1850 534 1891; x_wconf 90' lang='lat' dir='ltr'>reddendum.</span> <span class='ocrx_word' id='word_1_292' title='bbox 564 1868 568 1871; x_wconf 92' lang='lat'>·</span> <span class='ocrx_word' id='word_1_293' title='bbox 593 1853 722 1892; x_wconf 89' lang='lat' dir='ltr'>Plura</span> <span class='ocrx_word' id='word_1_294' title='bbox 738 1854 806 1893; x_wconf 87' lang='lat' dir='ltr'>hic</span> <span class='ocrx_word' id='word_1_295' title='bbox 822 1868 908 1894; x_wconf 91' lang='lat' dir='ltr'>non</span> <span class='ocrx_word' id='word_1_296' title='bbox 924 1855 1087 1906; x_wconf 90' lang='lat' dir='ltr'>loquar,</span> <span class='ocrx_word' id='word_1_297' title='bbox 1106 1868 1159 1895; x_wconf 89' lang='lat' dir='ltr'>ne</span> <span class='ocrx_word' id='word_1_298' title='bbox 1174 1855 1397 1906; x_wconf 83' lang='lat' dir='ltr'>suspiceris</span> <span class='ocrx_word' id='word_1_299' title='bbox 1414 1868 1480 1895; x_wconf 90' lang='lat' dir='ltr'>me</span> <span class='ocrx_word' id='word_1_300' title='bbox 1498 1868 1657 1894; x_wconf 89' lang='lat' dir='ltr'>morem</span> <span class='ocrx_word' id='word_1_301' title='bbox 1674 1858 1864 1893; x_wconf 89' lang='lat' dir='ltr'>mutasse</span> 
     </span>
     <span class='ocr_line' id='line_1_32' title="bbox 199 1908 1863 1960; baseline 0.002 -16"><span class='ocrx_word' id='word_1_302' title='bbox 199 1927 242 1960; x_wconf 89' lang='lat'>30</span> <span class='ocrx_word' id='word_1_303' title='bbox 258 1919 414 1952; x_wconf 88' lang='lat' dir='ltr'>meum,</span> <span class='ocrx_word' id='word_1_304' title='bbox 456 1919 583 1958; x_wconf 90' lang='lat' dir='ltr'>quem</span> <span class='ocrx_word' id='word_1_305' title='bbox 624 1912 674 1946; x_wconf 90' lang='lat' dir='ltr'>tu</span> <span class='ocrx_word' id='word_1_306' title='bbox 715 1909 882 1960; x_wconf 89' lang='lat' dir='ltr'>scriptis</span> <span class='ocrx_word' id='word_1_307' title='bbox 923 1909 1054 1948; x_wconf 92' lang='lat' dir='ltr'>etiam</span> <span class='ocrx_word' id='word_1_308' title='bbox 1094 1909 1220 1949; x_wconf 91' lang='lat' dir='ltr'>editis</span> <span class='ocrx_word' id='word_1_309' title='bbox 1260 1908 1516 1949; x_wconf 84' lang='lat' dir='ltr'>testificatus</span> <span class='ocrx_word' id='word_1_310' title='bbox 1556 1922 1613 1949; x_wconf 88' lang='lat' dir='ltr'>es.</span> <span class='ocrx_word' id='word_1_311' title='bbox 1671 1908 1754 1948; x_wconf 89' lang='lat' dir='ltr'>Sed</span> <span class='ocrx_word' id='word_1_312' title='bbox 1794 1908 1863 1947; x_wconf 84' lang='lat' dir='ltr'>fac</span> 
     </span>
     <span class='ocr_line' id='line_1_33' title="bbox 259 1961 1806 2014; baseline 0.002 -16"><span class='ocrx_word' id='word_1_313' title='bbox 259 1961 497 2000; x_wconf 88' lang='lat' dir='ltr'>memineris</span> <span class='ocrx_word' id='word_1_314' title='bbox 519 1962 650 2000; x_wconf 89' lang='lat' dir='ltr'>etiam</span> <span class='ocrx_word' id='word_1_315' title='bbox 671 1963 736 2001; x_wconf 86' lang='lat' dir='ltr'>tui</span> <span class='ocrx_word' id='word_1_316' title='bbox 757 1976 765 2001; x_wconf 91' lang='lat'>:</span> <span class='ocrx_word' id='word_1_317' title='bbox 803 1964 883 2002; x_wconf 88' lang='lat' dir='ltr'>scis</span> <span class='ocrx_word' id='word_1_318' title='bbox 904 1963 1009 2014; x_wconf 91' lang='lat' dir='ltr'>quid</span> <span class='ocrx_word' id='word_1_319' title='bbox 1030 1964 1133 2003; x_wconf 89' lang='lat' dir='ltr'>mihi</span> <span class='ocrx_word' id='word_1_320' title='bbox 1155 1964 1377 2011; x_wconf 88' lang='lat' dir='ltr'>mutuaris,</span> <span class='ocrx_word' id='word_1_321' title='bbox 1401 1977 1498 2003; x_wconf 90' lang='lat' dir='ltr'>cum</span> <span class='ocrx_word' id='word_1_322' title='bbox 1519 1963 1587 2004; x_wconf 86' lang='lat' dir='ltr'>hic</span> <span class='ocrx_word' id='word_1_323' title='bbox 1607 1975 1806 2003; x_wconf 87' lang='lat' dir='ltr'>essemus.</span> 
     </span>
    </p>

    <p class='ocr_par' dir='ltr' id='par_1_5' title="bbox 257 2014 1864 2178">
     <span class='ocr_line' id='line_1_34' title="bbox 312 2014 1864 2070; baseline 0.001 -17"><span class='ocrx_word' id='word_1_324' title='bbox 312 2014 446 2054; x_wconf 89' lang='lat' dir='ltr'>Venio</span> <span class='ocrx_word' id='word_1_325' title='bbox 472 2015 527 2054; x_wconf 93' lang='lat' dir='ltr'>ad</span> <span class='ocrx_word' id='word_1_326' title='bbox 552 2015 696 2056; x_wconf 88' lang='lat' dir='ltr'>literas</span> <span class='ocrx_word' id='word_1_327' title='bbox 722 2021 832 2063; x_wconf 81' lang='lat' dir='ltr'>tuas,</span> <span class='ocrx_word' id='word_1_328' title='bbox 860 2030 968 2069; x_wconf 89' lang='lat' dir='ltr'>quas</span> <span class='ocrx_word' id='word_1_329' title='bbox 994 2019 1137 2069; x_wconf 88' lang='lat' dir='ltr'>accepi</span> <span class='ocrx_word' id='word_1_330' title='bbox 1161 2018 1330 2065; x_wconf 86' lang='lat' dir='ltr'>nudius,</span> <span class='ocrx_word' id='word_1_331' title='bbox 1357 2022 1408 2058; x_wconf 87' lang='lat' dir='ltr'>vt</span> <span class='ocrx_word' id='word_1_332' title='bbox 1433 2022 1553 2069; x_wconf 90' lang='lat' dir='ltr'>puto,</span> <span class='ocrx_word' id='word_1_333' title='bbox 1580 2022 1760 2070; x_wconf 87' lang='lat' dir='ltr'>quartus</span> <span class='ocrx_word' id='word_1_334' title='bbox 1787 2020 1864 2056; x_wconf 91' lang='lat' dir='ltr'>aut</span> 
     </span>
     <span class='ocr_line' id='line_1_35' title="bbox 258 2069 1862 2122; baseline 0.002 -16"><span class='ocrx_word' id='word_1_335' title='bbox 258 2069 447 2118; x_wconf 89' lang='lat' dir='ltr'>quint-us,</span> <span class='ocrx_word' id='word_1_336' title='bbox 464 2069 589 2109; x_wconf 89' lang='lat' dir='ltr'>datas</span> <span class='ocrx_word' id='word_1_337' title='bbox 609 2071 685 2109; x_wconf 91' lang='lat' dir='ltr'>abs</span> <span class='ocrx_word' id='word_1_338' title='bbox 703 2074 747 2111; x_wconf 84' lang='lat' dir='ltr'>te</span> <span class='ocrx_word' id='word_1_339' title='bbox 766 2071 971 2122; x_wconf 79' lang='lat' dir='ltr'>postridie</span> <span class='ocrx_word' id='word_1_340' title='bbox 988 2072 1224 2119; x_wconf 87' lang='lat' dir='ltr'>Trinitatis,</span> <span class='ocrx_word' id='word_1_341' title='bbox 1244 2073 1394 2112; x_wconf 88' lang='lat' dir='ltr'>missas</span> <span class='ocrx_word' id='word_1_342' title='bbox 1413 2073 1517 2112; x_wconf 90' lang='lat' dir='ltr'>mihi</span> <span class='ocrx_word' id='word_1_343' title='bbox 1536 2072 1590 2111; x_wconf 87' lang='lat' dir='ltr'>ab</span> <span class='ocrx_word' id='word_1_344' title='bbox 1609 2072 1862 2122; x_wconf 88' lang='lat' dir='ltr'>Antuerpia.</span> 
     </span>
     <span class='ocr_line' id='line_1_36' title="bbox 257 2122 1862 2178; baseline 0.002 -17"><span class='ocrx_word' id='word_1_345' title='bbox 257 2122 370 2162; x_wconf 91' lang='lat' dir='ltr'>Nam</span> <span class='ocrx_word' id='word_1_346' title='bbox 385 2127 510 2162; x_wconf 91' lang='lat' dir='ltr'>tuum</span> <span class='ocrx_word' id='word_1_347' title='bbox 525 2124 669 2171; x_wconf 89' lang='lat' dir='ltr'>istum,</span> <span class='ocrx_word' id='word_1_348' title='bbox 688 2138 762 2176; x_wconf 89' lang='lat' dir='ltr'>per</span> <span class='ocrx_word' id='word_1_349' title='bbox 776 2138 904 2177; x_wconf 89' lang='lat' dir='ltr'>quem</span> <span class='ocrx_word' id='word_1_350' title='bbox 919 2126 1039 2166; x_wconf 86' lang='lat' dir='ltr'>iubes</span> <span class='ocrx_word' id='word_1_351' title='bbox 1054 2140 1122 2166; x_wconf 88' lang='lat' dir='ltr'>me</span> <span class='ocrx_word' id='word_1_352' title='bbox 1141 2139 1248 2178; x_wconf 89' lang='lat' dir='ltr'>opus</span> <span class='ocrx_word' id='word_1_353' title='bbox 1261 2128 1444 2174; x_wconf 87' lang='lat' dir='ltr'>mittere,</span> <span class='ocrx_word' id='word_1_354' title='bbox 1459 2140 1545 2166; x_wconf 90' lang='lat' dir='ltr'>non</span> <span class='ocrx_word' id='word_1_355' title='bbox 1565 2126 1667 2173; x_wconf 86' lang='lat' dir='ltr'>vidi,</span> <span class='ocrx_word' id='word_1_356' title='bbox 1686 2139 1764 2166; x_wconf 86' lang='lat' dir='ltr'>nec</span> <span class='ocrx_word' id='word_1_357' title='bbox 1778 2126 1862 2165; x_wconf 90' lang='lat' dir='ltr'>huc</span> 
     </span>
    </p>
   </div>
   <div class='ocr_carea' id='block_1_4' title="bbox 258 2189 1862 2321">
    <p class='ocr_par' dir='ltr' id='par_1_6' title="bbox 258 2189 1862 2321">
     <span class='ocr_line' id='line_1_37' title="bbox 308 2189 1861 2233; baseline 0.003 -14"><span class='ocrx_word' id='word_1_358' title='bbox 308 2195 336 2227; x_wconf 88' lang='grc'>5.</span> <span class='ocrx_word' id='word_1_359' title='bbox 363 2189 540 2228; x_wconf 90' lang='lat' dir='ltr'>prooemia</span> <span class='ocrx_word' id='word_1_360' title='bbox 554 2189 677 2230; x_wconf 75' lang='lat' dir='ltr'>scripsi</span> <span class='ocrx_word' id='word_1_361' title='bbox 692 2202 698 2221; x_wconf 92' lang='lat'>:</span> <span class='ocrx_word' id='word_1_362' title='bbox 728 2191 860 2231; x_wconf 69' lang='lat' dir='ltr'>premia</span> <span class='ocrx_word' id='word_1_363' title='bbox 874 2203 893 2221; x_wconf 86' lang='lat' dir='ltr'>a</span> <span class='ocrx_word' id='word_1_364' title='bbox 909 2203 916 2223; x_wconf 93' lang='lat'>:</span> <span class='ocrx_word' id='word_1_365' title='bbox 945 2193 1100 2233; x_wconf 83' lang='lat' dir='ltr'>praemia</span> <span class='ocrx_word' id='word_1_366' title='bbox 1115 2195 1148 2227; x_wconf 89' lang='grc' dir='ltr'>β.</span> <span class='ocrx_word' id='word_1_367' title='bbox 1210 2204 1259 2226; x_wconf 90' lang='lat'>11.</span> <span class='ocrx_word' id='word_1_368' title='bbox 1285 2196 1338 2224; x_wconf 85' lang='lat' dir='ltr'>est</span> <span class='ocrx_word' id='word_1_369' title='bbox 1354 2203 1417 2225; x_wconf 85' lang='lat' dir='ltr'>om.</span> <span class='ocrx_word' id='word_1_370' title='bbox 1436 2193 1541 2225; x_wconf 73' lang='lat' dir='ltr'>Lond.</span> <span class='ocrx_word' id='word_1_371' title='bbox 1606 2200 1659 2224; x_wconf 88' lang='lat'>20.</span> <span class='ocrx_word' id='word_1_372' title='bbox 1686 2191 1721 2224; x_wconf 88' lang='lat' dir='ltr'>Si</span> <span class='ocrx_word' id='word_1_373' title='bbox 1734 2192 1861 2233; x_wconf 85' lang='lat' dir='ltr'>signifi-</span> 
     </span>
     <span class='ocr_line' id='line_1_38' title="bbox 258 2230 1862 2277; baseline 0.003 -15"><span class='ocrx_word' id='word_1_374' title='bbox 258 2230 354 2262; x_wconf 85' lang='lat' dir='ltr'>cabis</span> <span class='ocrx_word' id='word_1_375' title='bbox 365 2231 468 2264; x_wconf 77' lang='lat' dir='ltr'>Lond.</span> <span class='ocrx_word' id='word_1_376' title='bbox 483 2244 491 2263; x_wconf 72' lang='grc' dir='ltr'><strong>ε</strong></span> <span class='ocrx_word' id='word_1_377' title='bbox 520 2242 608 2264; x_wconf 81' lang='lat' dir='ltr'>error</span> <span class='ocrx_word' id='word_1_378' title='bbox 621 2233 784 2266; x_wconf 76' lang='lat' dir='ltr'>nimirum</span> <span class='ocrx_word' id='word_1_379' title='bbox 797 2234 873 2267; x_wconf 72' lang='lat' dir='ltr'>inde</span> <span class='ocrx_word' id='word_1_380' title='bbox 886 2238 986 2266; x_wconf 70' lang='lat' dir='ltr'>natus</span> <span class='ocrx_word' id='word_1_381' title='bbox 998 2236 1084 2277; x_wconf 82' lang='lat' dir='ltr'>quod</span> <span class='ocrx_word' id='word_1_382' title='bbox 1100 2235 1139 2267; x_wconf 74' lang='lat' dir='ltr'>in</span> <span class='ocrx_word' id='word_1_383' title='bbox 1154 2248 1173 2266; x_wconf 89' lang='grc' dir='ltr'>α</span> <span class='ocrx_word' id='word_1_384' title='bbox 1189 2246 1301 2268; x_wconf 69' lang='lat' dir='ltr'>versus</span> <span class='ocrx_word' id='word_1_385' title='bbox 1318 2236 1365 2268; x_wconf 76' lang='lat' dir='ltr'>ita</span> <span class='ocrx_word' id='word_1_386' title='bbox 1380 2236 1594 2273; x_wconf 76' lang='lat' dir='ltr'>diuiduntur,</span> <span class='ocrx_word' id='word_1_387' title='bbox 1611 2235 1645 2268; x_wconf 88' lang='lat' dir='ltr'>Si</span> <span class='ocrx_word' id='word_1_388' title='bbox 1648 2235 1862 2277; x_wconf 74' lang='lat' dir='ltr'>sgnificabis.</span> 
     </span>
     <span class='ocr_line' id='line_1_39' title="bbox 260 2275 1756 2321; baseline 0.005 -16"><span class='ocrx_word' id='word_1_389' title='bbox 260 2282 314 2314; x_wconf 83' lang='lat'>23.</span> <span class='ocrx_word' id='word_1_390' title='bbox 341 2275 386 2313; x_wconf 77' lang='lat' dir='ltr'>ad</span> <span class='ocrx_word' id='word_1_391' title='bbox 398 2275 526 2308; x_wconf 76' lang='lat' dir='ltr'>Lond.:</span> <span class='ocrx_word' id='word_1_392' title='bbox 550 2276 596 2308; x_wconf 89' lang='lat' dir='ltr'>ab</span> <span class='ocrx_word' id='word_1_393' title='bbox 616 2289 646 2308; x_wconf 89' lang='grc' dir='ltr'><strong>α.</strong></span> <span class='ocrx_word' id='word_1_394' title='bbox 782 2278 837 2310; x_wconf 88' lang='grc'>26.</span> <span class='ocrx_word' id='word_1_395' title='bbox 863 2281 982 2310; x_wconf 85' lang='lat' dir='ltr'>tamen</span> <span class='ocrx_word' id='word_1_396' title='bbox 1003 2291 1022 2309; x_wconf 88' lang='grc' dir='ltr'>α</span> <span class='ocrx_word' id='word_1_397' title='bbox 1039 2291 1046 2311; x_wconf 88' lang='lat'>:</span> <span class='ocrx_word' id='word_1_398' title='bbox 1081 2279 1167 2311; x_wconf 88' lang='lat' dir='ltr'>mihi</span> <span class='ocrx_word' id='word_1_399' title='bbox 1186 2279 1290 2312; x_wconf 74' lang='lat' dir='ltr'>Lond.</span> <span class='ocrx_word' id='word_1_400' title='bbox 1430 2288 1484 2317; x_wconf 87' lang='lat'>29.</span> <span class='ocrx_word' id='word_1_401' title='bbox 1509 2279 1633 2321; x_wconf 90' lang='lat' dir='ltr'>loquor</span> <span class='ocrx_word' id='word_1_402' title='bbox 1651 2279 1756 2312; x_wconf 78' lang='lat' dir='ltr'>Lond.</span> 
     </span>
    </p>
   </div>
   <div class='ocr_carea' id='block_1_5' title="bbox 304 2332 1861 2396">
    <p class='ocr_par' dir='ltr' id='par_1_7' title="bbox 304 2332 1861 2396">
     <span class='ocr_line' id='line_1_40' title="bbox 304 2332 1861 2396; baseline 0.004 -16"><span class='ocrx_word' id='word_1_403' title='bbox 304 2358 334 2380; x_wconf 90' lang='lat'>2.</span> <span class='ocrx_word' id='word_1_404' title='bbox 361 2332 614 2390; x_wconf 80' lang='lat' dir='ltr'>Coloniensem]</span> <span class='ocrx_word' id='word_1_405' title='bbox 638 2351 692 2383; x_wconf 90' lang='lat' dir='ltr'>He</span> <span class='ocrx_word' id='word_1_406' title='bbox 714 2351 778 2383; x_wconf 82' lang='lat' dir='ltr'>left</span> <span class='ocrx_word' id='word_1_407' title='bbox 800 2352 959 2385; x_wconf 84' lang='lat' dir='ltr'>Louvain</span> <span class='ocrx_word' id='word_1_408' title='bbox 982 2363 1027 2385; x_wconf 93' lang='lat' dir='ltr'>on</span> <span class='ocrx_word' id='word_1_409' title='bbox 1094 2354 1207 2395; x_wconf 84' lang='lat' dir='ltr'>praise</span> <span class='ocrx_word' id='word_1_410' title='bbox 1235 2354 1271 2386; x_wconf 86' lang='lat' dir='ltr'>of</span> <span class='ocrx_word' id='word_1_411' title='bbox 1297 2354 1463 2386; x_wconf 80' lang='lat' dir='ltr'>Erasmus</span> <span class='ocrx_word' id='word_1_412' title='bbox 1490 2355 1527 2386; x_wconf 85' lang='lat' dir='ltr'>in</span> <span class='ocrx_word' id='word_1_413' title='bbox 1554 2354 1614 2386; x_wconf 87' lang='lat' dir='ltr'>the</span> <span class='ocrx_word' id='word_1_414' title='bbox 1641 2354 1779 2396; x_wconf 79' lang='lat' dir='ltr'>preface</span> <span class='ocrx_word' id='word_1_415' title='bbox 1805 2365 1861 2388; x_wconf 87' lang='lat' dir='ltr'>see</span> 
     </span>
    </p>
   </div>
   <div class='ocr_carea' id='block_1_6' title="bbox 256 2392 1861 2658">
    <p class='ocr_par' dir='ltr' id='par_1_8' title="bbox 262 2392 1750 2439">
     <span class='ocr_line' id='line_1_41' title="bbox 262 2392 1750 2439; baseline 0.004 -16"><span class='ocrx_word' id='word_1_416' title='bbox 262 2400 297 2433; x_wconf 83' lang='lat'>15</span> <span class='ocrx_word' id='word_1_417' title='bbox 318 2392 427 2434; x_wconf 81' lang='lat' dir='ltr'>July:</span> <span class='ocrx_word' id='word_1_418' title='bbox 458 2403 513 2425; x_wconf 85' lang='lat' dir='ltr'>see</span> <span class='ocrx_word' id='word_1_419' title='bbox 531 2394 596 2435; x_wconf 89' lang='lat' dir='ltr'>Ep.</span> <span class='ocrx_word' id='word_1_420' title='bbox 619 2396 712 2434; x_wconf 78' lang='lat'>1306.</span> <span class='ocrx_word' id='word_1_421' title='bbox 733 2406 763 2437; x_wconf 87' lang='lat'>3.</span> <span class='ocrx_word' id='word_1_422' title='bbox 1093 2407 1127 2439; x_wconf 91' lang='lat' dir='ltr'>p.</span> <span class='ocrx_word' id='word_1_423' title='bbox 1154 2398 1239 2434; x_wconf 88' lang='lat'>118;</span> <span class='ocrx_word' id='word_1_424' title='bbox 1274 2397 1345 2430; x_wconf 85' lang='lat' dir='ltr'>and</span> <span class='ocrx_word' id='word_1_425' title='bbox 1365 2398 1410 2430; x_wconf 83' lang='lat' dir='ltr'>ef.</span> <span class='ocrx_word' id='word_1_426' title='bbox 1433 2397 1499 2439; x_wconf 86' lang='lat' dir='ltr'>Ep.</span> <span class='ocrx_word' id='word_1_427' title='bbox 1526 2409 1607 2431; x_wconf 86' lang='lat'>1222</span> <span class='ocrx_word' id='word_1_428' title='bbox 1624 2398 1750 2430; x_wconf 86' lang='lat' dir='ltr'>introd.</span> 
     </span>
    </p>

    <p class='ocr_par' dir='ltr' id='par_1_9' title="bbox 256 2436 1861 2658">
     <span class='ocr_line' id='line_1_42' title="bbox 304 2436 1861 2480; baseline 0.004 -13"><span class='ocrx_word' id='word_1_429' title='bbox 304 2444 334 2474; x_wconf 89' lang='lat'>3.</span> <span class='ocrx_word' id='word_1_430' title='bbox 359 2436 522 2477; x_wconf 84' lang='lat' dir='ltr'>epistola]</span> <span class='ocrx_word' id='word_1_431' title='bbox 545 2438 653 2469; x_wconf 88' lang='lat' dir='ltr'>dated</span> <span class='ocrx_word' id='word_1_432' title='bbox 676 2448 695 2478; x_wconf 93' lang='lat'><em>7</em></span> <span class='ocrx_word' id='word_1_433' title='bbox 712 2438 798 2480; x_wconf 68' lang='lat' dir='ltr'>‚July</span> <span class='ocrx_word' id='word_1_434' title='bbox 817 2448 911 2480; x_wconf 73' lang='lat'>1522,</span> <span class='ocrx_word' id='word_1_435' title='bbox 936 2439 1024 2472; x_wconf 90' lang='lat' dir='ltr'>Lou-</span> <span class='ocrx_word' id='word_1_436' title='bbox 1142 2441 1192 2472; x_wconf 88' lang='lat'>16.</span> <span class='ocrx_word' id='word_1_437' title='bbox 1219 2440 1552 2480; x_wconf 79' lang='lat' dir='ltr'>Annotatiunculas]</span> <span class='ocrx_word' id='word_1_438' title='bbox 1570 2441 1653 2473; x_wconf 87' lang='lat' dir='ltr'>This</span> <span class='ocrx_word' id='word_1_439' title='bbox 1670 2452 1741 2474; x_wconf 89' lang='lat' dir='ltr'>was</span> <span class='ocrx_word' id='word_1_440' title='bbox 1760 2441 1861 2474; x_wconf 88' lang='lat' dir='ltr'>done.</span> 
     </span>
     <span class='ocr_line' id='line_1_43' title="bbox 258 2479 1779 2524; baseline 0.005 -14"><span class='ocrx_word' id='word_1_441' title='bbox 258 2479 349 2510; x_wconf 85' lang='lat' dir='ltr'>vain.</span> <span class='ocrx_word' id='word_1_442' title='bbox 394 2479 491 2512; x_wconf 85' lang='lat' dir='ltr'>With</span> <span class='ocrx_word' id='word_1_443' title='bbox 510 2480 569 2512; x_wconf 89' lang='lat' dir='ltr'>the</span> <span class='ocrx_word' id='word_1_444' title='bbox 588 2482 725 2522; x_wconf 80' lang='lat' dir='ltr'>general</span> <span class='ocrx_word' id='word_1_445' title='bbox 745 2482 893 2523; x_wconf 54' lang='lat' dir='ltr'>prefaea</span> <span class='ocrx_word' id='word_1_446' title='bbox 914 2482 1023 2516; x_wconf 81' lang='lat' dir='ltr'>which</span> <span class='ocrx_word' id='word_1_447' title='bbox 1142 2492 1192 2522; x_wconf 88' lang='lat'>19.</span> <span class='ocrx_word' id='word_1_448' title='bbox 1217 2484 1383 2524; x_wconf 86' lang='lat' dir='ltr'>indicem]</span> <span class='ocrx_word' id='word_1_449' title='bbox 1403 2485 1486 2516; x_wconf 88' lang='lat' dir='ltr'>This</span> <span class='ocrx_word' id='word_1_450' title='bbox 1505 2495 1575 2516; x_wconf 86' lang='lat' dir='ltr'>was</span> <span class='ocrx_word' id='word_1_451' title='bbox 1594 2489 1659 2517; x_wconf 90' lang='lat' dir='ltr'>not</span> <span class='ocrx_word' id='word_1_452' title='bbox 1678 2485 1779 2518; x_wconf 87' lang='lat' dir='ltr'>done.</span> 
     </span>
     <span class='ocr_line' id='line_1_44' title="bbox 256 2521 1692 2569; baseline 0.006 -16"><span class='ocrx_word' id='word_1_453' title='bbox 256 2521 285 2553; x_wconf 88' lang='lat' dir='ltr'>is</span> <span class='ocrx_word' id='word_1_454' title='bbox 310 2521 480 2561; x_wconf 75' lang='lat' dir='ltr'>undated,</span> <span class='ocrx_word' id='word_1_455' title='bbox 505 2524 576 2556; x_wconf 87' lang='lat' dir='ltr'>and</span> <span class='ocrx_word' id='word_1_456' title='bbox 602 2524 661 2556; x_wconf 85' lang='lat' dir='ltr'>the</span> <span class='ocrx_word' id='word_1_457' title='bbox 688 2525 788 2556; x_wconf 85' lang='lat' dir='ltr'>other</span> <span class='ocrx_word' id='word_1_458' title='bbox 813 2529 882 2558; x_wconf 88' lang='lat' dir='ltr'>two</span> <span class='ocrx_word' id='word_1_459' title='bbox 907 2536 1024 2567; x_wconf 77' lang='lat' dir='ltr'>essays</span> <span class='ocrx_word' id='word_1_460' title='bbox 1139 2536 1191 2559; x_wconf 90' lang='lat'>20.</span> <span class='ocrx_word' id='word_1_461' title='bbox 1219 2527 1419 2569; x_wconf 86' lang='lat' dir='ltr'>Georgium]</span> <span class='ocrx_word' id='word_1_462' title='bbox 1438 2528 1500 2560; x_wconf 89' lang='lat' dir='ltr'>See</span> <span class='ocrx_word' id='word_1_463' title='bbox 1522 2538 1616 2567; x_wconf 79' lang='grc'>1292.</span> <span class='ocrx_word' id='word_1_464' title='bbox 1641 2539 1692 2561; x_wconf 90' lang='lat' dir='ltr'>In.</span> 
     </span>
     <span class='ocr_line' id='line_1_45' title="bbox 257 2565 1855 2611; baseline 0.006 -15"><span class='ocrx_word' id='word_1_465' title='bbox 257 2565 458 2598; x_wconf 83' lang='lat' dir='ltr'>mentioned</span> <span class='ocrx_word' id='word_1_466' title='bbox 482 2566 573 2605; x_wconf 86' lang='lat' dir='ltr'>here,</span> <span class='ocrx_word' id='word_1_467' title='bbox 591 2568 620 2599; x_wconf 87' lang='lat' dir='ltr'>it</span> <span class='ocrx_word' id='word_1_468' title='bbox 638 2567 703 2599; x_wconf 83' lang='lat' dir='ltr'>fills</span> <span class='ocrx_word' id='word_1_469' title='bbox 727 2568 825 2600; x_wconf 84' lang='lat' dir='ltr'>sheet</span> <span class='ocrx_word' id='word_1_470' title='bbox 843 2579 886 2600; x_wconf 84' lang='lat' dir='ltr'>aa</span> <span class='ocrx_word' id='word_1_471' title='bbox 909 2573 947 2601; x_wconf 82' lang='lat' dir='ltr'>at</span> <span class='ocrx_word' id='word_1_472' title='bbox 965 2570 1024 2602; x_wconf 88' lang='lat' dir='ltr'>the</span> <span class='ocrx_word' id='word_1_473' title='bbox 1181 2571 1376 2604; x_wconf 86' lang='lat' dir='ltr'>Coloniensi</span> <span class='ocrx_word' id='word_1_474' title='bbox 1391 2571 1496 2611; x_wconf 91' lang='lat' dir='ltr'>libro]</span> <span class='ocrx_word' id='word_1_475' title='bbox 1512 2572 1584 2603; x_wconf 91' lang='lat' dir='ltr'>The</span> <span class='ocrx_word' id='word_1_476' title='bbox 1600 2581 1658 2604; x_wconf 78' lang='lat' dir='ltr'>MS.</span> <span class='ocrx_word' id='word_1_477' title='bbox 1677 2572 1855 2605; x_wconf 84' lang='lat' dir='ltr'>borrowed</span> 
     </span>
     <span class='ocr_line' id='line_1_46' title="bbox 257 2607 1609 2658; baseline 0.005 -18"><span class='ocrx_word' id='word_1_478' title='bbox 257 2607 444 2651; x_wconf 85' lang='lat' dir='ltr'>beginning</span> <span class='ocrx_word' id='word_1_479' title='bbox 461 2610 496 2641; x_wconf 80' lang='lat' dir='ltr'>of</span> <span class='ocrx_word' id='word_1_480' title='bbox 513 2610 572 2642; x_wconf 86' lang='lat' dir='ltr'>the</span> <span class='ocrx_word' id='word_1_481' title='bbox 590 2611 739 2643; x_wconf 81' lang='lat' dir='ltr'>volume.</span> <span class='ocrx_word' id='word_1_482' title='bbox 1092 2614 1183 2646; x_wconf 85' lang='lat' dir='ltr'>from</span> <span class='ocrx_word' id='word_1_483' title='bbox 1201 2614 1351 2656; x_wconf 84' lang='lat' dir='ltr'>Cologne</span> <span class='ocrx_word' id='word_1_484' title='bbox 1367 2627 1375 2647; x_wconf 73' lang='grc' dir='ltr'>ι</span> <span class='ocrx_word' id='word_1_485' title='bbox 1407 2625 1462 2647; x_wconf 80' lang='lat' dir='ltr'>see</span> <span class='ocrx_word' id='word_1_486' title='bbox 1480 2625 1514 2657; x_wconf 91' lang='lat' dir='ltr'>p.</span> <span class='ocrx_word' id='word_1_487' title='bbox 1538 2626 1609 2658; x_wconf 88' lang='lat'>117.</span> 
     </span>
    </p>
   </div>
   <div class='ocr_carea' id='block_1_7' title="bbox 253 2651 1859 3092">
    <p class='ocr_par' dir='ltr' id='par_1_10' title="bbox 255 2651 1859 2787">
     <span class='ocr_line' id='line_1_47' title="bbox 300 2651 1858 2702; baseline 0.005 -18"><span class='ocrx_word' id='word_1_488' title='bbox 300 2651 332 2684; x_wconf 84' lang='lat'>6.</span> <span class='ocrx_word' id='word_1_489' title='bbox 358 2653 522 2694; x_wconf 84' lang='lat' dir='ltr'>paucula]</span> <span class='ocrx_word' id='word_1_490' title='bbox 545 2654 574 2686; x_wconf 90' lang='lat' dir='ltr'><strong>A</strong></span> <span class='ocrx_word' id='word_1_491' title='bbox 596 2654 659 2686; x_wconf 84' lang='lat' dir='ltr'>full</span> <span class='ocrx_word' id='word_1_492' title='bbox 681 2665 768 2696; x_wconf 79' lang='lat' dir='ltr'>page</span> <span class='ocrx_word' id='word_1_493' title='bbox 791 2665 835 2687; x_wconf 92' lang='lat' dir='ltr'>on</span> <span class='ocrx_word' id='word_1_494' title='bbox 856 2655 896 2687; x_wconf 67' lang='lat'>1⁰.</span> <span class='ocrx_word' id='word_1_495' title='bbox 919 2657 975 2686; x_wconf 84' lang='lat' dir='ltr'>aa³</span> <span class='ocrx_word' id='word_1_496' title='bbox 996 2656 1024 2688; x_wconf 86' lang='lat' dir='ltr'>is</span> <span class='ocrx_word' id='word_1_497' title='bbox 1138 2666 1191 2698; x_wconf 85' lang='lat'>27.</span> <span class='ocrx_word' id='word_1_498' title='bbox 1217 2657 1399 2699; x_wconf 86' lang='lat' dir='ltr'>quaestus]</span> <span class='ocrx_word' id='word_1_499' title='bbox 1429 2658 1465 2690; x_wconf 89' lang='lat' dir='ltr'>It</span> <span class='ocrx_word' id='word_1_500' title='bbox 1494 2669 1642 2700; x_wconf 83' lang='lat' dir='ltr'>appears</span> <span class='ocrx_word' id='word_1_501' title='bbox 1671 2659 1762 2692; x_wconf 77' lang='lat' dir='ltr'>from</span> <span class='ocrx_word' id='word_1_502' title='bbox 1792 2660 1858 2702; x_wconf 87' lang='lat' dir='ltr'>Ep.</span> 
     </span>
     <span class='ocr_line' id='line_1_48' title="bbox 255 2695 1859 2746; baseline 0.006 -20"><span class='ocrx_word' id='word_1_503' title='bbox 255 2695 358 2734; x_wconf 82' lang='lat' dir='ltr'>given</span> <span class='ocrx_word' id='word_1_504' title='bbox 382 2698 420 2727; x_wconf 89' lang='lat' dir='ltr'>to</span> <span class='ocrx_word' id='word_1_505' title='bbox 442 2698 554 2737; x_wconf 84' lang='lat' dir='ltr'>praise</span> <span class='ocrx_word' id='word_1_506' title='bbox 579 2697 614 2729; x_wconf 83' lang='lat' dir='ltr'>of</span> <span class='ocrx_word' id='word_1_507' title='bbox 638 2698 816 2736; x_wconf 87' lang='lat' dir='ltr'>Erasmus,</span> <span class='ocrx_word' id='word_1_508' title='bbox 840 2699 1023 2741; x_wconf 83' lang='lat' dir='ltr'>especially</span> <span class='ocrx_word' id='word_1_509' title='bbox 1096 2703 1189 2742; x_wconf 86' lang='lat'>1306.</span> <span class='ocrx_word' id='word_1_510' title='bbox 1205 2710 1288 2744; x_wconf 82' lang='lat'>43—5</span> <span class='ocrx_word' id='word_1_511' title='bbox 1308 2701 1389 2734; x_wconf 86' lang='lat' dir='ltr'>that</span> <span class='ocrx_word' id='word_1_512' title='bbox 1401 2702 1504 2734; x_wconf 86' lang='lat' dir='ltr'>Vives</span> <span class='ocrx_word' id='word_1_513' title='bbox 1519 2712 1589 2734; x_wconf 87' lang='lat' dir='ltr'>was</span> <span class='ocrx_word' id='word_1_514' title='bbox 1604 2713 1682 2735; x_wconf 90' lang='lat' dir='ltr'>now</span> <span class='ocrx_word' id='word_1_515' title='bbox 1698 2703 1859 2746; x_wconf 80' lang='lat' dir='ltr'>teaching</span> 
     </span>
     <span class='ocr_line' id='line_1_49' title="bbox 256 2737 1515 2787; baseline 0.008 -19"><span class='ocrx_word' id='word_1_516' title='bbox 256 2737 310 2769; x_wconf 82' lang='lat' dir='ltr'>for</span> <span class='ocrx_word' id='word_1_517' title='bbox 333 2737 386 2769; x_wconf 91' lang='lat' dir='ltr'>his</span> <span class='ocrx_word' id='word_1_518' title='bbox 410 2740 506 2771; x_wconf 86' lang='lat' dir='ltr'>work</span> <span class='ocrx_word' id='word_1_519' title='bbox 531 2751 576 2772; x_wconf 91' lang='lat' dir='ltr'>on</span> <span class='ocrx_word' id='word_1_520' title='bbox 601 2741 753 2779; x_wconf 83' lang='lat' dir='ltr'>Jerome,</span> <span class='ocrx_word' id='word_1_521' title='bbox 771 2741 936 2783; x_wconf 87' lang='lat' dir='ltr'>Cyprian,</span> <span class='ocrx_word' id='word_1_522' title='bbox 953 2743 1022 2774; x_wconf 86' lang='lat' dir='ltr'>and</span> <span class='ocrx_word' id='word_1_523' title='bbox 1091 2745 1128 2776; x_wconf 90' lang='lat' dir='ltr'>in</span> <span class='ocrx_word' id='word_1_524' title='bbox 1145 2755 1166 2776; x_wconf 88' lang='lat' dir='ltr'>a</span> <span class='ocrx_word' id='word_1_525' title='bbox 1182 2745 1300 2777; x_wconf 87' lang='lat' dir='ltr'>school</span> <span class='ocrx_word' id='word_1_526' title='bbox 1317 2749 1357 2777; x_wconf 84' lang='lat' dir='ltr'>at</span> <span class='ocrx_word' id='word_1_527' title='bbox 1373 2745 1515 2787; x_wconf 87' lang='lat' dir='ltr'>Bruges.</span> 
     </span>
    </p>

    <p class='ocr_par' dir='ltr' id='par_1_11' title="bbox 255 2780 1853 2917">
     <span class='ocr_line' id='line_1_50' title="bbox 255 2780 1853 2832; baseline 0.006 -20"><span class='ocrx_word' id='word_1_528' title='bbox 255 2780 459 2821; x_wconf 70' lang='lat' dir='ltr'>Augustino.</span> <span class='ocrx_word' id='word_1_529' title='bbox 504 2783 609 2816; x_wconf 79' lang='lat' dir='ltr'>Later</span> <span class='ocrx_word' id='word_1_530' title='bbox 632 2795 677 2816; x_wconf 90' lang='lat' dir='ltr'>on</span> <span class='ocrx_word' id='word_1_531' title='bbox 700 2785 750 2824; x_wconf 81' lang='lat' dir='ltr'>(ff.</span> <span class='ocrx_word' id='word_1_532' title='bbox 777 2788 834 2816; x_wconf 77' lang='lat' dir='ltr'>aa‘</span> <span class='ocrx_word' id='word_1_533' title='bbox 853 2789 906 2823; x_wconf 84' lang='lat' dir='ltr'>v⁰‚</span> <span class='ocrx_word' id='word_1_534' title='bbox 926 2787 1023 2826; x_wconf 76' lang='lat' dir='ltr'>aa⁵,⁰)</span> <span class='ocrx_word' id='word_1_535' title='bbox 1139 2796 1191 2827; x_wconf 89' lang='lat'>30.</span> <span class='ocrx_word' id='word_1_536' title='bbox 1217 2788 1374 2830; x_wconf 86' lang='lat' dir='ltr'>scriptis]</span> <span class='ocrx_word' id='word_1_537' title='bbox 1408 2788 1471 2821; x_wconf 87' lang='lat' dir='ltr'>See</span> <span class='ocrx_word' id='word_1_538' title='bbox 1505 2789 1570 2831; x_wconf 90' lang='lat' dir='ltr'>Ep.</span> <span class='ocrx_word' id='word_1_539' title='bbox 1610 2791 1704 2821; x_wconf 79' lang='lat'>1082.</span> <span class='ocrx_word' id='word_1_540' title='bbox 1733 2799 1853 2832; x_wconf 84' lang='lat'>24-59.</span> 
     </span>
     <span class='ocr_line' id='line_1_51' title="bbox 256 2823 1705 2873; baseline 0.008 -19"><span class='ocrx_word' id='word_1_541' title='bbox 256 2823 360 2855; x_wconf 85' lang='lat' dir='ltr'>Vives</span> <span class='ocrx_word' id='word_1_542' title='bbox 378 2826 522 2858; x_wconf 84' lang='lat' dir='ltr'>testifies</span> <span class='ocrx_word' id='word_1_543' title='bbox 540 2827 618 2859; x_wconf 87' lang='lat' dir='ltr'>how</span> <span class='ocrx_word' id='word_1_544' title='bbox 635 2827 748 2860; x_wconf 82' lang='lat' dir='ltr'>useful</span> <span class='ocrx_word' id='word_1_545' title='bbox 765 2828 808 2860; x_wconf 84' lang='lat' dir='ltr'>he</span> <span class='ocrx_word' id='word_1_546' title='bbox 826 2828 897 2860; x_wconf 78' lang='lat' dir='ltr'>had</span> <span class='ocrx_word' id='word_1_547' title='bbox 913 2828 1022 2861; x_wconf 84' lang='lat' dir='ltr'>found</span> <span class='ocrx_word' id='word_1_548' title='bbox 1092 2831 1156 2873; x_wconf 90' lang='lat' dir='ltr'>Ep.</span> <span class='ocrx_word' id='word_1_549' title='bbox 1177 2841 1242 2873; x_wconf 90' lang='lat'>917</span> <span class='ocrx_word' id='word_1_550' title='bbox 1261 2842 1331 2864; x_wconf 84' lang='lat' dir='ltr'>was</span> <span class='ocrx_word' id='word_1_551' title='bbox 1349 2836 1413 2864; x_wconf 89' lang='lat' dir='ltr'>not</span> <span class='ocrx_word' id='word_1_552' title='bbox 1431 2836 1493 2873; x_wconf 87' lang='lat' dir='ltr'>yet</span> <span class='ocrx_word' id='word_1_553' title='bbox 1510 2832 1705 2873; x_wconf 85' lang='lat' dir='ltr'>published.</span> 
     </span>
     <span class='ocr_line' id='line_1_52' title="bbox 256 2865 1726 2917; baseline 0.007 -20"><span class='ocrx_word' id='word_1_554' title='bbox 256 2865 433 2899; x_wconf 79' lang='lat' dir='ltr'>Erasmus‘</span> <span class='ocrx_word' id='word_1_555' title='bbox 471 2869 614 2912; x_wconf 87' lang='lat' dir='ltr'>library,</span> <span class='ocrx_word' id='word_1_556' title='bbox 650 2872 687 2903; x_wconf 88' lang='lat' dir='ltr'>in</span> <span class='ocrx_word' id='word_1_557' title='bbox 723 2871 837 2903; x_wconf 89' lang='lat' dir='ltr'>which</span> <span class='ocrx_word' id='word_1_558' title='bbox 873 2871 916 2904; x_wconf 87' lang='lat' dir='ltr'>he</span> <span class='ocrx_word' id='word_1_559' title='bbox 953 2872 1022 2904; x_wconf 89' lang='lat' dir='ltr'>had</span> <span class='ocrx_word' id='word_1_560' title='bbox 1137 2882 1191 2913; x_wconf 89' lang='lat'>31.</span> <span class='ocrx_word' id='word_1_561' title='bbox 1216 2874 1404 2914; x_wconf 81' lang='lat' dir='ltr'>mutuaris]</span> <span class='ocrx_word' id='word_1_562' title='bbox 1421 2875 1473 2909; x_wconf 79' lang='lat' dir='ltr'>Cf.</span> <span class='ocrx_word' id='word_1_563' title='bbox 1493 2876 1558 2917; x_wconf 89' lang='lat' dir='ltr'>Ep.</span> <span class='ocrx_word' id='word_1_564' title='bbox 1581 2877 1676 2916; x_wconf 83' lang='lat'>1362.</span> <span class='ocrx_word' id='word_1_565' title='bbox 1698 2884 1726 2916; x_wconf 84' lang='lat'>5.</span> 
     </span>
    </p>

    <p class='ocr_par' dir='ltr' id='par_1_12' title="bbox 255 2909 1854 3001">
     <span class='ocr_line' id='line_1_53' title="bbox 255 2909 1854 2963; baseline 0.007 -22"><span class='ocrx_word' id='word_1_566' title='bbox 255 2909 343 2941; x_wconf 86' lang='lat' dir='ltr'>been</span> <span class='ocrx_word' id='word_1_567' title='bbox 369 2911 450 2942; x_wconf 86' lang='lat' dir='ltr'>able</span> <span class='ocrx_word' id='word_1_568' title='bbox 480 2916 517 2943; x_wconf 88' lang='lat' dir='ltr'>to</span> <span class='ocrx_word' id='word_1_569' title='bbox 545 2914 683 2946; x_wconf 79' lang='lat' dir='ltr'>consult</span> <span class='ocrx_word' id='word_1_570' title='bbox 710 2915 813 2947; x_wconf 85' lang='lat' dir='ltr'>Plato</span> <span class='ocrx_word' id='word_1_571' title='bbox 837 2916 874 2947; x_wconf 89' lang='lat' dir='ltr'>in</span> <span class='ocrx_word' id='word_1_572' title='bbox 897 2915 1022 2955; x_wconf 85' lang='lat' dir='ltr'>Greek,</span> <span class='ocrx_word' id='word_1_573' title='bbox 1138 2926 1191 2958; x_wconf 89' lang='lat'>33.</span> <span class='ocrx_word' id='word_1_574' title='bbox 1216 2918 1384 2960; x_wconf 76' lang='lat' dir='ltr'>postridie</span> <span class='ocrx_word' id='word_1_575' title='bbox 1395 2917 1644 2958; x_wconf 77' lang='lat' dir='ltr'>TrinitatiSJ16</span> <span class='ocrx_word' id='word_1_576' title='bbox 1654 2919 1757 2952; x_wconf 84' lang='lat' dir='ltr'>June.</span> <span class='ocrx_word' id='word_1_577' title='bbox 1788 2920 1854 2963; x_wconf 88' lang='lat' dir='ltr'>Ep.</span> 
     </span>
     <span class='ocr_line' id='line_1_54' title="bbox 255 2952 1569 3001; baseline 0.008 -17"><span class='ocrx_word' id='word_1_578' title='bbox 255 2952 385 2985; x_wconf 87' lang='lat' dir='ltr'>Strabo</span> <span class='ocrx_word' id='word_1_579' title='bbox 403 2953 461 2993; x_wconf 85' lang='lat' dir='ltr'>(ef.</span> <span class='ocrx_word' id='word_1_580' title='bbox 479 2955 544 2996; x_wconf 93' lang='lat' dir='ltr'>Ep.</span> <span class='ocrx_word' id='word_1_581' title='bbox 561 2958 638 2995; x_wconf 85' lang='lat'>629.</span> <span class='ocrx_word' id='word_1_582' title='bbox 660 2959 784 2998; x_wconf 85' lang='lat'>14‚15),</span> <span class='ocrx_word' id='word_1_583' title='bbox 801 2958 870 2990; x_wconf 87' lang='lat' dir='ltr'>and</span> <span class='ocrx_word' id='word_1_584' title='bbox 893 2958 1019 2990; x_wconf 86' lang='lat' dir='ltr'>Pausa·</span> <span class='ocrx_word' id='word_1_585' title='bbox 1095 2971 1176 3001; x_wconf 87' lang='lat'>1292</span> <span class='ocrx_word' id='word_1_586' title='bbox 1191 2962 1221 2993; x_wconf 87' lang='lat' dir='ltr'>is</span> <span class='ocrx_word' id='word_1_587' title='bbox 1238 2962 1275 2993; x_wconf 81' lang='lat' dir='ltr'>of</span> <span class='ocrx_word' id='word_1_588' title='bbox 1288 2961 1349 2994; x_wconf 86' lang='lat' dir='ltr'>the</span> <span class='ocrx_word' id='word_1_589' title='bbox 1365 2971 1460 2993; x_wconf 87' lang='lat' dir='ltr'>same</span> <span class='ocrx_word' id='word_1_590' title='bbox 1475 2960 1569 2994; x_wconf 85' lang='lat' dir='ltr'>date.</span> 
     </span>
    </p>

    <p class='ocr_par' dir='ltr' id='par_1_13' title="bbox 253 2996 1852 3092">
     <span class='ocr_line' id='line_1_55' title="bbox 253 2996 1852 3049; baseline 0.009 -23"><span class='ocrx_word' id='word_1_591' title='bbox 253 2996 330 3028; x_wconf 85' lang='lat' dir='ltr'>nias</span> <span class='ocrx_word' id='word_1_592' title='bbox 342 2996 400 3036; x_wconf 89' lang='lat' dir='ltr'>(cf.</span> <span class='ocrx_word' id='word_1_593' title='bbox 411 2997 475 3038; x_wconf 88' lang='lat' dir='ltr'>Ep.</span> <span class='ocrx_word' id='word_1_594' title='bbox 486 3000 562 3038; x_wconf 81' lang='grc'><strong>663.</strong></span> <span class='ocrx_word' id='word_1_595' title='bbox 578 3001 665 3040; x_wconf 75' lang='lat'>103).</span> <span class='ocrx_word' id='word_1_596' title='bbox 692 3001 742 3033; x_wconf 79' lang='lat' dir='ltr'>Cf.</span> <span class='ocrx_word' id='word_1_597' title='bbox 755 3001 828 3033; x_wconf 83' lang='lat' dir='ltr'>also</span> <span class='ocrx_word' id='word_1_598' title='bbox 841 3001 906 3043; x_wconf 92' lang='lat' dir='ltr'>Ep.</span> <span class='ocrx_word' id='word_1_599' title='bbox 924 3012 1018 3043; x_wconf 89' lang='lat'>1174.</span> <span class='ocrx_word' id='word_1_600' title='bbox 1139 3013 1192 3044; x_wconf 87' lang='lat'>34.</span> <span class='ocrx_word' id='word_1_601' title='bbox 1219 3008 1320 3036; x_wconf 90' lang='lat' dir='ltr'>tuum</span> <span class='ocrx_word' id='word_1_602' title='bbox 1334 3003 1458 3043; x_wconf 82' lang='lat' dir='ltr'>istum]</span> <span class='ocrx_word' id='word_1_603' title='bbox 1477 3004 1600 3047; x_wconf 85' lang='lat' dir='ltr'>Hilary</span> <span class='ocrx_word' id='word_1_604' title='bbox 1617 3005 1852 3049; x_wconf 83' lang='lat' dir='ltr'>Bertulphus;</span> 
     </span>
     <span class='ocr_line' id='line_1_56' title="bbox 258 3039 1655 3092; baseline 0.008 -21"><span class='ocrx_word' id='word_1_605' title='bbox 258 3049 332 3082; x_wconf 78' lang='lat'>14¹1·</span> <span class='ocrx_word' id='word_1_606' title='bbox 379 3039 447 3072; x_wconf 84' lang='lat' dir='ltr'>For</span> <span class='ocrx_word' id='word_1_607' title='bbox 457 3041 670 3084; x_wconf 83' lang='lat' dir='ltr'>Subsequent</span> <span class='ocrx_word' id='word_1_608' title='bbox 681 3044 900 3076; x_wconf 82' lang='lat' dir='ltr'>withdrawal</span> <span class='ocrx_word' id='word_1_609' title='bbox 913 3045 948 3076; x_wconf 77' lang='lat' dir='ltr'>of</span> <span class='ocrx_word' id='word_1_610' title='bbox 958 3045 1018 3077; x_wconf 84' lang='lat' dir='ltr'>the</span> <span class='ocrx_word' id='word_1_611' title='bbox 1087 3046 1130 3078; x_wconf 83' lang='lat' dir='ltr'>cf.</span> <span class='ocrx_word' id='word_1_612' title='bbox 1148 3047 1238 3089; x_wconf 88' lang='lat' dir='ltr'>Epp.</span> <span class='ocrx_word' id='word_1_613' title='bbox 1260 3049 1353 3080; x_wconf 87' lang='lat'>1281.</span> <span class='ocrx_word' id='word_1_614' title='bbox 1373 3048 1451 3086; x_wconf 88' lang='lat' dir='ltr'>88n,</span> <span class='ocrx_word' id='word_1_615' title='bbox 1471 3051 1564 3090; x_wconf 85' lang='lat'>1306.</span> <span class='ocrx_word' id='word_1_616' title='bbox 1584 3057 1655 3092; x_wconf 79' lang='lat'>5—7.</span> 
     </span>
    </p>
   </div>
  </div>
 </body>
</html>
