2012 3370
135 126 258 175 1410]
506 124 578 164 To
607 123 898 174 <LORENzo
929 124 1244 175 OAMPEGIO>
1650 126 1727 165 385

134 234 271 281 offert,
303 235 389 273 iam
419 233 522 273 mihi
552 235 749 284 acceptos
777 233 1045 284 interpretor,
1077 247 1162 273 non
1194 234 1333 273 minus
1363 233 1572 273 obnoxius
1602 246 1731 285 quam

134 289 170 328 si
194 289 499 381 lrecepissem]
585 287 924 339 Amplitudinem
972 292 1094 328 tuam
1143 289 1268 339 cupio
1316 301 1447 340 quam
1494 288 1730 329 felicissime

136 355 192 381 va
210 356 290 381 ere.
1752 357 1791 389 55

190 396 382 436 Basileae
405 396 725 447 decimoquarto
750 396 920 435 Calend.
948 397 1179 443 Februarii,
1203 397 1326 436 Anno
1351 407 1622 436 M.D.XX1111.

591 552 713 591 1411.
777 550 845 591 To
878 550 1012 592 PAUL
1043 550 1337 594 BOMBAsms.

182 649 284 695 Opus
302 649 554 695 Epistolarum
572 660 608 694 p.
627 650 708 684 818.
1448 651 1567 686 Basle.

180 707 227 742 N.
247 718 282 753 p.
300 709 368 752 782
386 721 394 741 ε
428 706 544 742 Lond.
563 706 638 742 xxi.
662 717 698 741 11
720 720 727 740 τ
761 706 835 742 LB.
852 708 936 743 668.
1336 719 1376 753 19
1395 709 1564 755 January
1586 718 1685 754 1524.

182 795 389 838 [Evidently
410 800 678 838 contemporary
699 794 785 828 with
808 794 897 837 Epp.
926 797 1056 836 1408‚9.
1103 795 1186 828 This
1208 795 1279 828 and
1302 795 1390 838 Epp.
1419 805 1514 837 1410,
1542 806 1622 837 1412
1648 806 1735 829 were

136 840 272 873 carried
290 840 337 882 by
352 850 373 872 a
390 839 554 873 Lorraine
570 849 765 881 messenger
780 850 788 871 :
817 849 873 871 see
890 839 979 881 Epp.
1002 841 1095 880 1416.
1113 848 1192 880 4—5,
1213 849 1307 881 1423.
1332 841 1474 880 48—50.]

420 946 623 976 ERASMVS
654 946 876 975 ROTEROD.
907 946 1051 974 PAVLO
1081 946 1308 975 BOMBASIO
1340 947 1374 975 S.
1407 947 1450 975 D.

191 1019 324 1060 TVVM
360 1024 453 1060 tam
489 1019 705 1059 diutinum
742 1018 972 1066 silentium,
1011 1019 1069 1057 mi
1106 1018 1323 1066 Bombasd,
1361 1032 1448 1059 non
1484 1019 1739 1059 mediocrem

138 1074 465 1115 sollicitudinem
497 1074 633 1114 iniicit
665 1073 807 1112 animo
840 1086 947 1121 meo,
981 1085 1086 1112 num
1118 1073 1222 1112 satis
1255 1073 1398 1113 saluae
1430 1073 1511 1113 tibi
1542 1087 1608 1113 res
1640 1074 1739 1113 sint.

139 1128 220 1169 Hic
239 1130 368 1169 toties
387 1128 442 1168 ob
461 1128 670 1168 calculum
690 1127 903 1179 periclitor
922 1142 930 1175 ;
967 1127 1040 1167 sed
1059 1141 1166 1179 pene
1185 1140 1319 1179 vsque
1337 1128 1393 1167 ad
1412 1128 1529 1167 vitae
1548 1128 1739 1180 despera-

138 1184 300 1223 tionem
335 1196 478 1222 mense
511 1182 635 1230 Iulio,
671 1196 757 1234 qua
791 1186 913 1233 parte
946 1182 1049 1221 anni
1082 1182 1195 1221 soleo
1230 1186 1298 1221 sat
1332 1182 1553 1222 commode
1587 1182 1741 1222 valere.

140 1238 269 1277 Porro
294 1237 408 1277 feriis
432 1237 642 1276 nataliciis
667 1236 765 1276 Iesu
790 1236 946 1276 Christi
970 1237 1028 1275 sic
1054 1240 1196 1276 totum
1222 1249 1409 1276 mensem
1435 1237 1666 1289 aegrotaui,
1694 1240 1741 1276 vt
1765 1253 1780 1286 5

140 1305 252 1331 mors
272 1291 402 1331 fuerit
421 1292 466 1330 in
487 1292 613 1338 votis,
635 1292 727 1330 vita
748 1291 904 1330 taedio.
958 1290 1060 1338 Quis
1080 1290 1191 1330 enim
1214 1304 1300 1330 non
1322 1291 1468 1331 mallet
1489 1291 1616 1330 semel
1638 1291 1744 1330 mori

140 1359 270 1398 quam
305 1346 434 1385 toties
468 1349 685 1397 regustare
720 1348 901 1384 mortem
935 1345 1058 1396 longe
1093 1345 1440 1384 atrocissimam?
1505 1345 1564 1384 Et
1598 1349 1745 1384 tamen

140 1401 309 1440 interim
337 1400 552 1439 emisimus
580 1399 737 1438 multos
763 1399 905 1438 libros.
962 1399 1051 1439 Nec
1079 1399 1191 1439 enim
1218 1399 1340 1438 aliter
1368 1399 1491 1438 decet
1518 1399 1744 1438 Erasmum

141 1455 259 1494 mori.
318 1454 413 1493 Rex
443 1453 676 1494 Galliarum
706 1453 924 1493 montibus
953 1453 1091 1492 aureis
1120 1453 1253 1492 allicit
1280 1453 1337 1492 ad
1366 1466 1421 1492 se.
1480 1453 1579 1493 Non
1608 1453 1745 1493 audeo

139 1509 211 1557 ire,
247 1522 301 1548 ne
334 1508 481 1548 videar
514 1521 581 1547 me
615 1507 803 1547 conferre
837 1508 893 1547 ad
926 1507 1094 1546 hostem
1129 1507 1317 1547 Caesaris
1352 1508 1419 1547 cui
1451 1508 1618 1547 iuratus
1651 1520 1745 1547 sum
1769 1525 1807 1546 10

140 1562 430 1610 consiliarius;
478 1576 554 1602 nec
585 1563 754 1614 ignoras
784 1566 973 1614 quantus
1004 1562 1082 1602 sim
1116 1561 1395 1614 belligerator.
1455 1562 1544 1602 Nec
1575 1562 1745 1601 interim

141 1622 287 1657 tamen
307 1617 508 1669 penditur
528 1617 689 1669 pensio,
710 1629 786 1656 nec
807 1615 1030 1668 pendetur,
1053 1616 1216 1667 opinor,
1238 1617 1282 1655 ni
1301 1616 1472 1655 redeam
1493 1617 1537 1656 in
1556 1615 1744 1656 Braban-

140 1672 261 1711 tiam.
320 1671 463 1723 Atque
491 1671 575 1711 illic
602 1675 901 1723 praeterquam
926 1670 1042 1722 quod
1067 1671 1209 1709 omnia
1232 1671 1445 1710 tumultus
1475 1671 1601 1722 plena
1631 1675 1744 1716 sunt,

140 1726 308 1778 gladius
335 1725 463 1765 datus
491 1729 557 1765 est
585 1725 836 1766 Carmelitae
865 1725 1035 1764 cuidam
1064 1724 1310 1776 simpliciter
1337 1724 1510 1771 furioso,
1541 1725 1614 1777 qui
1644 1724 1747 1763 mihi

142 1780 261 1832 peius
284 1780 380 1819 vult
401 1793 532 1832 quam
554 1779 755 1826 Luthero,
779 1779 908 1831 idque
931 1779 986 1818 ob
1007 1778 1173 1830 linguas
1197 1783 1240 1818 et
1263 1778 1396 1818 bonas
1418 1779 1563 1818 literas
1585 1778 1747 1818 felicius
1769 1797 1805 1828 15

142 1834 259 1887 apud
294 1847 372 1874 nos
407 1833 720 1873 subolescentes
756 1847 887 1885 quam
922 1834 994 1872 isti
1030 1833 1202 1872 vellent.
1268 1833 1431 1872 Romae
1468 1833 1643 1884 quidam
1680 1846 1747 1871 me

142 1889 308 1929 faciunt
335 1888 642 1935 Lutheranum,
672 1890 716 1927 in
745 1888 973 1928 Germania
1001 1900 1095 1927 sum
1124 1887 1626 1934 Antilutheranissimus;
1671 1900 1747 1925 nec

143 1944 187 1983 in
213 1956 458 1995 quenquam
484 1943 618 1994 magis
644 1942 833 1982 fremunt
858 1955 989 1994 quam
1015 1943 1059 1980 in
1085 1954 1165 1988 me,
1194 1941 1261 1980 cui
1288 1942 1362 1981 vni
1387 1942 1607 1993 imputant
1633 1941 1749 1992 quod

144 2011 230 2037 non
246 1997 530 2049 triumphant.
576 1996 824 2048 Dispeream
842 1998 886 2036 ni
904 1996 1048 2035 malim
1067 1996 1198 2035 emori
1215 2008 1346 2047 quam
1364 1999 1537 2035 tantum
1555 1996 1749 2035 odiorum

143 2053 187 2091 in
208 2065 275 2091 me
295 2051 489 2091 conflare.
541 2052 700 2103 Opinor
721 2056 764 2091 te
785 2052 889 2091 scire
909 2064 1039 2102 quam
1061 2051 1284 2090 criminoso
1304 2050 1445 2089 libello
1467 2051 1523 2089 sit
1542 2051 1586 2089 in
1608 2063 1749 2089 meum
1768 2068 1811 2091 20

145 2110 276 2157 caput
315 2106 602 2146 debacchatus
642 2106 875 2146 Huttenus.
944 2105 1026 2146 sed
1065 2108 1234 2156 praeter
1272 2104 1384 2144 hunc
1425 2105 1550 2144 multi
1589 2104 1751 2143 libellos

147 2161 308 2200 habent
346 2161 390 2200 in
428 2161 663 2212 procinctu,
705 2161 761 2199 ad
800 2161 982 2212 primam
1023 2159 1287 2198 occasionem
1328 2159 1532 2206 emissuri,
1574 2159 1608 2197 si
1648 2158 1751 2210 quid

148 2215 350 2266 scripsero
396 2215 599 2255 aduersus
647 2215 895 2255 Lutherum.
972 2214 1029 2253 Et
1075 2218 1222 2252 tamen
1268 2213 1517 2265 vrgentibus
1564 2214 1753 2263 vndique

148 2269 316 2321 regibus
331 2273 374 2308 et
395 2270 541 2309 amicis
561 2283 781 2322 aggressus
802 2283 896 2309 sum
918 2269 1140 2320 negocium
1161 2282 1168 2314 ;
1208 2281 1293 2318 quo
1316 2268 1400 2307 scio
1423 2281 1489 2306 me
1511 2267 1616 2306 nihil
1638 2267 1753 2306 aliud

148 2323 438 2375 profecturum
467 2336 597 2376 quam
625 2329 675 2363 vt
702 2337 899 2363 rcnouem
929 2323 1098 2362 illorum
1126 2322 1351 2362 tumultus.
1409 2322 1526 2361 Nihil
1552 2321 1634 2359 illis
1663 2333 1751 2371 pcr-
1798 2340 1810 2365 ς

148 2379 344 2417 tinaoius.
398 2378 456 2417 Et
479 2382 580 2418 sunt
601 2378 942 2424 innumerabiles,
968 2381 1018 2416 vt
1042 2378 1114 2416 Vix
1139 2376 1297 2415 credas.
1350 2375 1493 2427 Atque
1517 2375 1686 2414 interim
1710 2375 1754 2412 in

150 2432 228 2472 hoc
264 2433 505 2484 interregno
536 2432 725 2480 Stnnica,
759 2437 809 2472 vt
846 2433 988 2478 audio,
1022 2431 1185 2470 Romae
1224 2443 1415 2469 reuersus
1450 2434 1515 2468 cst
1546 2429 1600 2468 ad
1633 2441 1753 2467 suam

151 2487 413 2537 tragoediam
435 2500 442 2525 :
483 2487 541 2526 sic
566 2487 727 2527 habent
750 2486 842 2527 fata
866 2487 931 2526 tui
955 2486 1134 2524 Erasmi.

205 2541 268 2579 De
303 2541 381 2580 hoc
418 2541 625 2581 Pontifice
660 2542 762 2580 mihi
798 2541 971 2580 mirifice
1006 2539 1220 2591 praesagit
1255 2539 1435 2584 animus,
1474 2542 1517 2576 et
1551 2537 1753 2587 adrepam

150 2595 259 2634 istuc
280 2595 314 2633 si
334 2598 497 2645 potero,
521 2595 587 2634 vel
609 2596 850 2634 semiuiuus.
903 2594 1044 2634 Scribe
1066 2593 1169 2644 quid
1190 2605 1329 2631 rerum
1351 2605 1484 2643 geras,
1507 2604 1660 2642 meque
1679 2595 1755 2630 tuo
1775 2610 1815 2642 30

199 2755 291 2786 1411.
318 2763 349 2793 4.
378 2764 494 2786 mense
519 2751 625 2792 Iulio]
648 2752 698 2784 Cf.
726 2751 788 2793 Ep.
822 2753 913 2792 1376.
1034 2761 1083 2783 21.
1112 2752 1309 2791 Huttenus]
1326 2751 1388 2783 See
1409 2751 1472 2792 Ep.
1499 2752 1590 2791 1356.
1611 2752 1690 2790 63n.

152 2808 207 2839 3n.
1077 2795 1227 2834 libellos]
1269 2795 1361 2827 Such
1400 2805 1438 2825 as
1478 2793 1650 2826 Brunfels’
1692 2794 1752 2826 Re-

196 2842 226 2874 8.
252 2840 373 2880 libros]
387 2840 451 2873 See
468 2839 556 2880 Epp.
579 2840 672 2880 1378,
695 2840 789 2879 1381,
811 2840 917 2879 1389—
989 2839 1125 2879 sponsio
1142 2851 1149 2870 ι
1176 2838 1231 2870 for
1245 2837 1356 2870 which
1370 2848 1426 2869 sce
1441 2837 1504 2879 Ep.
1526 2845 1607 2878 1405
1623 2837 1752 2870 introd.

151 2894 205 2924 91,
225 2894 318 2925 1393,
338 2892 433 2924 1400,
451 2892 545 2923 1402,
564 2891 658 2923 1404.
1034 2891 1085 2921 24.
1111 2882 1309 2923 negocium]
1344 2881 1416 2913 The
1452 2882 1683 2922 composition
1719 2881 1756 2913 of

203 2938 249 2960 11.
277 2927 507 2966 consiliarius]
522 2927 584 2958 Sec
601 2926 665 2966 Ep.
685 2935 760 2967 370.
783 2927 856 2957 18n.
989 2926 1049 2957 tho
1076 2925 1124 2956 De
1153 2925 1252 2957 libero
1278 2925 1440 2963 arbitrio;
1479 2924 1534 2957 for
1561 2924 1672 2957 which
1700 2936 1755 2957 sec

204 2981 252 3011 19.
277 2971 513 3013 triumphant]
542 2970 592 3002 Cf.
619 2970 707 3011 Epp.
738 2977 830 3010 1415.
863 2979 916 3007 22,
990 2969 1053 3011 Ep.
1078 2979 1171 3009 1410.

159 3024 251 3056 1422.
271 3024 321 3056 57.
1037 3014 1086 3045 28.
1113 3011 1203 3052 fata]
1220 3013 1270 3046 Of.
1290 3012 1353 3054 Ep.
1378 3021 1469 3044 1102.
1488 3014 1545 3044 o'n.

214 3088 305 3120 452‘5
915 3081 940 3109 C
964 3083 986 3109 0
