<?xml version="1.0" encoding="UTF-8"?>
<!DOCTYPE html PUBLIC "-//W3C//DTD XHTML 1.0 Transitional//EN"
    "http://www.w3.org/TR/xhtml1/DTD/xhtml1-transitional.dtd">
<html xmlns="http://www.w3.org/1999/xhtml" xml:lang="en" lang="en">
 <head>
  <title>
</title>
<meta http-equiv="Content-Type" content="text/html;charset=utf-8" />
  <meta name='ocr-system' content='tesseract 3.04.00' />
  <meta name='ocr-capabilities' content='ocr_page ocr_carea ocr_par ocr_line ocrx_word'/>
</head>
<body>
  <div class='ocr_page' id='page_1' title='image "./opusepistolarum05eras_0135.png"; bbox 0 0 2012 3370; ppageno 0'>
   <div class='ocr_carea' id='block_1_1' title="bbox 69 137 1657 199">
    <p class='ocr_par' dir='ltr' id='par_1_1' title="bbox 69 137 1657 199">
     <span class='ocr_line' id='line_1_1' title="bbox 69 137 1657 199; baseline -0.009 -12"><span class='ocrx_word' id='word_1_1' title='bbox 69 149 191 199; x_wconf 83' lang='lat'>1304]</span> <span class='ocrx_word' id='word_1_2' title='bbox 659 143 731 183; x_wconf 88' lang='lat' dir='ltr'>TO</span> <span class='ocrx_word' id='word_1_3' title='bbox 761 141 987 182; x_wconf 85' lang='lat' dir='ltr'>ADRIAN</span> <span class='ocrx_word' id='word_1_4' title='bbox 1017 140 1077 180; x_wconf 94' lang='lat' dir='ltr'>VI</span> <span class='ocrx_word' id='word_1_5' title='bbox 1584 137 1657 174; x_wconf 88' lang='lat'>105</span> 
     </span>
    </p>
   </div>
   <div class='ocr_carea' id='block_1_2' title="bbox 67 245 1766 2638">
    <p class='ocr_par' dir='ltr' id='par_1_2' title="bbox 67 245 1745 469">
     <span class='ocr_line' id='line_1_2' title="bbox 67 245 1658 307; baseline -0.009 -11"><span class='ocrx_word' id='word_1_6' title='bbox 67 260 118 295; x_wconf 81' lang='lat' dir='ltr'>vt</span> <span class='ocrx_word' id='word_1_7' title='bbox 145 260 288 295; x_wconf 88' lang='lat' dir='ltr'>aetate</span> <span class='ocrx_word' id='word_1_8' title='bbox 316 254 543 307; x_wconf 71' lang='lat' dir='ltr'>praecessit</span> <span class='ocrx_word' id='word_1_9' title='bbox 571 252 818 298; x_wconf 90' lang='lat' dir='ltr'>Arnobium,</span> <span class='ocrx_word' id='word_1_10' title='bbox 848 253 911 290; x_wconf 89' lang='lat' dir='ltr'>ita</span> <span class='ocrx_word' id='word_1_11' title='bbox 937 251 1073 303; x_wconf 91' lang='lat' dir='ltr'>gentis</span> <span class='ocrx_word' id='word_1_12' title='bbox 1099 249 1285 288; x_wconf 91' lang='lat' dir='ltr'>eiusdem</span> <span class='ocrx_word' id='word_1_13' title='bbox 1315 248 1410 285; x_wconf 79' lang='lat' dir='ltr'>fuit.</span> <span class='ocrx_word' id='word_1_14' title='bbox 1470 245 1548 283; x_wconf 91' lang='lat' dir='ltr'>His</span> <span class='ocrx_word' id='word_1_15' title='bbox 1573 257 1658 282; x_wconf 92' lang='lat' dir='ltr'>non</span> 
     </span>
     <span class='ocr_line' id='line_1_3' title="bbox 68 298 1659 361; baseline -0.009 -11"><span class='ocrx_word' id='word_1_16' title='bbox 68 309 284 349; x_wconf 71' lang='lat' dir='ltr'>dissimilia</span> <span class='ocrx_word' id='word_1_17' title='bbox 301 308 510 361; x_wconf 81' lang='lat' dir='ltr'>quaedam</span> <span class='ocrx_word' id='word_1_18' title='bbox 527 307 654 346; x_wconf 88' lang='lat' dir='ltr'>obuia</span> <span class='ocrx_word' id='word_1_19' title='bbox 671 310 771 345; x_wconf 91' lang='lat' dir='ltr'>sunt</span> <span class='ocrx_word' id='word_1_20' title='bbox 786 307 831 346; x_wconf 91' lang='lat' dir='ltr'>in</span> <span class='ocrx_word' id='word_1_21' title='bbox 846 306 964 345; x_wconf 90' lang='lat' dir='ltr'>libris</span> <span class='ocrx_word' id='word_1_22' title='bbox 979 304 1219 356; x_wconf 88' lang='lat' dir='ltr'>Augustini,</span> <span class='ocrx_word' id='word_1_23' title='bbox 1238 302 1421 341; x_wconf 80' lang='lat' dir='ltr'>maxime</span> <span class='ocrx_word' id='word_1_24' title='bbox 1437 300 1488 338; x_wconf 87' lang='lat' dir='ltr'>iis</span> <span class='ocrx_word' id='word_1_25' title='bbox 1505 298 1659 350; x_wconf 90' lang='lat' dir='ltr'>quibus</span> 
     </span>
     <span class='ocr_line' id='line_1_4' title="bbox 68 354 1745 415; baseline -0.008 -12"><span class='ocrx_word' id='word_1_26' title='bbox 68 364 270 415; x_wconf 87' lang='lat' dir='ltr'>loquutus</span> <span class='ocrx_word' id='word_1_27' title='bbox 310 368 375 402; x_wconf 90' lang='lat' dir='ltr'>est</span> <span class='ocrx_word' id='word_1_28' title='bbox 413 361 529 413; x_wconf 90' lang='lat' dir='ltr'>apud</span> <span class='ocrx_word' id='word_1_29' title='bbox 567 361 787 412; x_wconf 90' lang='lat' dir='ltr'>populum,</span> <span class='ocrx_word' id='word_1_30' title='bbox 828 359 947 400; x_wconf 85' lang='lat' dir='ltr'>velut</span> <span class='ocrx_word' id='word_1_31' title='bbox 986 358 1250 398; x_wconf 74' lang='lat' dir='ltr'>subdiacones</span> <span class='ocrx_word' id='word_1_32' title='bbox 1289 360 1334 395; x_wconf 92' lang='lat' dir='ltr'>et</span> <span class='ocrx_word' id='word_1_33' title='bbox 1373 354 1575 399; x_wconf 77' lang='lat' dir='ltr'>diacones,</span> <span class='ocrx_word' id='word_1_34' title='bbox 1616 355 1660 390; x_wconf 92' lang='lat' dir='ltr'>et</span> <span class='ocrx_word' id='word_1_35' title='bbox 1678 358 1745 380; x_wconf 86' lang='lat'>200</span> 
     </span>
     <span class='ocr_line' id='line_1_5' title="bbox 68 418 668 469; baseline -0.008 -11"><span class='ocrx_word' id='word_1_36' title='bbox 68 418 317 469; x_wconf 77' lang='lat' dir='ltr'>baptismum</span> <span class='ocrx_word' id='word_1_37' title='bbox 335 429 483 469; x_wconf 90' lang='lat' dir='ltr'>genere</span> <span class='ocrx_word' id='word_1_38' title='bbox 502 419 668 454; x_wconf 89' lang='lat' dir='ltr'>neutro.</span> 
     </span>
    </p>

    <p class='ocr_par' dir='ltr' id='par_1_3' title="bbox 69 463 1745 901">
     <span class='ocr_line' id='line_1_6' title="bbox 123 463 1661 518; baseline -0.008 -7"><span class='ocrx_word' id='word_1_39' title='bbox 123 472 240 512; x_wconf 90' lang='lat' dir='ltr'>Haec</span> <span class='ocrx_word' id='word_1_40' title='bbox 262 471 413 510; x_wconf 80' lang='lat' dir='ltr'>referre</span> <span class='ocrx_word' id='word_1_41' title='bbox 435 471 574 509; x_wconf 86' lang='lat' dir='ltr'>visum</span> <span class='ocrx_word' id='word_1_42' title='bbox 597 473 674 516; x_wconf 87' lang='lat' dir='ltr'>est,</span> <span class='ocrx_word' id='word_1_43' title='bbox 699 482 751 508; x_wconf 91' lang='lat' dir='ltr'>ne</span> <span class='ocrx_word' id='word_1_44' title='bbox 775 469 841 508; x_wconf 90' lang='lat' dir='ltr'>cui</span> <span class='ocrx_word' id='word_1_45' title='bbox 864 468 1079 508; x_wconf 72' lang='lat' dir='ltr'>sordescat</span> <span class='ocrx_word' id='word_1_46' title='bbox 1102 479 1208 518; x_wconf 90' lang='lat' dir='ltr'>opus</span> <span class='ocrx_word' id='word_1_47' title='bbox 1230 464 1445 505; x_wconf 91' lang='lat' dir='ltr'>eruditum</span> <span class='ocrx_word' id='word_1_48' title='bbox 1466 463 1589 501; x_wconf 80' lang='lat' dir='ltr'>iuxta</span> <span class='ocrx_word' id='word_1_49' title='bbox 1611 473 1661 499; x_wconf 90' lang='lat' dir='ltr'>ac</span> 
     </span>
     <span class='ocr_line' id='line_1_7' title="bbox 70 515 1662 577; baseline -0.008 -12"><span class='ocrx_word' id='word_1_50' title='bbox 70 527 200 577; x_wconf 86' lang='lat' dir='ltr'>pium,</span> <span class='ocrx_word' id='word_1_51' title='bbox 227 526 281 565; x_wconf 93' lang='lat' dir='ltr'>ob</span> <span class='ocrx_word' id='word_1_52' title='bbox 306 526 408 564; x_wconf 90' lang='lat' dir='ltr'>haec</span> <span class='ocrx_word' id='word_1_53' title='bbox 432 528 476 563; x_wconf 92' lang='lat' dir='ltr'>et</span> <span class='ocrx_word' id='word_1_54' title='bbox 499 523 742 563; x_wconf 90' lang='lat' dir='ltr'>huiusmodi</span> <span class='ocrx_word' id='word_1_55' title='bbox 766 523 968 562; x_wconf 87' lang='lat' dir='ltr'>sermonis</span> <span class='ocrx_word' id='word_1_56' title='bbox 993 522 1112 568; x_wconf 85' lang='lat' dir='ltr'>vitia,</span> <span class='ocrx_word' id='word_1_57' title='bbox 1139 533 1248 571; x_wconf 89' lang='lat' dir='ltr'>quae</span> <span class='ocrx_word' id='word_1_58' title='bbox 1272 518 1388 570; x_wconf 91' lang='lat' dir='ltr'>apud</span> <span class='ocrx_word' id='word_1_59' title='bbox 1412 530 1483 556; x_wconf 90' lang='lat' dir='ltr'>eos</span> <span class='ocrx_word' id='word_1_60' title='bbox 1507 515 1662 567; x_wconf 89' lang='lat' dir='ltr'>quibus</span> 
     </span>
     <span class='ocr_line' id='line_1_8' title="bbox 70 570 1663 625; baseline -0.008 -6"><span class='ocrx_word' id='word_1_61' title='bbox 70 585 163 619; x_wconf 90' lang='lat' dir='ltr'>tum</span> <span class='ocrx_word' id='word_1_62' title='bbox 191 579 414 625; x_wconf 86' lang='lat' dir='ltr'>scribebat,</span> <span class='ocrx_word' id='word_1_63' title='bbox 443 578 549 617; x_wconf 93' lang='lat' dir='ltr'>adeo</span> <span class='ocrx_word' id='word_1_64' title='bbox 576 579 684 617; x_wconf 82' lang='lat' dir='ltr'>vitia</span> <span class='ocrx_word' id='word_1_65' title='bbox 710 590 796 616; x_wconf 91' lang='lat' dir='ltr'>non</span> <span class='ocrx_word' id='word_1_66' title='bbox 823 581 945 616; x_wconf 89' lang='lat' dir='ltr'>erant</span> <span class='ocrx_word' id='word_1_67' title='bbox 972 580 1034 623; x_wconf 86' lang='lat' dir='ltr'>vt,</span> <span class='ocrx_word' id='word_1_68' title='bbox 1064 576 1099 614; x_wconf 89' lang='lat' dir='ltr'>si</span> <span class='ocrx_word' id='word_1_69' title='bbox 1126 587 1245 614; x_wconf 87' lang='lat' dir='ltr'>secus</span> <span class='ocrx_word' id='word_1_70' title='bbox 1272 574 1460 618; x_wconf 79' lang='lat' dir='ltr'>dixisset,</span> <span class='ocrx_word' id='word_1_71' title='bbox 1490 570 1663 609; x_wconf 89' lang='lat' dir='ltr'>habitus</span> 
     </span>
     <span class='ocr_line' id='line_1_9' title="bbox 69 625 1745 682; baseline -0.007 -9"><span class='ocrx_word' id='word_1_72' title='bbox 69 634 218 673; x_wconf 84' lang='lat' dir='ltr'>fuisset</span> <span class='ocrx_word' id='word_1_73' title='bbox 239 634 456 672; x_wconf 90' lang='lat' dir='ltr'>barbarus.</span> <span class='ocrx_word' id='word_1_74' title='bbox 514 632 712 671; x_wconf 86' lang='lat' dir='ltr'>Poteram</span> <span class='ocrx_word' id='word_1_75' title='bbox 733 635 902 670; x_wconf 89' lang='lat' dir='ltr'>mutata</span> <span class='ocrx_word' id='word_1_76' title='bbox 922 630 1065 682; x_wconf 80' lang='lat' dir='ltr'>phrasi</span> <span class='ocrx_word' id='word_1_77' title='bbox 1086 633 1129 668; x_wconf 92' lang='lat' dir='ltr'>et</span> <span class='ocrx_word' id='word_1_78' title='bbox 1150 628 1324 667; x_wconf 86' lang='lat' dir='ltr'>adiectis</span> <span class='ocrx_word' id='word_1_79' title='bbox 1346 627 1492 678; x_wconf 82' lang='lat' dir='ltr'>paucis</span> <span class='ocrx_word' id='word_1_80' title='bbox 1512 625 1664 674; x_wconf 80' lang='lat' dir='ltr'>exiguo</span> <span class='ocrx_word' id='word_1_81' title='bbox 1683 633 1745 666; x_wconf 82' lang='lat'>205</span> 
     </span>
     <span class='ocr_line' id='line_1_10' title="bbox 71 679 1663 738; baseline -0.008 -11"><span class='ocrx_word' id='word_1_82' title='bbox 71 688 212 728; x_wconf 89' lang='lat' dir='ltr'>labore</span> <span class='ocrx_word' id='word_1_83' title='bbox 225 689 359 727; x_wconf 91' lang='lat' dir='ltr'>totius</span> <span class='ocrx_word' id='word_1_84' title='bbox 373 687 508 738; x_wconf 89' lang='lat' dir='ltr'>operis</span> <span class='ocrx_word' id='word_1_85' title='bbox 522 686 697 738; x_wconf 84' lang='lat' dir='ltr'>gloriam</span> <span class='ocrx_word' id='word_1_86' title='bbox 710 686 755 724; x_wconf 90' lang='lat' dir='ltr'>in</span> <span class='ocrx_word' id='word_1_87' title='bbox 769 698 835 724; x_wconf 92' lang='lat' dir='ltr'>me</span> <span class='ocrx_word' id='word_1_88' title='bbox 848 684 1088 724; x_wconf 73' lang='lat' dir='ltr'>transferre.</span> <span class='ocrx_word' id='word_1_89' title='bbox 1147 682 1230 723; x_wconf 85' lang='lat' dir='ltr'>Sed</span> <span class='ocrx_word' id='word_1_90' title='bbox 1243 683 1426 733; x_wconf 87' lang='lat' dir='ltr'>primum</span> <span class='ocrx_word' id='word_1_91' title='bbox 1439 679 1545 718; x_wconf 90' lang='lat' dir='ltr'>illud</span> <span class='ocrx_word' id='word_1_92' title='bbox 1559 690 1663 717; x_wconf 88' lang='lat' dir='ltr'>sem-</span> 
     </span>
     <span class='ocr_line' id='line_1_11' title="bbox 71 731 1666 793; baseline -0.008 -12"><span class='ocrx_word' id='word_1_93' title='bbox 71 755 144 793; x_wconf 90' lang='lat' dir='ltr'>per</span> <span class='ocrx_word' id='word_1_94' title='bbox 173 742 473 781; x_wconf 90' lang='lat' dir='ltr'>alienissimum</span> <span class='ocrx_word' id='word_1_95' title='bbox 500 740 585 779; x_wconf 84' lang='lat' dir='ltr'>fuit</span> <span class='ocrx_word' id='word_1_96' title='bbox 613 753 638 779; x_wconf 94' lang='lat' dir='ltr'>a</span> <span class='ocrx_word' id='word_1_97' title='bbox 667 740 854 779; x_wconf 89' lang='lat' dir='ltr'>moribus</span> <span class='ocrx_word' id='word_1_98' title='bbox 883 740 1000 786; x_wconf 89' lang='lat' dir='ltr'>meis,</span> <span class='ocrx_word' id='word_1_99' title='bbox 1031 738 1155 777; x_wconf 86' lang='lat' dir='ltr'>alieni</span> <span class='ocrx_word' id='word_1_100' title='bbox 1184 736 1323 775; x_wconf 88' lang='lat' dir='ltr'>meriti</span> <span class='ocrx_word' id='word_1_101' title='bbox 1352 735 1533 786; x_wconf 85' lang='lat' dir='ltr'>gratiam</span> <span class='ocrx_word' id='word_1_102' title='bbox 1563 731 1666 770; x_wconf 90' lang='lat' dir='ltr'>mihi</span> 
     </span>
     <span class='ocr_line' id='line_1_12' title="bbox 70 787 1666 843; baseline -0.007 -8"><span class='ocrx_word' id='word_1_103' title='bbox 70 796 295 841; x_wconf 81' lang='lat' dir='ltr'>suffurari3</span> <span class='ocrx_word' id='word_1_104' title='bbox 346 795 497 834; x_wconf 88' lang='lat' dir='ltr'>deinde</span> <span class='ocrx_word' id='word_1_105' title='bbox 530 796 646 834; x_wconf 80' lang='lat' dir='ltr'>visus</span> <span class='ocrx_word' id='word_1_106' title='bbox 679 798 744 834; x_wconf 91' lang='lat' dir='ltr'>est</span> <span class='ocrx_word' id='word_1_107' title='bbox 776 793 989 833; x_wconf 88' lang='lat' dir='ltr'>Arnobius</span> <span class='ocrx_word' id='word_1_108' title='bbox 1021 792 1219 843; x_wconf 85' lang='lat' dir='ltr'>indignus</span> <span class='ocrx_word' id='word_1_109' title='bbox 1253 790 1326 841; x_wconf 92' lang='lat' dir='ltr'>qui</span> <span class='ocrx_word' id='word_1_110' title='bbox 1359 789 1438 828; x_wconf 91' lang='lat' dir='ltr'>hac</span> <span class='ocrx_word' id='word_1_111' title='bbox 1472 787 1666 839; x_wconf 89' lang='lat' dir='ltr'>portione</span> 
     </span>
     <span class='ocr_line' id='line_1_13' title="bbox 71 849 856 901; baseline -0.003 -12"><span class='ocrx_word' id='word_1_112' title='bbox 71 850 209 889; x_wconf 87' lang='lat' dir='ltr'>laudis</span> <span class='ocrx_word' id='word_1_113' title='bbox 228 850 345 901; x_wconf 91' lang='lat' dir='ltr'>apud</span> <span class='ocrx_word' id='word_1_114' title='bbox 364 854 554 901; x_wconf 88' lang='lat' dir='ltr'>posteros</span> <span class='ocrx_word' id='word_1_115' title='bbox 573 849 856 888; x_wconf 84' lang='lat' dir='ltr'>fraudaretur.</span> 
     </span>
    </p>

    <p class='ocr_par' dir='ltr' id='par_1_4' title="bbox 72 895 1753 1443">
     <span class='ocr_line' id='line_1_14' title="bbox 126 895 1753 953; baseline -0.007 -9"><span class='ocrx_word' id='word_1_116' title='bbox 126 904 439 944; x_wconf 91' lang='lat' dir='ltr'>Interciderunt</span> <span class='ocrx_word' id='word_1_117' title='bbox 466 904 526 943; x_wconf 86' lang='lat' dir='ltr'>illi</span> <span class='ocrx_word' id='word_1_118' title='bbox 555 903 719 942; x_wconf 89' lang='lat' dir='ltr'>laudati</span> <span class='ocrx_word' id='word_1_119' title='bbox 747 903 855 950; x_wconf 87' lang='lat' dir='ltr'>libri,</span> <span class='ocrx_word' id='word_1_120' title='bbox 887 901 1042 953; x_wconf 88' lang='lat' dir='ltr'>quibus</span> <span class='ocrx_word' id='word_1_121' title='bbox 1069 903 1234 952; x_wconf 85' lang='lat' dir='ltr'>pugnat</span> <span class='ocrx_word' id='word_1_122' title='bbox 1263 898 1466 938; x_wconf 89' lang='lat' dir='ltr'>aduersus</span> <span class='ocrx_word' id='word_1_123' title='bbox 1495 895 1665 935; x_wconf 83' lang='lat' dir='ltr'>Gentes.</span> <span class='ocrx_word' id='word_1_124' title='bbox 1688 905 1753 928; x_wconf 89' lang='lat'>210</span> 
     </span>
     <span class='ocr_line' id='line_1_15' title="bbox 72 951 1667 1009; baseline -0.007 -11"><span class='ocrx_word' id='word_1_125' title='bbox 72 959 232 999; x_wconf 88' lang='lat' dir='ltr'>Saltem</span> <span class='ocrx_word' id='word_1_126' title='bbox 258 959 337 998; x_wconf 91' lang='lat' dir='ltr'>hoc</span> <span class='ocrx_word' id='word_1_127' title='bbox 363 959 546 1009; x_wconf 86' lang='lat' dir='ltr'>supersit</span> <span class='ocrx_word' id='word_1_128' title='bbox 570 958 681 996; x_wconf 91' lang='lat' dir='ltr'>illius</span> <span class='ocrx_word' id='word_1_129' title='bbox 706 958 835 996; x_wconf 87' lang='lat' dir='ltr'>toties</span> <span class='ocrx_word' id='word_1_130' title='bbox 861 957 1123 1007; x_wconf 87' lang='lat' dir='ltr'>Hieronymo</span> <span class='ocrx_word' id='word_1_131' title='bbox 1148 953 1314 993; x_wconf 89' lang='lat' dir='ltr'>laudati</span> <span class='ocrx_word' id='word_1_132' title='bbox 1338 951 1495 1003; x_wconf 87' lang='lat' dir='ltr'>ingenii</span> <span class='ocrx_word' id='word_1_133' title='bbox 1520 961 1667 988; x_wconf 88' lang='lat' dir='ltr'>monu—</span> 
     </span>
     <span class='ocr_line' id='line_1_16' title="bbox 73 1006 1669 1064; baseline -0.007 -12"><span class='ocrx_word' id='word_1_134' title='bbox 73 1018 278 1052; x_wconf 90' lang='lat' dir='ltr'>mentum.</span> <span class='ocrx_word' id='word_1_135' title='bbox 347 1013 489 1064; x_wconf 86' lang='lat' dir='ltr'>Atque</span> <span class='ocrx_word' id='word_1_136' title='bbox 529 1012 654 1051; x_wconf 89' lang='lat' dir='ltr'>huius</span> <span class='ocrx_word' id='word_1_137' title='bbox 695 1012 867 1063; x_wconf 90' lang='lat' dir='ltr'>quidem</span> <span class='ocrx_word' id='word_1_138' title='bbox 909 1011 1045 1062; x_wconf 89' lang='lat' dir='ltr'>operis</span> <span class='ocrx_word' id='word_1_139' title='bbox 1085 1011 1131 1048; x_wconf 91' lang='lat' dir='ltr'>in</span> <span class='ocrx_word' id='word_1_140' title='bbox 1171 1007 1373 1058; x_wconf 88' lang='lat' dir='ltr'>Catalogo</span> <span class='ocrx_word' id='word_1_141' title='bbox 1415 1006 1669 1055; x_wconf 87' lang='lat' dir='ltr'>scriptorum</span> 
     </span>
     <span class='ocr_line' id='line_1_17' title="bbox 73 1057 1671 1117; baseline -0.006 -11"><span class='ocrx_word' id='word_1_142' title='bbox 73 1067 300 1106; x_wconf 90' lang='lat' dir='ltr'>illustrium</span> <span class='ocrx_word' id='word_1_143' title='bbox 321 1080 408 1106; x_wconf 93' lang='lat' dir='ltr'>non</span> <span class='ocrx_word' id='word_1_144' title='bbox 430 1067 623 1106; x_wconf 88' lang='lat' dir='ltr'>meminit</span> <span class='ocrx_word' id='word_1_145' title='bbox 646 1066 944 1117; x_wconf 88' lang='lat' dir='ltr'>Hieronymus.</span> <span class='ocrx_word' id='word_1_146' title='bbox 1002 1064 1211 1103; x_wconf 84' lang='lat' dir='ltr'>Fortassis</span> <span class='ocrx_word' id='word_1_147' title='bbox 1233 1063 1278 1101; x_wconf 91' lang='lat' dir='ltr'>in</span> <span class='ocrx_word' id='word_1_148' title='bbox 1300 1074 1427 1100; x_wconf 87' lang='lat' dir='ltr'>causa</span> <span class='ocrx_word' id='word_1_149' title='bbox 1449 1059 1532 1098; x_wconf 85' lang='lat' dir='ltr'>fuit</span> <span class='ocrx_word' id='word_1_150' title='bbox 1555 1057 1671 1109; x_wconf 91' lang='lat' dir='ltr'>quod</span> 
     </span>
     <span class='ocr_line' id='line_1_18' title="bbox 73 1114 1672 1172; baseline -0.007 -11"><span class='ocrx_word' id='word_1_151' title='bbox 73 1123 109 1161; x_wconf 89' lang='lat' dir='ltr'>is</span> <span class='ocrx_word' id='word_1_152' title='bbox 135 1121 252 1169; x_wconf 89' lang='lat' dir='ltr'>liber,</span> <span class='ocrx_word' id='word_1_153' title='bbox 281 1125 332 1161; x_wconf 84' lang='lat' dir='ltr'>vt</span> <span class='ocrx_word' id='word_1_154' title='bbox 358 1121 486 1172; x_wconf 84' lang='lat' dir='ltr'>vulgo</span> <span class='ocrx_word' id='word_1_155' title='bbox 513 1122 707 1172; x_wconf 90' lang='lat' dir='ltr'>scriptus,</span> <span class='ocrx_word' id='word_1_156' title='bbox 737 1124 910 1159; x_wconf 88' lang='lat' dir='ltr'>tantum</span> <span class='ocrx_word' id='word_1_157' title='bbox 936 1120 980 1158; x_wconf 89' lang='lat' dir='ltr'>in</span> <span class='ocrx_word' id='word_1_158' title='bbox 1007 1118 1151 1158; x_wconf 87' lang='lat' dir='ltr'>Africa</span> <span class='ocrx_word' id='word_1_159' title='bbox 1178 1114 1565 1159; x_wconf 77' lang='lat' dir='ltr'>cir0umferebatur,</span> <span class='ocrx_word' id='word_1_160' title='bbox 1595 1115 1672 1150; x_wconf 90' lang='lat' dir='ltr'>aut</span> 
     </span>
     <span class='ocr_line' id='line_1_19' title="bbox 76 1170 1753 1226; baseline -0.007 -11"><span class='ocrx_word' id='word_1_161' title='bbox 76 1177 215 1215; x_wconf 91' lang='lat' dir='ltr'>notior</span> <span class='ocrx_word' id='word_1_162' title='bbox 234 1180 326 1215; x_wconf 88' lang='lat' dir='ltr'>erat</span> <span class='ocrx_word' id='word_1_163' title='bbox 352 1176 626 1226; x_wconf 85' lang='lat' dir='ltr'>omniumque</span> <span class='ocrx_word' id='word_1_164' title='bbox 654 1174 851 1213; x_wconf 90' lang='lat' dir='ltr'>manibus</span> <span class='ocrx_word' id='word_1_165' title='bbox 877 1174 1020 1213; x_wconf 87' lang='lat' dir='ltr'>tritior</span> <span class='ocrx_word' id='word_1_166' title='bbox 1046 1185 1176 1224; x_wconf 89' lang='lat' dir='ltr'>quam</span> <span class='ocrx_word' id='word_1_167' title='bbox 1204 1176 1254 1210; x_wconf 84' lang='lat' dir='ltr'>vt</span> <span class='ocrx_word' id='word_1_168' title='bbox 1280 1170 1566 1219; x_wconf 86' lang='lat' dir='ltr'>Hieronymus</span> <span class='ocrx_word' id='word_1_169' title='bbox 1594 1179 1670 1218; x_wconf 85' lang='lat' dir='ltr'>pu·</span> <span class='ocrx_word' id='word_1_170' title='bbox 1692 1178 1753 1210; x_wconf 78' lang='lat'>215</span> 
     </span>
     <span class='ocr_line' id='line_1_20' title="bbox 76 1222 1671 1269; baseline -0.006 0"><span class='ocrx_word' id='word_1_171' title='bbox 76 1231 180 1268; x_wconf 86' lang='lat' dir='ltr'>tarit</span> <span class='ocrx_word' id='word_1_172' title='bbox 200 1229 516 1269; x_wconf 90' lang='lat' dir='ltr'>recensendum.</span> <span class='ocrx_word' id='word_1_173' title='bbox 574 1229 644 1268; x_wconf 89' lang='lat' dir='ltr'>Ita</span> <span class='ocrx_word' id='word_1_174' title='bbox 664 1229 790 1268; x_wconf 93' lang='lat' dir='ltr'>rebus</span> <span class='ocrx_word' id='word_1_175' title='bbox 804 1227 1017 1268; x_wconf 83' lang='lat' dir='ltr'>nonnullis</span> <span class='ocrx_word' id='word_1_176' title='bbox 1031 1228 1162 1266; x_wconf 80' lang='lat' dir='ltr'>nimia</span> <span class='ocrx_word' id='word_1_177' title='bbox 1178 1225 1399 1265; x_wconf 86' lang='lat' dir='ltr'>celebritas</span> <span class='ocrx_word' id='word_1_178' title='bbox 1414 1222 1671 1262; x_wconf 85' lang='lat' dir='ltr'>obliuionem</span> 
     </span>
     <span class='ocr_line' id='line_1_21' title="bbox 75 1277 1673 1327; baseline -0.006 -4"><span class='ocrx_word' id='word_1_179' title='bbox 75 1284 258 1323; x_wconf 81' lang='lat' dir='ltr'>induxit.</span> <span class='ocrx_word' id='word_1_180' title='bbox 317 1283 410 1322; x_wconf 92' lang='lat' dir='ltr'>Hac</span> <span class='ocrx_word' id='word_1_181' title='bbox 430 1284 630 1322; x_wconf 87' lang='lat' dir='ltr'>nimirum</span> <span class='ocrx_word' id='word_1_182' title='bbox 651 1283 868 1322; x_wconf 88' lang='lat' dir='ltr'>occasione</span> <span class='ocrx_word' id='word_1_183' title='bbox 888 1295 1000 1321; x_wconf 91' lang='lat' dir='ltr'>nunc</span> <span class='ocrx_word' id='word_1_184' title='bbox 1021 1281 1307 1320; x_wconf 86' lang='lat' dir='ltr'>desideramus</span> <span class='ocrx_word' id='word_1_185' title='bbox 1327 1277 1477 1317; x_wconf 88' lang='lat' dir='ltr'>titulos</span> <span class='ocrx_word' id='word_1_186' title='bbox 1497 1287 1673 1327; x_wconf 91' lang='lat' dir='ltr'>operum</span> 
     </span>
     <span class='ocr_line' id='line_1_22' title="bbox 78 1329 1673 1389; baseline -0.006 -12"><span class='ocrx_word' id='word_1_187' title='bbox 78 1338 280 1389; x_wconf 89' lang='lat' dir='ltr'>Origenis.</span> <span class='ocrx_word' id='word_1_188' title='bbox 338 1337 471 1377; x_wconf 84' lang='lat' dir='ltr'>Simili</span> <span class='ocrx_word' id='word_1_189' title='bbox 502 1350 602 1376; x_wconf 90' lang='lat' dir='ltr'>casu</span> <span class='ocrx_word' id='word_1_190' title='bbox 631 1336 847 1376; x_wconf 80' lang='lat' dir='ltr'>fueramus</span> <span class='ocrx_word' id='word_1_191' title='bbox 876 1335 1110 1388; x_wconf 84' lang='lat' dir='ltr'>ignoraturi</span> <span class='ocrx_word' id='word_1_192' title='bbox 1140 1334 1269 1374; x_wconf 86' lang='lat' dir='ltr'>libros</span> <span class='ocrx_word' id='word_1_193' title='bbox 1299 1331 1561 1377; x_wconf 85' lang='lat' dir='ltr'>Tertulliani,</span> <span class='ocrx_word' id='word_1_194' title='bbox 1593 1329 1673 1368; x_wconf 88' lang='lat' dir='ltr'>nisi</span> 
     </span>
     <span class='ocr_line' id='line_1_23' title="bbox 77 1388 1375 1443; baseline -0.005 -12"><span class='ocrx_word' id='word_1_195' title='bbox 77 1405 211 1443; x_wconf 90' lang='lat' dir='ltr'>nuper</span> <span class='ocrx_word' id='word_1_196' title='bbox 232 1392 419 1443; x_wconf 88' lang='lat' dir='ltr'>aliquam</span> <span class='ocrx_word' id='word_1_197' title='bbox 441 1396 608 1443; x_wconf 90' lang='lat' dir='ltr'>partem</span> <span class='ocrx_word' id='word_1_198' title='bbox 628 1391 788 1430; x_wconf 84' lang='lat' dir='ltr'>felicior</span> <span class='ocrx_word' id='word_1_199' title='bbox 809 1391 961 1430; x_wconf 86' lang='lat' dir='ltr'>studiis</span> <span class='ocrx_word' id='word_1_200' title='bbox 983 1390 1086 1428; x_wconf 89' lang='lat' dir='ltr'>deus</span> <span class='ocrx_word' id='word_1_201' title='bbox 1108 1388 1375 1440; x_wconf 91' lang='lat' dir='ltr'>prodidisset.</span> 
     </span>
    </p>

    <p class='ocr_par' dir='ltr' id='par_1_5' title="bbox 78 1440 1764 2095">
     <span class='ocr_line' id='line_1_24' title="bbox 132 1440 1761 1497; baseline -0.007 -12"><span class='ocrx_word' id='word_1_202' title='bbox 132 1446 349 1485; x_wconf 84' lang='lat' dir='ltr'>Proferam</span> <span class='ocrx_word' id='word_1_203' title='bbox 377 1450 421 1484; x_wconf 92' lang='lat' dir='ltr'>et</span> <span class='ocrx_word' id='word_1_204' title='bbox 449 1445 566 1485; x_wconf 91' lang='lat' dir='ltr'>aliud</span> <span class='ocrx_word' id='word_1_205' title='bbox 593 1449 905 1497; x_wconf 89' lang='lat' dir='ltr'>argumentum,</span> <span class='ocrx_word' id='word_1_206' title='bbox 937 1444 1048 1483; x_wconf 84' lang='lat' dir='ltr'>vnde</span> <span class='ocrx_word' id='word_1_207' title='bbox 1076 1447 1245 1495; x_wconf 86' lang='lat' dir='ltr'>praeter</span> <span class='ocrx_word' id='word_1_208' title='bbox 1273 1441 1359 1481; x_wconf 90' lang='lat' dir='ltr'>stili</span> <span class='ocrx_word' id='word_1_209' title='bbox 1388 1440 1675 1479; x_wconf 86' lang='lat' dir='ltr'>coniecturam</span> <span class='ocrx_word' id='word_1_210' title='bbox 1696 1450 1761 1473; x_wconf 85' lang='lat'>220</span> 
     </span>
     <span class='ocr_line' id='line_1_25' title="bbox 78 1495 1677 1553; baseline -0.006 -13"><span class='ocrx_word' id='word_1_211' title='bbox 78 1501 212 1553; x_wconf 90' lang='lat' dir='ltr'>possis</span> <span class='ocrx_word' id='word_1_212' title='bbox 237 1501 540 1552; x_wconf 88' lang='lat' dir='ltr'>antiquitatem</span> <span class='ocrx_word' id='word_1_213' title='bbox 566 1500 781 1551; x_wconf 88' lang='lat' dir='ltr'>scriptoris</span> <span class='ocrx_word' id='word_1_214' title='bbox 806 1499 1010 1551; x_wconf 90' lang='lat' dir='ltr'>colligere.</span> <span class='ocrx_word' id='word_1_215' title='bbox 1068 1498 1244 1548; x_wconf 89' lang='lat' dir='ltr'>Aliquot</span> <span class='ocrx_word' id='word_1_216' title='bbox 1268 1495 1576 1535; x_wconf 90' lang='lat' dir='ltr'>haereticorum</span> <span class='ocrx_word' id='word_1_217' title='bbox 1602 1504 1677 1543; x_wconf 91' lang='lat' dir='ltr'>per</span> 
     </span>
     <span class='ocr_line' id='line_1_26' title="bbox 78 1547 1677 1601; baseline -0.006 -7"><span class='ocrx_word' id='word_1_218' title='bbox 78 1556 340 1595; x_wconf 87' lang='lat' dir='ltr'>occasionem</span> <span class='ocrx_word' id='word_1_219' title='bbox 362 1555 567 1601; x_wconf 86' lang='lat' dir='ltr'>meminit,</span> <span class='ocrx_word' id='word_1_220' title='bbox 590 1554 840 1601; x_wconf 86' lang='lat' dir='ltr'>Manichaei,</span> <span class='ocrx_word' id='word_1_221' title='bbox 862 1554 1023 1593; x_wconf 86' lang='lat' dir='ltr'>Nouati</span> <span class='ocrx_word' id='word_1_222' title='bbox 1045 1556 1089 1591; x_wconf 90' lang='lat' dir='ltr'>et</span> <span class='ocrx_word' id='word_1_223' title='bbox 1110 1552 1220 1591; x_wconf 90' lang='lat' dir='ltr'>Arrii</span> <span class='ocrx_word' id='word_1_224' title='bbox 1240 1565 1248 1597; x_wconf 90' lang='lat'>;</span> <span class='ocrx_word' id='word_1_225' title='bbox 1287 1549 1361 1589; x_wconf 88' lang='lat' dir='ltr'>sed</span> <span class='ocrx_word' id='word_1_226' title='bbox 1382 1548 1537 1588; x_wconf 91' lang='lat' dir='ltr'>nullius</span> <span class='ocrx_word' id='word_1_227' title='bbox 1559 1547 1677 1586; x_wconf 89' lang='lat' dir='ltr'>cuius</span> 
     </span>
     <span class='ocr_line' id='line_1_27' title="bbox 79 1601 1677 1661; baseline -0.007 -12"><span class='ocrx_word' id='word_1_228' title='bbox 79 1614 198 1649; x_wconf 87' lang='lat' dir='ltr'>aetas</span> <span class='ocrx_word' id='word_1_229' title='bbox 233 1610 439 1661; x_wconf 91' lang='lat' dir='ltr'>posterior</span> <span class='ocrx_word' id='word_1_230' title='bbox 473 1609 603 1648; x_wconf 83' lang='lat' dir='ltr'>fuerit</span> <span class='ocrx_word' id='word_1_231' title='bbox 638 1613 780 1648; x_wconf 89' lang='lat' dir='ltr'>aetate</span> <span class='ocrx_word' id='word_1_232' title='bbox 815 1608 1005 1647; x_wconf 90' lang='lat' dir='ltr'>Arnobii.</span> <span class='ocrx_word' id='word_1_233' title='bbox 1063 1607 1175 1646; x_wconf 88' lang='lat' dir='ltr'>Nam</span> <span class='ocrx_word' id='word_1_234' title='bbox 1210 1606 1434 1644; x_wconf 86' lang='lat' dir='ltr'>Arrianam</span> <span class='ocrx_word' id='word_1_235' title='bbox 1470 1601 1677 1641; x_wconf 81' lang='lat' dir='ltr'>haeresim</span> 
     </span>
     <span class='ocr_line' id='line_1_28' title="bbox 78 1657 1676 1715; baseline -0.006 -12"><span class='ocrx_word' id='word_1_236' title='bbox 78 1669 257 1715; x_wconf 84' lang='lat' dir='ltr'>apparet</span> <span class='ocrx_word' id='word_1_237' title='bbox 273 1664 397 1703; x_wconf 92' lang='lat' dir='ltr'>huius</span> <span class='ocrx_word' id='word_1_238' title='bbox 415 1668 557 1703; x_wconf 88' lang='lat' dir='ltr'>aetate</span> <span class='ocrx_word' id='word_1_239' title='bbox 576 1663 707 1702; x_wconf 83' lang='lat' dir='ltr'>fuisse</span> <span class='ocrx_word' id='word_1_240' title='bbox 725 1667 932 1702; x_wconf 87' lang='lat' dir='ltr'>exortam.</span> <span class='ocrx_word' id='word_1_241' title='bbox 991 1661 1155 1701; x_wconf 90' lang='lat' dir='ltr'>Floruit</span> <span class='ocrx_word' id='word_1_242' title='bbox 1175 1661 1288 1699; x_wconf 88' lang='lat' dir='ltr'>enim</span> <span class='ocrx_word' id='word_1_243' title='bbox 1310 1659 1389 1698; x_wconf 90' lang='lat' dir='ltr'>sub</span> <span class='ocrx_word' id='word_1_244' title='bbox 1411 1657 1676 1708; x_wconf 87' lang='lat' dir='ltr'>Imperatore</span> 
     </span>
     <span class='ocr_line' id='line_1_29' title="bbox 78 1709 1759 1767; baseline -0.007 -9"><span class='ocrx_word' id='word_1_245' title='bbox 78 1718 357 1765; x_wconf 88' lang='lat' dir='ltr'>Diocletiano,</span> <span class='ocrx_word' id='word_1_246' title='bbox 389 1719 553 1757; x_wconf 85' lang='lat' dir='ltr'>circiter</span> <span class='ocrx_word' id='word_1_247' title='bbox 582 1731 742 1756; x_wconf 89' lang='lat' dir='ltr'>annum</span> <span class='ocrx_word' id='word_1_248' title='bbox 772 1718 885 1756; x_wconf 91' lang='lat' dir='ltr'>orbis</span> <span class='ocrx_word' id='word_1_249' title='bbox 913 1716 1123 1767; x_wconf 86' lang='lat' dir='ltr'>redempti</span> <span class='ocrx_word' id='word_1_250' title='bbox 1152 1714 1496 1754; x_wconf 87' lang='lat' dir='ltr'>trecentesimum</span> <span class='ocrx_word' id='word_1_251' title='bbox 1526 1709 1673 1761; x_wconf 83' lang='lat' dir='ltr'>vigesi-</span> <span class='ocrx_word' id='word_1_252' title='bbox 1698 1724 1738 1746; x_wconf 65' lang='grc' dir='ltr'>,νε</span> <span class='ocrx_word' id='word_1_253' title='bbox 1745 1723 1759 1755; x_wconf 84' lang='lat'><strong>5</strong></span> 
     </span>
     <span class='ocr_line' id='line_1_30' title="bbox 80 1767 1675 1817; baseline -0.007 -5"><span class='ocrx_word' id='word_1_254' title='bbox 80 1786 197 1811; x_wconf 91' lang='lat' dir='ltr'>mum</span> <span class='ocrx_word' id='word_1_255' title='bbox 240 1786 414 1812; x_wconf 89' lang='lat' dir='ltr'>nonum.</span> <span class='ocrx_word' id='word_1_256' title='bbox 472 1773 696 1812; x_wconf 84' lang='lat' dir='ltr'>Caeterum</span> <span class='ocrx_word' id='word_1_257' title='bbox 740 1786 816 1810; x_wconf 88' lang='lat' dir='ltr'>nec</span> <span class='ocrx_word' id='word_1_258' title='bbox 860 1772 1187 1810; x_wconf 90' lang='lat' dir='ltr'>Donatistarum</span> <span class='ocrx_word' id='word_1_259' title='bbox 1230 1782 1307 1807; x_wconf 89' lang='lat' dir='ltr'>nec</span> <span class='ocrx_word' id='word_1_260' title='bbox 1352 1767 1675 1817; x_wconf 88' lang='lat' dir='ltr'>Pelagianorum</span> 
     </span>
     <span class='ocr_line' id='line_1_31' title="bbox 79 1821 1675 1878; baseline -0.006 -12"><span class='ocrx_word' id='word_1_261' title='bbox 79 1827 285 1874; x_wconf 87' lang='lat' dir='ltr'>meminit,</span> <span class='ocrx_word' id='word_1_262' title='bbox 312 1840 445 1878; x_wconf 90' lang='lat' dir='ltr'>quum</span> <span class='ocrx_word' id='word_1_263' title='bbox 469 1831 651 1878; x_wconf 83' lang='lat' dir='ltr'>vtraque</span> <span class='ocrx_word' id='word_1_264' title='bbox 675 1828 807 1878; x_wconf 90' lang='lat' dir='ltr'>pestis</span> <span class='ocrx_word' id='word_1_265' title='bbox 831 1826 935 1865; x_wconf 88' lang='lat' dir='ltr'>haec</span> <span class='ocrx_word' id='word_1_266' title='bbox 959 1829 1108 1864; x_wconf 81' lang='lat' dir='ltr'>exorta</span> <span class='ocrx_word' id='word_1_267' title='bbox 1134 1825 1190 1862; x_wconf 92' lang='lat' dir='ltr'>sit</span> <span class='ocrx_word' id='word_1_268' title='bbox 1213 1824 1256 1862; x_wconf 90' lang='lat' dir='ltr'>in</span> <span class='ocrx_word' id='word_1_269' title='bbox 1281 1821 1424 1861; x_wconf 82' lang='lat' dir='ltr'>Africa</span> <span class='ocrx_word' id='word_1_270' title='bbox 1444 1833 1452 1867; x_wconf 83' lang='lat'><em>3</em></span> <span class='ocrx_word' id='word_1_271' title='bbox 1495 1831 1675 1870; x_wconf 89' lang='lat' dir='ltr'>quorum</span> 
     </span>
     <span class='ocr_line' id='line_1_32' title="bbox 80 1873 1676 1934; baseline -0.007 -13"><span class='ocrx_word' id='word_1_272' title='bbox 80 1882 238 1934; x_wconf 89' lang='lat' dir='ltr'>priores</span> <span class='ocrx_word' id='word_1_273' title='bbox 266 1881 346 1920; x_wconf 89' lang='lat' dir='ltr'>hoc</span> <span class='ocrx_word' id='word_1_274' title='bbox 375 1881 578 1920; x_wconf 81' lang='lat' dir='ltr'>defuncto</span> <span class='ocrx_word' id='word_1_275' title='bbox 604 1885 681 1920; x_wconf 88' lang='lat' dir='ltr'>aut</span> <span class='ocrx_word' id='word_1_276' title='bbox 710 1880 943 1920; x_wconf 87' lang='lat' dir='ltr'>admodum</span> <span class='ocrx_word' id='word_1_277' title='bbox 972 1892 1070 1918; x_wconf 89' lang='lat' dir='ltr'>sene</span> <span class='ocrx_word' id='word_1_278' title='bbox 1099 1882 1270 1917; x_wconf 81' lang='lat' dir='ltr'>exortos</span> <span class='ocrx_word' id='word_1_279' title='bbox 1296 1879 1488 1927; x_wconf 84' lang='lat' dir='ltr'>apparet,</span> <span class='ocrx_word' id='word_1_280' title='bbox 1520 1873 1676 1912; x_wconf 87' lang='lat' dir='ltr'>alteros</span> 
     </span>
     <span class='ocr_line' id='line_1_33' title="bbox 80 1928 1677 1987; baseline -0.006 -12"><span class='ocrx_word' id='word_1_281' title='bbox 80 1940 224 1975; x_wconf 87' lang='lat' dir='ltr'>aetate</span> <span class='ocrx_word' id='word_1_282' title='bbox 255 1936 482 1987; x_wconf 85' lang='lat' dir='ltr'>Augustini</span> <span class='ocrx_word' id='word_1_283' title='bbox 514 1940 684 1974; x_wconf 89' lang='lat' dir='ltr'>constat</span> <span class='ocrx_word' id='word_1_284' title='bbox 716 1936 920 1974; x_wconf 85' lang='lat' dir='ltr'>extitisse.</span> <span class='ocrx_word' id='word_1_285' title='bbox 978 1934 1037 1972; x_wconf 89' lang='lat' dir='ltr'>Et</span> <span class='ocrx_word' id='word_1_286' title='bbox 1068 1937 1215 1972; x_wconf 85' lang='lat' dir='ltr'>tamen</span> <span class='ocrx_word' id='word_1_287' title='bbox 1246 1931 1459 1970; x_wconf 90' lang='lat' dir='ltr'>Arnobius</span> <span class='ocrx_word' id='word_1_288' title='bbox 1490 1928 1557 1967; x_wconf 89' lang='lat' dir='ltr'>hic</span> <span class='ocrx_word' id='word_1_289' title='bbox 1591 1939 1677 1965; x_wconf 89' lang='lat' dir='ltr'>vno</span> 
     </span>
     <span class='ocr_line' id='line_1_34' title="bbox 81 1982 1764 2041; baseline -0.007 -11"><span class='ocrx_word' id='word_1_290' title='bbox 81 1994 213 2041; x_wconf 87' lang='lat' dir='ltr'>atque</span> <span class='ocrx_word' id='word_1_291' title='bbox 245 1990 379 2029; x_wconf 91' lang='lat' dir='ltr'>altero</span> <span class='ocrx_word' id='word_1_292' title='bbox 412 1990 504 2029; x_wconf 91' lang='grc'>1000</span> <span class='ocrx_word' id='word_1_293' title='bbox 537 1990 731 2040; x_wconf 90' lang='lat' dir='ltr'>disputat</span> <span class='ocrx_word' id='word_1_294' title='bbox 764 1989 828 2028; x_wconf 90' lang='lat' dir='ltr'>De</span> <span class='ocrx_word' id='word_1_295' title='bbox 860 1988 991 2028; x_wconf 88' lang='lat' dir='ltr'>libero</span> <span class='ocrx_word' id='word_1_296' title='bbox 1024 1987 1214 2033; x_wconf 87' lang='lat' dir='ltr'>arbitrio,</span> <span class='ocrx_word' id='word_1_297' title='bbox 1249 1986 1321 2024; x_wconf 87' lang='lat' dir='ltr'>vbi</span> <span class='ocrx_word' id='word_1_298' title='bbox 1355 1996 1441 2023; x_wconf 90' lang='lat' dir='ltr'>non</span> <span class='ocrx_word' id='word_1_299' title='bbox 1473 1982 1677 2022; x_wconf 89' lang='lat' dir='ltr'>tacuisset</span> <span class='ocrx_word' id='word_1_300' title='bbox 1697 1992 1764 2024; x_wconf 79' lang='lat'>230</span> 
     </span>
     <span class='ocr_line' id='line_1_35' title="bbox 83 2044 881 2095; baseline -0.001 -12"><span class='ocrx_word' id='word_1_301' title='bbox 83 2044 313 2095; x_wconf 89' lang='lat' dir='ltr'>Pelagium,</span> <span class='ocrx_word' id='word_1_302' title='bbox 337 2045 371 2083; x_wconf 90' lang='lat' dir='ltr'>si</span> <span class='ocrx_word' id='word_1_303' title='bbox 392 2044 461 2083; x_wconf 92' lang='lat' dir='ltr'>ille</span> <span class='ocrx_word' id='word_1_304' title='bbox 482 2044 632 2082; x_wconf 83' lang='lat' dir='ltr'>fuisset</span> <span class='ocrx_word' id='word_1_305' title='bbox 653 2044 881 2094; x_wconf 88' lang='lat' dir='ltr'>antiquior.</span> 
     </span>
    </p>

    <p class='ocr_par' dir='ltr' id='par_1_6' title="bbox 82 2089 1766 2638">
     <span class='ocr_line' id='line_1_36' title="bbox 136 2089 1678 2149; baseline -0.006 -11"><span class='ocrx_word' id='word_1_306' title='bbox 136 2098 276 2146; x_wconf 82' lang='lat' dir='ltr'>Quum</span> <span class='ocrx_word' id='word_1_307' title='bbox 292 2099 420 2149; x_wconf 91' lang='lat' dir='ltr'>igitur</span> <span class='ocrx_word' id='word_1_308' title='bbox 450 2098 789 2137; x_wconf 88' lang='lat' dir='ltr'>demonstratum</span> <span class='ocrx_word' id='word_1_309' title='bbox 816 2098 872 2136; x_wconf 91' lang='lat' dir='ltr'>sit</span> <span class='ocrx_word' id='word_1_310' title='bbox 900 2098 945 2136; x_wconf 89' lang='lat' dir='ltr'>in</span> <span class='ocrx_word' id='word_1_311' title='bbox 973 2097 1038 2136; x_wconf 92' lang='lat' dir='ltr'>his</span> <span class='ocrx_word' id='word_1_312' title='bbox 1068 2109 1177 2147; x_wconf 93' lang='lat' dir='ltr'>quae</span> <span class='ocrx_word' id='word_1_313' title='bbox 1203 2094 1293 2133; x_wconf 90' lang='lat' dir='ltr'>sola</span> <span class='ocrx_word' id='word_1_314' title='bbox 1319 2095 1519 2145; x_wconf 88' lang='lat' dir='ltr'>poterant</span> <span class='ocrx_word' id='word_1_315' title='bbox 1549 2089 1678 2130; x_wconf 84' lang='lat' dir='ltr'>offen-</span> 
     </span>
     <span class='ocr_line' id='line_1_37' title="bbox 82 2147 1680 2204; baseline -0.006 -13"><span class='ocrx_word' id='word_1_316' title='bbox 82 2152 192 2199; x_wconf 88' lang='lat' dir='ltr'>dere,</span> <span class='ocrx_word' id='word_1_317' title='bbox 241 2152 345 2191; x_wconf 91' lang='lat' dir='ltr'>nihil</span> <span class='ocrx_word' id='word_1_318' title='bbox 391 2165 479 2191; x_wconf 92' lang='lat' dir='ltr'>esse</span> <span class='ocrx_word' id='word_1_319' title='bbox 527 2152 642 2204; x_wconf 91' lang='lat' dir='ltr'>quod</span> <span class='ocrx_word' id='word_1_320' title='bbox 689 2152 837 2191; x_wconf 86' lang='lat' dir='ltr'>debuit</span> <span class='ocrx_word' id='word_1_321' title='bbox 890 2163 1134 2203; x_wconf 87' lang='lat' dir='ltr'>quenquam</span> <span class='ocrx_word' id='word_1_322' title='bbox 1185 2148 1408 2194; x_wconf 87' lang='lat' dir='ltr'>offendere,</span> <span class='ocrx_word' id='word_1_323' title='bbox 1456 2158 1589 2197; x_wconf 88' lang='lat' dir='ltr'>quum</span> <span class='ocrx_word' id='word_1_324' title='bbox 1636 2147 1680 2182; x_wconf 91' lang='lat' dir='ltr'>et</span> 
     </span>
     <span class='ocr_line' id='line_1_38' title="bbox 82 2201 1679 2258; baseline -0.007 -12"><span class='ocrx_word' id='word_1_325' title='bbox 82 2211 274 2246; x_wconf 89' lang='lat' dir='ltr'>autorem</span> <span class='ocrx_word' id='word_1_326' title='bbox 303 2211 526 2258; x_wconf 86' lang='lat' dir='ltr'>tantopere</span> <span class='ocrx_word' id='word_1_327' title='bbox 563 2207 684 2246; x_wconf 92' lang='lat' dir='ltr'>nobis</span> <span class='ocrx_word' id='word_1_328' title='bbox 713 2206 982 2246; x_wconf 90' lang='lat' dir='ltr'>commendet</span> <span class='ocrx_word' id='word_1_329' title='bbox 1012 2204 1261 2256; x_wconf 88' lang='lat' dir='ltr'>Hieronymi</span> <span class='ocrx_word' id='word_1_330' title='bbox 1292 2201 1518 2247; x_wconf 81' lang='lat' dir='ltr'>autoritas,</span> <span class='ocrx_word' id='word_1_331' title='bbox 1546 2211 1679 2250; x_wconf 89' lang='lat' dir='ltr'>quum</span> 
     </span>
     <span class='ocr_line' id='line_1_39' title="bbox 83 2254 1761 2312; baseline -0.007 -12"><span class='ocrx_word' id='word_1_332' title='bbox 83 2273 190 2312; x_wconf 82' lang='lat' dir='ltr'>opus</span> <span class='ocrx_word' id='word_1_333' title='bbox 222 2261 363 2312; x_wconf 88' lang='lat' dir='ltr'>ipsum</span> <span class='ocrx_word' id='word_1_334' title='bbox 401 2265 527 2300; x_wconf 86' lang='lat' dir='ltr'>tanta</span> <span class='ocrx_word' id='word_1_335' title='bbox 565 2260 837 2300; x_wconf 89' lang='lat' dir='ltr'>commendet</span> <span class='ocrx_word' id='word_1_336' title='bbox 874 2261 1123 2311; x_wconf 88' lang='lat' dir='ltr'>antiquitas,</span> <span class='ocrx_word' id='word_1_337' title='bbox 1158 2271 1271 2297; x_wconf 90' lang='lat' dir='ltr'>nunc</span> <span class='ocrx_word' id='word_1_338' title='bbox 1308 2257 1454 2309; x_wconf 86' lang='lat' dir='ltr'>paucis</span> <span class='ocrx_word' id='word_1_339' title='bbox 1492 2254 1679 2306; x_wconf 88' lang='lat' dir='ltr'>aperiam</span> <span class='ocrx_word' id='word_1_340' title='bbox 1700 2265 1761 2297; x_wconf 77' lang='lat'>235</span> 
     </span>
     <span class='ocr_line' id='line_1_40' title="bbox 83 2309 1679 2367; baseline -0.006 -12"><span class='ocrx_word' id='word_1_341' title='bbox 83 2328 192 2366; x_wconf 88' lang='lat' dir='ltr'>quae</span> <span class='ocrx_word' id='word_1_342' title='bbox 253 2328 320 2355; x_wconf 93' lang='lat' dir='ltr'>me</span> <span class='ocrx_word' id='word_1_343' title='bbox 374 2319 598 2367; x_wconf 91' lang='lat' dir='ltr'>tantopere</span> <span class='ocrx_word' id='word_1_344' title='bbox 652 2316 871 2367; x_wconf 81' lang='lat' dir='ltr'>rapuerint</span> <span class='ocrx_word' id='word_1_345' title='bbox 926 2316 971 2353; x_wconf 90' lang='lat' dir='ltr'>in</span> <span class='ocrx_word' id='word_1_346' title='bbox 1026 2314 1150 2353; x_wconf 92' lang='lat' dir='ltr'>huius</span> <span class='ocrx_word' id='word_1_347' title='bbox 1206 2311 1433 2352; x_wconf 87' lang='lat' dir='ltr'>voluminis</span> <span class='ocrx_word' id='word_1_348' title='bbox 1498 2309 1679 2348; x_wconf 87' lang='lat' dir='ltr'>admira-</span> 
     </span>
     <span class='ocr_line' id='line_1_41' title="bbox 83 2362 1678 2415; baseline -0.006 -6"><span class='ocrx_word' id='word_1_349' title='bbox 83 2371 256 2409; x_wconf 87' lang='lat' dir='ltr'>tionem.</span> <span class='ocrx_word' id='word_1_350' title='bbox 314 2370 503 2409; x_wconf 89' lang='lat' dir='ltr'>Primum</span> <span class='ocrx_word' id='word_1_351' title='bbox 536 2369 641 2408; x_wconf 87' lang='lat' dir='ltr'>illud</span> <span class='ocrx_word' id='word_1_352' title='bbox 672 2371 717 2408; x_wconf 93' lang='lat' dir='ltr'>in</span> <span class='ocrx_word' id='word_1_353' title='bbox 749 2369 939 2409; x_wconf 81' lang='lat' dir='ltr'>confesso</span> <span class='ocrx_word' id='word_1_354' title='bbox 972 2373 1050 2415; x_wconf 87' lang='lat' dir='ltr'>est,</span> <span class='ocrx_word' id='word_1_355' title='bbox 1081 2369 1191 2407; x_wconf 85' lang='lat' dir='ltr'>inter</span> <span class='ocrx_word' id='word_1_356' title='bbox 1221 2379 1366 2405; x_wconf 90' lang='lat' dir='ltr'>omnes</span> <span class='ocrx_word' id='word_1_357' title='bbox 1400 2377 1542 2403; x_wconf 86' lang='lat' dir='ltr'>sacrae</span> <span class='ocrx_word' id='word_1_358' title='bbox 1573 2362 1678 2401; x_wconf 85' lang='lat' dir='ltr'>Scri-</span> 
     </span>
     <span class='ocr_line' id='line_1_42' title="bbox 84 2419 1678 2475; baseline -0.007 -11"><span class='ocrx_word' id='word_1_359' title='bbox 84 2429 235 2475; x_wconf 85' lang='lat' dir='ltr'>pturae</span> <span class='ocrx_word' id='word_1_360' title='bbox 266 2424 407 2471; x_wconf 91' lang='lat' dir='ltr'>libros,</span> <span class='ocrx_word' id='word_1_361' title='bbox 438 2424 602 2463; x_wconf 91' lang='lat' dir='ltr'>nullum</span> <span class='ocrx_word' id='word_1_362' title='bbox 631 2437 720 2463; x_wconf 89' lang='lat' dir='ltr'>esse</span> <span class='ocrx_word' id='word_1_363' title='bbox 749 2425 962 2475; x_wconf 87' lang='lat' dir='ltr'>mysteriis</span> <span class='ocrx_word' id='word_1_364' title='bbox 991 2421 1322 2461; x_wconf 89' lang='lat' dir='ltr'>abstrusioribus</span> <span class='ocrx_word' id='word_1_365' title='bbox 1349 2419 1521 2471; x_wconf 89' lang='lat' dir='ltr'>plenum</span> <span class='ocrx_word' id='word_1_366' title='bbox 1548 2428 1678 2467; x_wconf 84' lang='lat' dir='ltr'>quam</span> 
     </span>
     <span class='ocr_line' id='line_1_43' title="bbox 83 2474 1680 2526; baseline -0.006 -8"><span class='ocrx_word' id='word_1_367' title='bbox 83 2478 238 2517; x_wconf 87' lang='lat' dir='ltr'>librum</span> <span class='ocrx_word' id='word_1_368' title='bbox 274 2478 552 2526; x_wconf 91' lang='lat' dir='ltr'>Psalmorum,</span> <span class='ocrx_word' id='word_1_369' title='bbox 590 2491 666 2517; x_wconf 91' lang='lat' dir='ltr'>nec</span> <span class='ocrx_word' id='word_1_370' title='bbox 703 2478 833 2517; x_wconf 91' lang='lat' dir='ltr'>alium</span> <span class='ocrx_word' id='word_1_371' title='bbox 870 2491 958 2517; x_wconf 89' lang='lat' dir='ltr'>esse</span> <span class='ocrx_word' id='word_1_372' title='bbox 995 2477 1225 2516; x_wconf 88' lang='lat' dir='ltr'>maioribus</span> <span class='ocrx_word' id='word_1_373' title='bbox 1260 2474 1446 2514; x_wconf 88' lang='lat' dir='ltr'>tenebris</span> <span class='ocrx_word' id='word_1_374' title='bbox 1483 2475 1680 2522; x_wconf 88' lang='lat' dir='ltr'>opertum</span> 
     </span>
     <span class='ocr_line' id='line_1_44' title="bbox 85 2525 1766 2583; baseline -0.007 -11"><span class='ocrx_word' id='word_1_375' title='bbox 85 2533 310 2572; x_wconf 87' lang='lat' dir='ltr'>verborum</span> <span class='ocrx_word' id='word_1_376' title='bbox 348 2546 397 2572; x_wconf 90' lang='lat' dir='ltr'>ac</span> <span class='ocrx_word' id='word_1_377' title='bbox 433 2534 754 2572; x_wconf 87' lang='lat' dir='ltr'>sententiarum.</span> <span class='ocrx_word' id='word_1_378' title='bbox 812 2533 954 2583; x_wconf 88' lang='lat' dir='ltr'>Atque</span> <span class='ocrx_word' id='word_1_379' title='bbox 991 2533 1035 2570; x_wconf 92' lang='lat' dir='ltr'>in</span> <span class='ocrx_word' id='word_1_380' title='bbox 1069 2531 1147 2570; x_wconf 89' lang='lat' dir='ltr'>tali</span> <span class='ocrx_word' id='word_1_381' title='bbox 1185 2533 1436 2581; x_wconf 86' lang='lat' dir='ltr'>argumento</span> <span class='ocrx_word' id='word_1_382' title='bbox 1473 2525 1597 2565; x_wconf 87' lang='lat' dir='ltr'>simul</span> <span class='ocrx_word' id='word_1_383' title='bbox 1635 2528 1680 2562; x_wconf 91' lang='lat' dir='ltr'>et</span> <span class='ocrx_word' id='word_1_384' title='bbox 1700 2538 1766 2568; x_wconf 83' lang='lat'>240</span> 
     </span>
     <span class='ocr_line' id='line_1_45' title="bbox 85 2578 1681 2638; baseline -0.007 -11"><span class='ocrx_word' id='word_1_385' title='bbox 85 2587 257 2627; x_wconf 90' lang='lat' dir='ltr'>breuem</span> <span class='ocrx_word' id='word_1_386' title='bbox 276 2600 364 2627; x_wconf 91' lang='lat' dir='ltr'>esse</span> <span class='ocrx_word' id='word_1_387' title='bbox 392 2591 437 2626; x_wconf 92' lang='lat' dir='ltr'>et</span> <span class='ocrx_word' id='word_1_388' title='bbox 464 2587 709 2633; x_wconf 89' lang='lat' dir='ltr'>dilucidum,</span> <span class='ocrx_word' id='word_1_389' title='bbox 738 2587 854 2638; x_wconf 89' lang='lat' dir='ltr'>quod</span> <span class='ocrx_word' id='word_1_390' title='bbox 882 2587 949 2626; x_wconf 92' lang='lat' dir='ltr'>hie</span> <span class='ocrx_word' id='word_1_391' title='bbox 978 2591 1208 2636; x_wconf 87' lang='lat' dir='ltr'>vtrumque</span> <span class='ocrx_word' id='word_1_392' title='bbox 1229 2585 1331 2623; x_wconf 88' lang='lat' dir='ltr'>mire</span> <span class='ocrx_word' id='word_1_393' title='bbox 1351 2584 1554 2634; x_wconf 84' lang='lat' dir='ltr'>praestat,</span> <span class='ocrx_word' id='word_1_394' title='bbox 1577 2578 1681 2617; x_wconf 88' lang='lat' dir='ltr'>mihi</span> 
     </span>
    </p>
   </div>
   <div class='ocr_carea' id='block_1_3' title="bbox 632 2677 1243 2719">
    <p class='ocr_par' dir='ltr' id='par_1_7' title="bbox 632 2677 1243 2719">
     <span class='ocr_line' id='line_1_46' title="bbox 632 2677 1243 2719; baseline -0.002 -10"><span class='ocrx_word' id='word_1_395' title='bbox 632 2687 707 2719; x_wconf 82' lang='lat'>203.</span> <span class='ocrx_word' id='word_1_396' title='bbox 735 2678 934 2711; x_wconf 86' lang='lat' dir='ltr'>huiusmodi</span> <span class='ocrx_word' id='word_1_397' title='bbox 947 2679 1003 2710; x_wconf 91' lang='lat' dir='ltr'>N:</span> <span class='ocrx_word' id='word_1_398' title='bbox 1028 2677 1198 2710; x_wconf 85' lang='lat' dir='ltr'>eiusmodi</span> <span class='ocrx_word' id='word_1_399' title='bbox 1213 2689 1243 2708; x_wconf 88' lang='grc' dir='ltr'>α.</span> 
     </span>
    </p>
   </div>
   <div class='ocr_carea' id='block_1_4' title="bbox 86 2782 1684 3090">
    <p class='ocr_par' dir='ltr' id='par_1_8' title="bbox 86 2782 1684 3090">
     <span class='ocr_line' id='line_1_47' title="bbox 134 2782 1682 2826; baseline -0.005 -7"><span class='ocrx_word' id='word_1_400' title='bbox 134 2796 208 2819; x_wconf 90' lang='lat'>210.</span> <span class='ocrx_word' id='word_1_401' title='bbox 235 2787 508 2826; x_wconf 86' lang='lat' dir='ltr'>Interciderunt]</span> <span class='ocrx_word' id='word_1_402' title='bbox 536 2787 711 2819; x_wconf 87' lang='lat' dir='ltr'>Arnobius</span> <span class='ocrx_word' id='word_1_403' title='bbox 737 2787 849 2818; x_wconf 80' lang='lat' dir='ltr'>Afer&#39;s</span> <span class='ocrx_word' id='word_1_404' title='bbox 918 2787 1059 2817; x_wconf 85' lang='lat' dir='ltr'>crimine</span> <span class='ocrx_word' id='word_1_405' title='bbox 1093 2784 1325 2825; x_wconf 85' lang='lat' dir='ltr'>eripuerim’:</span> <span class='ocrx_word' id='word_1_406' title='bbox 1373 2793 1427 2814; x_wconf 88' lang='lat' dir='ltr'>see</span> <span class='ocrx_word' id='word_1_407' title='bbox 1462 2782 1502 2814; x_wconf 88' lang='lat' dir='ltr'>A.</span> <span class='ocrx_word' id='word_1_408' title='bbox 1539 2782 1682 2813; x_wconf 75' lang='lat' dir='ltr'>Reiffer-</span> 
     </span>
     <span class='ocr_line' id='line_1_48' title="bbox 87 2826 1682 2873; baseline -0.005 -10"><span class='ocrx_word' id='word_1_409' title='bbox 87 2831 185 2871; x_wconf 74' lang='lat' dir='ltr'>Disp.</span> <span class='ocrx_word' id='word_1_410' title='bbox 203 2831 281 2863; x_wconf 80' lang='lat' dir='ltr'>adu.</span> <span class='ocrx_word' id='word_1_411' title='bbox 300 2832 415 2862; x_wconf 74' lang='lat' dir='ltr'>Gentes</span> <span class='ocrx_word' id='word_1_412' title='bbox 431 2831 487 2869; x_wconf 82' lang='lat' dir='ltr'>(cf.</span> <span class='ocrx_word' id='word_1_413' title='bbox 502 2831 536 2862; x_wconf 91' lang='lat' dir='ltr'>ll.</span> <span class='ocrx_word' id='word_1_414' title='bbox 553 2832 662 2873; x_wconf 75' lang='lat'><strong>59‚64)</strong></span> <span class='ocrx_word' id='word_1_415' title='bbox 676 2841 762 2862; x_wconf 85' lang='lat' dir='ltr'>were</span> <span class='ocrx_word' id='word_1_416' title='bbox 776 2831 850 2861; x_wconf 84' lang='lat' dir='ltr'>first</span> <span class='ocrx_word' id='word_1_417' title='bbox 917 2829 1063 2860; x_wconf 79' lang='lat' dir='ltr'>scheid&#39;s</span> <span class='ocrx_word' id='word_1_418' title='bbox 1073 2829 1206 2859; x_wconf 83' lang='lat' dir='ltr'>edition</span> <span class='ocrx_word' id='word_1_419' title='bbox 1218 2828 1254 2858; x_wconf 89' lang='lat' dir='ltr'>in</span> <span class='ocrx_word' id='word_1_420' title='bbox 1268 2828 1365 2867; x_wconf 76' lang='lat' dir='ltr'>Corp.</span> <span class='ocrx_word' id='word_1_421' title='bbox 1381 2826 1494 2867; x_wconf 76' lang='lat' dir='ltr'>script.</span> <span class='ocrx_word' id='word_1_422' title='bbox 1507 2827 1580 2858; x_wconf 71' lang='lat' dir='ltr'>eccl.</span> <span class='ocrx_word' id='word_1_423' title='bbox 1597 2826 1682 2862; x_wconf 62' lang='lat' dir='ltr'>Lat„</span> 
     </span>
     <span class='ocr_line' id='line_1_49' title="bbox 86 2868 1681 2916; baseline -0.004 -10"><span class='ocrx_word' id='word_1_424' title='bbox 86 2874 270 2916; x_wconf 88' lang='lat' dir='ltr'>published</span> <span class='ocrx_word' id='word_1_425' title='bbox 308 2878 347 2906; x_wconf 85' lang='lat' dir='ltr'>at</span> <span class='ocrx_word' id='word_1_426' title='bbox 384 2875 507 2912; x_wconf 85' lang='lat' dir='ltr'>Rome,</span> <span class='ocrx_word' id='word_1_427' title='bbox 545 2875 582 2906; x_wconf 91' lang='lat' dir='ltr'>in</span> <span class='ocrx_word' id='word_1_428' title='bbox 624 2883 762 2915; x_wconf 80' lang='lat'>1542—3‚</span> <span class='ocrx_word' id='word_1_429' title='bbox 803 2873 849 2914; x_wconf 86' lang='lat' dir='ltr'>by</span> <span class='ocrx_word' id='word_1_430' title='bbox 918 2873 1080 2913; x_wconf 78' lang='lat' dir='ltr'>iv‚1875,</span> <span class='ocrx_word' id='word_1_431' title='bbox 1099 2882 1132 2912; x_wconf 88' lang='lat' dir='ltr'>p.</span> <span class='ocrx_word' id='word_1_432' title='bbox 1152 2872 1210 2902; x_wconf 86' lang='lat' dir='ltr'>vii.</span> <span class='ocrx_word' id='word_1_433' title='bbox 1249 2871 1321 2902; x_wconf 86' lang='lat' dir='ltr'>The</span> <span class='ocrx_word' id='word_1_434' title='bbox 1347 2870 1437 2902; x_wconf 91' lang='lat' dir='ltr'>book</span> <span class='ocrx_word' id='word_1_435' title='bbox 1454 2880 1523 2901; x_wconf 83' lang='lat' dir='ltr'>was</span> <span class='ocrx_word' id='word_1_436' title='bbox 1540 2868 1681 2910; x_wconf 82' lang='lat' dir='ltr'>quickly</span> 
     </span>
     <span class='ocr_line' id='line_1_50' title="bbox 88 2912 1684 2956; baseline -0.004 -6"><span class='ocrx_word' id='word_1_437' title='bbox 88 2918 238 2950; x_wconf 83' lang='lat' dir='ltr'>Faustus</span> <span class='ocrx_word' id='word_1_438' title='bbox 266 2918 418 2950; x_wconf 82' lang='lat' dir='ltr'>Sabaeus</span> <span class='ocrx_word' id='word_1_439' title='bbox 446 2918 480 2949; x_wconf 81' lang='lat' dir='ltr'>of</span> <span class='ocrx_word' id='word_1_440' title='bbox 509 2918 658 2955; x_wconf 83' lang='lat' dir='ltr'>Breseia,</span> <span class='ocrx_word' id='word_1_441' title='bbox 684 2917 849 2948; x_wconf 85' lang='lat' dir='ltr'>librarian</span> <span class='ocrx_word' id='word_1_442' title='bbox 918 2916 1052 2947; x_wconf 85' lang='lat' dir='ltr'>revised</span> <span class='ocrx_word' id='word_1_443' title='bbox 1071 2915 1141 2946; x_wconf 87' lang='lat' dir='ltr'>and</span> <span class='ocrx_word' id='word_1_444' title='bbox 1160 2914 1335 2956; x_wconf 87' lang='lat' dir='ltr'>rcprint-ed</span> <span class='ocrx_word' id='word_1_445' title='bbox 1355 2914 1402 2955; x_wconf 86' lang='lat' dir='ltr'>by</span> <span class='ocrx_word' id='word_1_446' title='bbox 1421 2914 1488 2954; x_wconf 84' lang='lat' dir='ltr'>Sig.</span> <span class='ocrx_word' id='word_1_447' title='bbox 1510 2912 1684 2949; x_wconf 84' lang='lat' dir='ltr'>Gelenius,</span> 
     </span>
     <span class='ocr_line' id='line_1_51' title="bbox 89 2958 1502 2999; baseline -0.004 -6"><span class='ocrx_word' id='word_1_448' title='bbox 89 2961 124 2993; x_wconf 72' lang='lat' dir='ltr'>of</span> <span class='ocrx_word' id='word_1_449' title='bbox 149 2961 208 2993; x_wconf 86' lang='lat' dir='ltr'>the</span> <span class='ocrx_word' id='word_1_450' title='bbox 234 2962 394 2999; x_wconf 53' lang='lat' dir='ltr'>Vanesia,</span> <span class='ocrx_word' id='word_1_451' title='bbox 419 2961 508 2993; x_wconf 86' lang='lat' dir='ltr'>from</span> <span class='ocrx_word' id='word_1_452' title='bbox 533 2972 554 2992; x_wconf 83' lang='lat' dir='ltr'>a</span> <span class='ocrx_word' id='word_1_453' title='bbox 581 2970 636 2992; x_wconf 81' lang='lat' dir='ltr'>ms.</span> <span class='ocrx_word' id='word_1_454' title='bbox 665 2960 776 2992; x_wconf 88' lang='lat' dir='ltr'>which</span> <span class='ocrx_word' id='word_1_455' title='bbox 808 2960 849 2991; x_wconf 89' lang='lat' dir='ltr'>he</span> <span class='ocrx_word' id='word_1_456' title='bbox 920 2959 1032 2996; x_wconf 86' lang='lat' dir='ltr'>Basle,</span> <span class='ocrx_word' id='word_1_457' title='bbox 1049 2959 1198 2995; x_wconf 86' lang='lat' dir='ltr'>Froben,</span> <span class='ocrx_word' id='word_1_458' title='bbox 1219 2959 1301 2999; x_wconf 79' lang='lat'>1546</span> <span class='ocrx_word' id='word_1_459' title='bbox 1319 2958 1388 2989; x_wconf 83' lang='lat' dir='ltr'>and</span> <span class='ocrx_word' id='word_1_460' title='bbox 1409 2959 1502 2998; x_wconf 85' lang='lat'>1560.</span> 
     </span>
     <span class='ocr_line' id='line_1_52' title="bbox 88 2999 1682 3046; baseline -0.004 -10"><span class='ocrx_word' id='word_1_461' title='bbox 88 3004 254 3036; x_wconf 80' lang='lat' dir='ltr'>obtained</span> <span class='ocrx_word' id='word_1_462' title='bbox 280 3003 374 3036; x_wconf 87' lang='lat' dir='ltr'>‘iure</span> <span class='ocrx_word' id='word_1_463' title='bbox 400 3004 479 3037; x_wconf 86' lang='lat' dir='ltr'>belli</span> <span class='ocrx_word' id='word_1_464' title='bbox 493 3005 514 3042; x_wconf 90' lang='lat'>&#39;,</span> <span class='ocrx_word' id='word_1_465' title='bbox 542 3003 550 3016; x_wconf 73' lang='lat'>⁶</span> <span class='ocrx_word' id='word_1_466' title='bbox 564 3015 669 3046; x_wconf 84' lang='lat' dir='ltr'>quem</span> <span class='ocrx_word' id='word_1_467' title='bbox 692 3014 711 3036; x_wconf 87' lang='lat' dir='ltr'>e</span> <span class='ocrx_word' id='word_1_468' title='bbox 737 3004 851 3035; x_wconf 82' lang='lat' dir='ltr'>media</span> <span class='ocrx_word' id='word_1_469' title='bbox 965 3011 1038 3042; x_wconf 84' lang='lat'>219.</span> <span class='ocrx_word' id='word_1_470' title='bbox 1064 3001 1189 3044; x_wconf 87' lang='lat' dir='ltr'>nuper]</span> <span class='ocrx_word' id='word_1_471' title='bbox 1202 3002 1243 3033; x_wconf 88' lang='lat' dir='ltr'>In</span> <span class='ocrx_word' id='word_1_472' title='bbox 1257 3000 1513 3033; x_wconf 74' lang='lat' dir='ltr'>Beatus’cditio</span> <span class='ocrx_word' id='word_1_473' title='bbox 1523 2999 1682 3040; x_wconf 76' lang='lat' dir='ltr'>princeps</span> 
     </span>
     <span class='ocr_line' id='line_1_53' title="bbox 91 3045 1543 3090; baseline -0.002 -12"><span class='ocrx_word' id='word_1_474' title='bbox 91 3047 247 3079; x_wconf 82' lang='lat' dir='ltr'>barbarie</span> <span class='ocrx_word' id='word_1_475' title='bbox 282 3058 352 3080; x_wconf 89' lang='lat' dir='ltr'>nou</span> <span class='ocrx_word' id='word_1_476' title='bbox 387 3049 459 3080; x_wconf 80' lang='lat' dir='ltr'>sine</span> <span class='ocrx_word' id='word_1_477' title='bbox 495 3048 677 3090; x_wconf 86' lang='lat' dir='ltr'>dispendio</span> <span class='ocrx_word' id='word_1_478' title='bbox 712 3051 748 3080; x_wconf 88' lang='lat' dir='ltr'>et</span> <span class='ocrx_word' id='word_1_479' title='bbox 784 3047 850 3079; x_wconf 88' lang='lat' dir='ltr'>dis·</span> <span class='ocrx_word' id='word_1_480' title='bbox 920 3045 1183 3088; x_wconf 79' lang='lat' dir='ltr'>ofJu1y1521:</span> <span class='ocrx_word' id='word_1_481' title='bbox 1215 3056 1269 3077; x_wconf 87' lang='lat' dir='ltr'>see</span> <span class='ocrx_word' id='word_1_482' title='bbox 1287 3045 1352 3087; x_wconf 80' lang='lat' dir='ltr'>Ep.</span> <span class='ocrx_word' id='word_1_483' title='bbox 1378 3053 1470 3085; x_wconf 83' lang='lat'>1232.</span> <span class='ocrx_word' id='word_1_484' title='bbox 1493 3053 1543 3075; x_wconf 80' lang='lat' dir='ltr'>ln.</span> 
     </span>
    </p>
   </div>
  </div>
 </body>
</html>
