2012 3370
241 127 321 165 206
710 121 966 162 LETTERS
998 121 1070 161 OF
1099 121 1365 162 ERASMUS

1715 122 1838 171 [1523

240 236 401 275 Eodem
423 247 614 273 reuersus
637 233 801 284 aliquot
823 235 922 283 post
944 231 1105 278 diebus,
1130 232 1260 270 etiam
1283 236 1378 271 tum
1400 231 1559 270 offendi
1581 230 1841 270 Alcandrum

161 303 224 328 110
239 290 483 330 molientem
508 288 687 334 abitum,
711 285 1074 338 quemadmodum
1098 286 1313 325 moliebar.
1366 285 1590 325 Bruxellae
1612 285 1841 324 didiceram

239 345 511 384 Franciscum
540 343 773 393 Sychinum
803 340 954 380 ducem
983 340 1188 391 postridie
1215 341 1355 380 Tenae
1383 340 1607 380 futurum:
1654 341 1722 379 cui
1750 343 1843 379 tum

238 399 412 451 pulchro
434 397 716 437 conueniebat
738 409 835 435 cum
857 395 1046 441 Caesare,
1069 395 1284 446 quomodo
1306 409 1417 434 nunc
1441 395 1670 434 conueniat
1689 394 1844 433 nescio.

294 454 337 492 Is
353 453 441 492 dies
457 456 549 491 erat
564 451 719 490 natalis
736 455 780 489 et
795 463 913 488 meus
929 453 974 489 et
989 449 1290 500 Apostolorum
1307 450 1489 490 Simonis
1506 453 1550 488 et
1566 449 1699 488 Iudae
1720 462 1728 487 ι
1760 461 1846 499 quo

239 507 412 559 quidem
446 506 514 545 die
546 505 702 545 accidit
734 504 940 556 quiddam
972 503 1107 543 natali
1140 517 1233 544 meo
1266 504 1455 556 dignum,
1490 504 1570 542 hoc
1602 508 1668 542 est
1700 502 1846 542 fatale.

161 574 219 608 115
241 561 516 601 Dominicalis
537 560 763 611 quispiam,
785 559 867 605 ille,
891 563 941 598 vt
962 559 1124 610 opinor,
1147 560 1354 610 interpres
1375 559 1547 604 Moriae,
1571 558 1848 597 concionatus

239 616 382 655 fuerat
408 616 453 654 in
481 615 643 665 templo
672 614 761 652 diui
790 614 906 652 Petri
935 613 1040 652 hora
1067 614 1263 664 septima,
1294 614 1422 652 homo
1451 612 1667 652 confidens
1690 625 1738 650 ac
1768 611 1848 650 sibi

241 671 344 710 mire
367 670 537 721 placens
557 683 565 709 :
606 668 904 708 Phormionem
928 668 1173 719 quempiam
1196 668 1372 707 dixisses
1395 681 1417 706 e
1440 666 1671 707 comoedia.
1724 665 1847 705 Vide-

242 726 370 764 batur
397 737 483 763 non
512 737 535 763 e
563 728 763 775 suggestu
789 736 907 762 sacro
934 722 1008 762 sed
1033 735 1203 773 prorsus
1229 736 1252 761 e
1278 723 1468 774 plaustro
1494 722 1624 773 loqui.
1692 720 1847 759 Totam

239 779 372 819 ferme
390 780 539 818 horam
558 778 847 817 debacchatus
864 778 909 816 in
926 790 1082 816 nomen
1101 777 1281 825 Erasmi,
1300 777 1480 816 subinde
1498 777 1676 827 iungens
1694 787 1850 814 nomen

162 856 226 880 120
242 834 431 881 Lutheri‚
463 833 662 872 videlicet
692 837 742 871 vt
771 832 954 883 populus
985 832 1271 882 suspicaretur
1301 832 1404 870 mihi
1435 844 1531 870 cum
1562 831 1633 869 illo
1664 829 1849 869 multum

241 902 331 928 esse
360 889 550 939 negocii3
599 887 673 926 sed
702 888 928 938 praecipue
958 886 1307 925 destomachatus
1337 890 1415 932 est,
1447 885 1563 936 quod
1594 885 1753 924 diceret
1783 897 1850 923 me

241 943 469 995 Augustini
489 955 660 993 quoque
679 942 808 980 libros
829 941 936 979 velle
956 941 1173 992 corrigere,
1194 941 1239 979 in
1258 940 1415 991 quibus
1434 940 1539 978 nihil
1558 939 1849 990 intelligerem.

242 998 443 1037 Promisit
457 1010 546 1036 sese
562 997 772 1047 copiosius
793 995 942 1034 eadem
963 994 1015 1033 de
1034 1008 1079 1033 re
1097 995 1447 1033 concionaturum
1469 1007 1494 1033 a
1515 993 1695 1045 prandio
1712 1007 1719 1032 :
1756 996 1850 1032 tum

240 1053 354 1092 enim
368 1051 567 1090 foecundi
583 1051 731 1089 calices
746 1050 913 1088 faciunt
926 1050 1031 1088 istos
1046 1048 1298 1088 disertiores.
1345 1049 1511 1087 Harum
1526 1061 1666 1087 rerum
1680 1049 1853 1099 ignarus

164 1127 222 1161 125
242 1119 376 1158 quum
404 1106 612 1145 venissem
637 1105 682 1143 in
707 1104 917 1155 templum
943 1103 1172 1142 adfuturus
1197 1116 1364 1142 summo
1391 1116 1523 1149 sacro,
1550 1103 1760 1141 salutauit
1785 1115 1852 1141 me

242 1161 453 1207 Maketus,
483 1160 610 1198 homo
638 1159 769 1198 comis
797 1163 841 1197 et
867 1158 978 1197 illius
1005 1157 1262 1198 Academiae
1289 1162 1415 1197 vetus
1441 1157 1652 1196 alumnus.
1710 1157 1853 1207 Rogat

241 1215 347 1267 quid
375 1214 598 1254 accidisset
624 1213 741 1265 quod
768 1217 860 1252 tam
889 1226 1013 1252 mane
1041 1212 1214 1252 fuissem
1243 1213 1287 1251 in
1314 1212 1490 1263 templo,
1519 1213 1720 1251 nimirum
1749 1211 1854 1250 hora

242 1270 439 1321 septima,
475 1268 606 1320 idque
641 1271 810 1319 praeter
846 1280 1006 1306 morem
1043 1280 1198 1306 meum.
1267 1267 1276 1282 ‘
1297 1266 1378 1314 Qui
1415 1279 1539 1306 mane
1560 1269 1576 1305 ?
1599 1265 1607 1281 ’
1660 1266 1852 1317 inquam.

244 1324 254 1341 ‘
274 1324 436 1363 Aderas
456 1323 464 1339 ’
486 1323 640 1373 inquit,
665 1322 674 1338 ‘
692 1323 737 1361 in
757 1321 983 1361 contione.’
1033 1322 1125 1360 Risi
1144 1325 1189 1361 et
1206 1321 1410 1368 intellexi,
1432 1321 1549 1372 quod
1568 1320 1673 1359 mihi
1692 1332 1852 1359 nouum

164 1399 229 1431 130
244 1392 330 1418 non
346 1382 451 1425 erat,
468 1377 663 1417 rabulam
679 1377 924 1428 quempiam
941 1376 1057 1427 apud
1072 1376 1278 1427 populum
1295 1376 1539 1415 blaterasse.
1584 1375 1691 1414 Erat
1707 1378 1851 1413 autem

244 1433 279 1472 is
315 1432 577 1483 theologicae
612 1432 780 1470 laureae
817 1430 1085 1477 candidatus,
1122 1434 1167 1469 et
1202 1431 1282 1469 hac
1317 1431 1482 1469 ratione
1518 1429 1753 1481 praebebat
1789 1429 1853 1467 sui

244 1488 471 1539 specimen,
491 1499 535 1525 se
554 1499 640 1525 non
659 1485 853 1524 futurum
873 1486 952 1524 hoc
972 1485 1192 1536 indignum
1213 1485 1384 1523 honore.

300 1541 445 1581 Redeo
468 1541 657 1586 domum,
678 1544 851 1591 sumpto
872 1539 1093 1591 prandiolo
1114 1552 1417 1578 conscensurus
1435 1551 1590 1590 equos:
1627 1551 1728 1577 nam
1750 1537 1855 1576 hora

245 1596 431 1635 secunda
447 1595 717 1634 decreueram
734 1595 863 1633 abire.
909 1593 1090 1634 Offendo
1107 1593 1367 1633 Aleandrum
1383 1592 1724 1632 inambulantem
1744 1605 1753 1638 ;
1787 1592 1855 1630 cui

166 1664 224 1696 135
245 1663 370 1702 saepe
392 1662 611 1689 nar-raram
633 1648 770 1688 multa
792 1648 844 1687 de
867 1648 1137 1687 blateronum
1158 1647 1365 1687 eiusmodi
1386 1647 1667 1698 impudentia,
1691 1646 1765 1685 sed
1786 1645 1855 1685 ille

245 1718 331 1744 non
352 1708 524 1756 poterat
545 1716 736 1755 vnquam
758 1703 938 1742 credere.
989 1702 1172 1742 Proinde
1192 1702 1317 1742 iubeo
1339 1706 1389 1742 vt
1410 1703 1445 1740 si
1466 1701 1565 1741 fidei
1586 1713 1705 1740 meae
1726 1700 1856 1739 vellet

245 1759 383 1798 facere
400 1758 648 1810 periculum,
667 1758 860 1797 mitteret
877 1757 1061 1808 aliquem
1080 1770 1103 1796 e
1120 1757 1205 1796 suis
1224 1757 1279 1796 ad
1296 1756 1506 1808 templum
1524 1755 1854 1795 Dominicalium

246 1815 352 1853 hora
367 1813 518 1865 prima.
563 1813 676 1852 Nam
692 1812 776 1851 illic
793 1816 885 1851 erat
902 1811 1166 1864 peragendus
1183 1812 1338 1851 veteris
1355 1810 1598 1850 comoediae
1615 1814 1855 1861 postremus

248 1872 383 1908 actus.
412 1868 552 1907 Mittit
560 1867 628 1906 ille
641 1881 665 1907 e
677 1867 763 1906 suis
773 1867 1019 1918 quempiam
1029 1866 1085 1905 ad
1094 1866 1347 1913 Bucentam,
1357 1866 1549 1905 omnium
1558 1864 1854 1916 theologorum

168 1935 232 1967 140
248 1935 355 1974 quos
392 1922 632 1961 Louanium
666 1922 781 1960 intra
817 1922 1130 1972 quinquaginta
1166 1934 1299 1960 annos
1336 1920 1489 1959 habuit
1524 1919 1824 1959 stultissimum
1845 1931 1854 1965 3

248 1977 458 2017 Corebum
490 1977 735 2028 quempiam
768 1976 897 2015 dicas.
958 1976 1201 2015 Denunciat
1235 1977 1350 2024 (nam
1383 1975 1515 2014 verba
1545 1973 1855 2025 propemodum

248 2032 412 2082 excepi)
439 2045 492 2070 ne
519 2031 702 2070 blateret
727 2031 772 2070 in
797 2030 959 2070 famam
986 2030 1235 2081 cuiuspiam,
1264 2029 1338 2069 sed
1364 2029 1518 2068 doceat
1543 2028 1825 2080 Euangelium
1846 2040 1855 2073 ;

248 2099 420 2137 quoque
450 2086 585 2136 magis
615 2085 841 2131 deterreat,
874 2084 1082 2124 admiscet
1112 2085 1390 2124 autoritatem
1421 2083 1576 2123 summi
1606 2081 1854 2122 Pontificis:

249 2153 381 2191 quam
406 2139 467 2178 illi
494 2140 597 2178 mire
623 2144 883 2186 reuerentur,
911 2140 1079 2190 quoties
1104 2139 1186 2178 illis
1212 2143 1278 2178 est
1304 2138 1576 2178 commodum
1603 2151 1652 2176 ac
1679 2137 1854 2176 bonum.

171 2207 229 2239 145
250 2194 445 2235 Suborno
479 2194 554 2245 qui
588 2193 859 2233 auscultent:
910 2206 1011 2232 nam
1045 2193 1149 2232 mihi
1183 2198 1276 2233 erat
1310 2192 1555 2232 abeundum
1589 2191 1645 2231 ob
1679 2191 1857 2230 comites

251 2249 476 2288 accinctos.
520 2248 579 2287 Hi
592 2252 691 2299 post
704 2247 972 2300 perscribunt
985 2248 1199 2287 hominem
1214 2252 1414 2299 questum
1428 2246 1545 2299 quod
1558 2259 1633 2298 per
1646 2245 1855 2298 quosdam

250 2316 336 2343 non
354 2303 500 2342 liceret
518 2303 694 2354 obsequi
713 2316 790 2342 suo
809 2303 990 2354 spiritui.

301 2461 372 2483 111.
400 2449 606 2491 Sychinum]
623 2449 684 2482 See
701 2450 765 2491 Ep.
785 2451 857 2491 582.
876 2459 954 2490 2711.

300 2505 314 2527 1
323 2505 335 2527 1
342 2504 373 2526 2.
400 2492 646 2532 conueniebat]
655 2493 697 2525 In
706 2493 729 2525 J
731 2493 791 2535 uly
801 2502 812 2525 1
822 2502 859 2534 52
868 2503 879 2525 1
891 2492 1023 2525 81011111-

221 2564 228 2569 ,
256 2547 322 2578 gen
354 2536 424 2568 had
457 2537 545 2569 been
577 2536 772 2579 persuaded
805 2540 843 2568 to
875 2539 1023 2578 support

256 2579 396 2612 Charles
430 2580 467 2612 in
503 2580 563 2611 the
599 2590 670 2612 war
704 2580 843 2620 against
878 2580 1018 2611 France.

257 2624 329 2655 But
343 2623 397 2654 his
412 2623 641 2665 unprovoked
655 2623 779 2654 attack
793 2633 838 2655 on
854 2623 915 2655 the
929 2623 1020 2664 Abp.

1139 2461 1210 2491 115.
1236 2447 1479 2488 Dominicalis]
1517 2447 1726 2480 Laurentius
1740 2459 1748 2479 z
1799 2455 1855 2479 see

1093 2493 1157 2535 Ep.
1179 2494 1272 2525 1166.
1290 2494 1369 2524 26n.

1138 2547 1208 2570 122.
1235 2534 1438 2577 Augustini]
1455 2534 1505 2567 Of.
1525 2534 1591 2576 Ep.
1614 2543 1695 2574 1309
1713 2533 1841 2566 introd.

1138 2584 1209 2613 126.
1235 2578 1412 2617 Maketus]
1429 2578 1524 2611 John
1541 2578 1686 2619 Maquet
1706 2578 1742 2618 (†
1756 2579 1854 2618 1535)

1092 2623 1127 2655 of
1164 2623 1295 2655 Binche
1329 2623 1367 2654 in
1402 2621 1586 2659 Hainault,
1624 2620 1632 2634 ‘
1647 2621 1832 2653 Promotor
1846 2621 1854 2633 '

257 2666 292 2699 of
313 2666 440 2698 Treves
461 2667 498 2699 in
519 2666 607 2708 Aug.
634 2676 715 2707 1522
739 2667 812 2698 had
832 2666 888 2698 led
910 2670 947 2698 to
968 2666 1022 2698 his

257 2709 428 2752 outlawry
458 2711 495 2742 in
528 2710 605 2742 Oct.
662 2710 722 2742 See
756 2710 864 2742 ADB.
899 2710 1020 2741 xxxiv.

261 2763 272 2785 1
282 2754 377 2794 56-7.

304 2808 317 2829 1
326 2808 338 2829 1
345 2808 374 2838 3.
400 2796 544 2836 natalis]
556 2796 623 2829 For
629 2797 688 2828 the
696 2797 858 2838 question
866 2796 1021 2828 between

257 2849 299 2879 27
320 2839 390 2870 and
409 2842 449 2871 28
473 2840 550 2872 Oct.
573 2850 628 2871 see
647 2849 685 2871 11.
711 2850 754 2872 1n
773 2840 844 2872 and
862 2840 954 2882 App.
975 2849 994 2872 2
1012 2852 1020 2878 ;

259 2882 331 2913 also
349 2890 402 2914 111.
423 2885 464 2923 78
485 2883 556 2915 and
573 2892 622 2915 1v.
643 2893 673 2915 2.
717 2883 966 2916 Melanchthon
983 2884 1020 2915 in

262 2934 345 2966 1547
361 2925 557 2958 celebrated
574 2927 633 2958 the
649 2926 735 2959 28th
750 2926 842 2967 (ME.
859 2928 972 2968 4056).

305 2979 376 3011 114.
402 2968 525 3008 fatale]
546 2969 595 3002 of.
615 2970 706 3012 Epp.
732 2974 825 3004 1060.
846 2982 903 3013 5n,
925 2979 1017 3002 1102.

257 3013 316 3051 6n,
335 3023 428 3054 1334.
450 3024 461 3045 1
471 3036 478 3043 .

1091 2670 1126 2707 (a
1139 2666 1365 2709 disciplinary
1378 2665 1516 2705 official)
1530 2665 1566 2697 of
1578 2664 1638 2696 the
1651 2664 1857 2705 University

1096 2712 1220 2752 1507-8
1248 2709 1319 2741 and
1348 2711 1509 2750 1512—18,
1536 2708 1607 2740 and
1634 2706 1642 2720 ‘
1658 2707 1830 2749 syndicus
1845 2707 1853 2720 ’

1091 2754 1194 2795 (legal
1210 2754 1329 2795 agent)
1346 2752 1437 2785 from
1457 2761 1540 2793 1519
1556 2751 1650 2784 until
1665 2751 1719 2783 his
1735 2750 1853 2782 death.

1091 2797 1152 2829 See
1164 2796 1238 2829 Val.
1251 2796 1408 2828 Andreas
1418 2806 1477 2838 pp.
1492 2805 1578 2837 52-4
1588 2794 1659 2826 and
1669 2794 1712 2826 de
1722 2794 1746 2826 J
1748 2793 1851 2835 ongh.

1092 2841 1134 2872 In
1158 2850 1242 2881 1524
1262 2840 1304 2872 he
1325 2850 1395 2871 was
1415 2838 1608 2881 appointed
1628 2837 1854 2879 temporarily

1092 2887 1129 2915 to
1156 2883 1301 2915 sueceed
1329 2882 1437 2915 Hulst
1465 2882 1545 2923 (Ep.
1579 2890 1672 2922 1345.
1704 2882 1785 2921 39n)
1814 2890 1852 2912 as

1091 2927 1285 2969 Inquisitor
1298 2926 1436 2967 (Henne
1450 2926 1497 2957 iv.
1515 2926 1605 2965 315).

1137 2982 1207 3012 139.
1235 2968 1444 3008 Bucentam]
1483 2969 1579 3000 Vinc.
1625 2966 1827 2999 Theodoriei
1842 2980 1850 3003 ;

1089 3024 1145 3046 see
1157 3015 1222 3056 Ep.
1239 3023 1251 3045 1
1262 3015 1323 3052 196
1332 3012 1463 3045 introd.
