2012 3370
146 141 269 193 1406]
604 140 762 182 FROM
793 142 948 182 OTHO
978 143 1280 184 BRUNFELS
1663 145 1741 184 373

143 253 329 304 palmam
365 252 679 305 praeripiebant
714 252 806 298 tibi,
844 253 932 292 siue
968 255 1210 305 arrogantia
1245 255 1333 293 siue
1370 254 1615 293 muneribus
1650 255 1740 294 siue

140 307 303 346 inuidia
326 307 532 354 deuictus,
558 311 781 358 corruptus
805 311 849 346 et
872 312 1120 347 occoecatus
1145 309 1212 355 sis,
1236 308 1353 360 quod
1372 309 1525 347 volunt
1548 309 1739 360 quidam,

144 374 220 412 pro
250 362 386 401 veteri
415 361 537 401 melle
567 361 634 400 vel
664 374 761 400 cum
792 361 914 400 melle
945 376 1157 401 venenum
1187 363 1382 410 instillas,
1414 367 1465 402 vt
1493 364 1684 415 scorpius
1697 364 1741 402 in

144 417 375 456 nouissimo
402 416 595 455 aculeum
621 415 773 466 infigis.
831 416 955 463 Quod
981 418 1061 455 nisi
1087 417 1269 463 fecisses,
1298 431 1423 456 nemo
1449 431 1536 457 non
1561 418 1606 456 in
1632 418 1742 457 hanc

144 469 257 509 diem
278 470 359 509 tibi
380 473 629 522 assurgeret,
652 483 777 509 nemo
798 483 884 509 non
906 471 1287 522 congratularetur,
1309 471 1489 519 efferret,
1513 472 1745 511 celebraret

145 526 460 576 suspiceretque
479 529 536 564 te.
585 524 700 563 Dum
720 537 821 563 Vero
840 525 1022 575 ipsemet
1041 529 1189 564 notam
1210 526 1478 576 eloquentiae
1496 526 1608 565 indis
1628 531 1743 574 tuae,

145 578 248 617 dum
279 583 401 618 tuam
431 580 563 630 ipsius
592 578 769 630 gloriam
801 578 1014 626 obscuras,
1048 581 1143 630 quis
1175 580 1434 627 obseruabit‚
1468 582 1563 631 quis
1594 581 1740 620 colet?

146 633 399 673 Peccantem
425 638 468 672 te
493 634 539 672 in
564 634 751 672 animam
777 637 897 672 tuam
925 635 1020 684 quis
1045 633 1309 680 iustificabit,
1337 639 1381 673 et
1407 635 1742 674 exhonorantem

145 689 333 727 animam
354 700 475 727 suam
495 688 590 739 quis
610 687 908 727 honorificabit
929 693 944 725 ’ί

200 742 290 794 Ego
308 741 480 793 quidem
497 741 866 781 vehementissime
884 741 1006 781 doleo
1023 742 1105 781 huc
1123 742 1342 782 deuenisse
1359 755 1426 782 res
1442 747 1553 790 tuas,
1573 748 1624 782 vt
1641 744 1745 783 mihi

146 797 320 835 minimo
345 800 389 835 et
412 796 703 835 indoctissimo
728 796 1085 847 congrediendum
1110 801 1176 836 est
1199 800 1342 836 tecum
1363 811 1371 844 ;
1414 801 1457 836 et
1482 797 1633 836 vellem
1659 811 1746 837 non

145 850 293 889 datam
314 852 576 890 occasionem
596 850 700 890 mihi
720 863 850 902 quam
870 851 987 890 nulla
1007 852 1137 890 animi
1158 853 1377 902 aequitate
1396 853 1519 902 potui
1538 865 1745 892 recusare.

146 904 305 944 Vellem
330 918 416 944 non
439 905 521 944 huc
547 906 759 944 amentiae
783 905 1029 957 prolapsum
1054 919 1142 945 esse
1166 910 1210 945 te
1235 910 1297 953 vt,
1324 907 1398 957 qui
1423 906 1609 945 debebas
1633 919 1746 945 nunc

146 973 192 997 os
221 973 309 998 esse
339 960 494 999 Christi
524 963 567 998 et
596 973 673 998 vas
702 959 919 999 electionis
949 960 1065 1011 quod
1094 960 1278 1000 deferret
1307 974 1463 999 nomen
1492 961 1572 1000 Dei
1602 974 1744 1000 coram

144 1013 240 1052 filiis
256 1014 399 1060 Israel,
418 1027 560 1053 coram
576 1014 744 1065 regibus
760 1018 804 1053 et
819 1015 1081 1066 principibus
1097 1019 1141 1054 et
1158 1016 1273 1054 omni
1289 1015 1448 1066 populo
1464 1019 1614 1062 terrae,
1632 1028 1746 1054 nunc

146 1071 351 1118 patronus
391 1068 533 1107 factus
574 1082 684 1108 esses
725 1081 870 1107 eorum
913 1070 986 1120 qui
1028 1073 1190 1108 secreto
1232 1070 1405 1108 consilio
1447 1074 1746 1109 tractauerunt

145 1123 304 1173 pariter
333 1126 377 1161 et
406 1126 698 1162 conuenerunt
727 1123 930 1162 aduersus
959 1123 1192 1162 Dominum
1222 1128 1267 1163 et
1296 1124 1500 1163 aduersus
1530 1124 1745 1163 Christum

144 1177 246 1215 eius.
309 1177 361 1215 In
394 1177 585 1216 confesso
617 1181 683 1216 est
715 1179 827 1216 enim
861 1192 913 1216 ex
946 1182 1015 1217 tot
1047 1178 1244 1217 hostibus
1277 1179 1499 1230 Euangelii
1531 1180 1743 1218 neminem

146 1243 335 1282 vnquam
354 1231 450 1282 plus
469 1231 654 1270 obfuisse
674 1232 907 1283 Euangelio
926 1245 1057 1283 quam
1076 1237 1133 1279 te,
1155 1234 1229 1284 qui
1247 1234 1327 1272 etsi
1346 1234 1390 1272 in
1409 1233 1552 1285 palam
1572 1233 1745 1284 quidem

144 1298 230 1324 non
253 1286 549 1336 impugnabas,
576 1290 723 1324 tamen
748 1299 845 1324 cum
871 1287 986 1325 miris
1012 1291 1056 1326 et
1079 1287 1424 1326 inconstantibus
1447 1287 1677 1326 inuolucris
1702 1291 1747 1326 et

143 1339 410 1378 emblematis
431 1339 656 1378 confundis
677 1341 832 1387 omnia,
855 1340 958 1379 dum
979 1341 1126 1380 studes
1146 1341 1272 1380 simul
1292 1341 1593 1393 pontificatum
1614 1342 1744 1381 stabi·

143 1393 218 1432 lire
249 1397 293 1432 et
323 1394 618 1445 Euangelium,
651 1395 851 1433 nimirum
883 1396 1075 1434 triticum
1106 1400 1150 1434 et
1181 1396 1325 1446 paleas
1356 1399 1400 1434 et
1430 1409 1527 1434 011111
1559 1396 1746 1435 tenebris

142 1447 293 1487 lucem.
341 1448 452 1495 Quid
469 1448 585 1487 aliud
602 1449 691 1499 agis
708 1462 837 1500 quam
855 1449 971 1500 quod
987 1450 1031 1488 in
1049 1451 1294 1488 vniuersum
1312 1450 1525 1489 subuertis
1542 1450 1746 1501 quicquid

143 1506 271 1541 antea
296 1503 580 1549 instaurabas,
609 1503 871 1550 vindicabas,
900 1504 1132 1555 euulgabas
1154 1507 1168 1541 ’Β
1213 1517 1300 1555 qua
1326 1509 1445 1555 peste
1472 1505 1576 1556 quid
1602 1508 1746 1556 potest

144 1560 289 1595 tamen
314 1557 547 1608 Euangelio
571 1558 691 1608 peius
716 1559 972 1609 contingere,
999 1572 1095 1597 cum
1120 1559 1246 1598 hodie
1270 1559 1375 1598 nulli
1398 1560 1459 1598 rei
1483 1560 1623 1598 minus
1648 1572 1743 1598 con-

144 1612 290 1650 ueniat
313 1624 444 1662 quam
469 1611 636 1651 Christo
660 1616 705 1651 et
729 1612 884 1664 Papae,
912 1613 1075 1652 Romae
1100 1617 1144 1652 et
1169 1613 1382 1653 Ecclesiae
1407 1614 1563 1653 Christi
1584 1618 1599 1651 ⁴?
1642 1613 1745 1653 dum

143 1665 417 1718 addisetiam
439 1670 484 1705 et
505 1666 598 1713 hoc,
622 1666 738 1718 quod
760 1667 1067 1707 amarulentius
1089 1669 1254 1719 agimus
1275 1668 1501 1719 quaedam,
1526 1672 1570 1707 et
1591 1681 1644 1707 ne
1665 1669 1746 1719 ipsi

143 1720 316 1771 quidem
340 1720 517 1771 perfecti
541 1722 684 1760 simus.
739 1721 798 1760 Et
821 1722 994 1772 quidem
1017 1722 1157 1773 lepide
1180 1723 1260 1762 hoc
1284 1723 1401 1769 dicis,
1429 1736 1525 1761 cum
1550 1736 1742 1761 mansue-

144 1774 293 1813 tudine
334 1775 611 1814 tractandum
654 1788 742 1814 esse
786 1776 1067 1827 Euangelium
1088 1790 1097 1822 3
1156 1777 1231 1816 sed
1273 1790 1369 1815 cum
1411 1777 1602 1823 infirmis,
1648 1790 1744 1815 cum

141 1829 422 1868 imbecillibus
439 1830 484 1868 in
501 1829 597 1876 fide,
618 1842 714 1868 cum
733 1830 813 1868 hiis
831 1831 986 1881 quibus
1003 1830 1114 1869 lacte
1133 1844 1240 1882 opus
1257 1835 1323 1870 est
1340 1835 1384 1870 et
1403 1831 1543 1870 cibum
1563 1831 1743 1870 solidum

142 1883 250 1922 ferre
284 1897 371 1923 11011
405 1888 598 1935 possunt,
634 1897 720 1923 non
755 1898 852 1923 cum
887 1885 1189 1935 pertinacibus,
1227 1887 1461 1931 ceruicosis,
1499 1885 1743 1937 deploratis,

143 1937 390 1989 desperatis,
422 1937 675 1977 effrontibus
705 1942 750 1977 et
778 1939 1107 1978 induratissimis
1137 1940 1284 1978 scribis
1314 1944 1358 1979 et
1388 1940 1639 1986 Pharisaeis,
1672 1940 1742 1991 qui

142 1991 305 2031 habent
321 1992 483 2031 clauem
500 1994 713 2039 scientiae,
732 1996 776 2032 et
791 1997 937 2032 tamen
953 1993 1106 2033 nolunt
1121 1994 1268 2033 audire
1282 1994 1430 2045 legem,
1449 1995 1523 2045 qui
1540 1995 1747 2033 obturant

143 2060 265 2086 aures
299 2060 397 2086 suas
430 2060 483 2085 ne
517 2047 709 2086 audiant.
774 2048 916 2087 Veluti
950 2048 1066 2099 quod
1099 2049 1144 2087 in
1177 2048 1400 2099 pontifices
1434 2053 1478 2087 et
1512 2049 1743 2088 monachos

143 2101 452 2140 stomachosius
479 2101 584 2140 dicit
610 2102 823 2152 quaedam
850 2102 1076 2149 Lutherus,
1104 2103 1210 2142 nihil
1237 2103 1404 2143 crudele
1433 2108 1510 2150 est,
1540 2104 1743 2154 quoniam

144 2155 222 2194 hoc
242 2157 380 2207 poscit
398 2156 566 2195 illorum
587 2156 762 2203 duricia,
784 2157 951 2196 malicia
972 2162 1016 2196 et
1035 2157 1234 2197 vecordia
1254 2171 1261 2196 :
1299 2158 1434 2197 veluti
1454 2158 1570 2209 quod
1591 2162 1635 2197 et
1653 2159 1743 2209 ipse

142 2211 187 2248 in
212 2214 255 2249 tc
280 2223 450 2261 quoque
475 2223 588 2249 nunc
613 2210 782 2250 liberior
807 2224 914 2250 sum.
969 2211 1036 2251 Sic
1063 2212 1176 2252 malo
1200 2212 1314 2252 nodo
1340 2212 1477 2251 malus
1502 2212 1743 2263 querendus

142 2268 207 2303 est
232 2277 402 2304 cuneus.
458 2264 581 2312 Quod
605 2278 705 2304 vero
730 2270 774 2305 et
797 2279 875 2305 nos
899 2270 1143 2317 peccatores
1167 2280 1354 2313 accusas,
1380 2280 1467 2305 non
1491 2267 1616 2305 video
1641 2266 1745 2317 quid

140 2318 273 2358 faciat
298 2319 354 2358 ad
378 2332 480 2367 rem,
508 2332 604 2358 cum
630 2333 755 2359 nemo
781 2322 915 2371 possit
940 2322 1083 2360 viuere
1109 2321 1270 2372 absque
1296 2326 1485 2372 peccato.
1541 2321 1742 2372 Magnum

141 2378 207 2413 est
224 2373 340 2425 quod
357 2378 534 2425 peccata
550 2379 698 2414 nostra
714 2375 838 2414 nobis
854 2388 941 2415 non
957 2375 1129 2426 placent
1148 2389 1156 2414 :
1192 2377 1390 2415 dabimus
1407 2380 1553 2414 tamen
1571 2388 1743 2426 operam

142 2441 194 2466 ne
214 2428 323 2467 tales
342 2429 474 2467 simus
493 2428 640 2480 quales
660 2433 708 2468 tu
730 2443 806 2468 nos
826 2429 962 2482 fingis.

197 2482 314 2522 Haec
335 2483 387 2521 de
408 2484 572 2522 ratione
593 2496 688 2522 mea
709 2484 858 2531 obiter,
881 2497 1130 2535 quanquam
1151 2485 1386 2524 consultius
1405 2488 1498 2523 erat
1518 2485 1552 2522 si
1574 2496 1744 2534 prorsus

142 2538 489 2588 contempsissem
510 2551 517 2576 :
557 2551 657 2576 nam
681 2538 785 2588 quid
807 2538 1016 2577 debebam
1040 2539 1293 2585 adblandiri,
1318 2540 1391 2589 qui
1414 2539 1493 2577 1100
1517 2538 1744 2577 merebaris

143 2590 222 2629 hac
251 2591 340 2629 sola
368 2591 565 2642 Spongia,
596 2596 646 2630 vt
674 2594 785 2631 sicut
812 2597 889 2631 tuo
918 2593 1051 2632 ductu
1081 2595 1265 2643 primum
1295 2593 1536 2632 didicerunt
1563 2592 1744 2631 scribere

143 2644 355 2691 Germani,
377 2646 440 2683 ita
459 2658 572 2684 nunc
593 2647 798 2697 gregatim
820 2651 864 2685 et
885 2648 1135 2698 agminatim
1155 2649 1200 2686 in
1220 2647 1468 2698 pestiferum
1491 2648 1741 2698 magistrum

142 2698 304 2749 gladios
328 2704 570 2738 exacuant?
603 2700 787 2739 Paruam
811 2702 923 2739 enim
947 2714 1034 2739 rem
1059 2715 1147 2740 esse
1171 2707 1299 2753 putas
1322 2703 1381 2740 sic
1405 2702 1673 2752 tergiuersari
1696 2705 1739 2739 et-

142 2754 285 2792 animo
305 2753 463 2804 duplici
483 2767 584 2800 esse,
605 2755 650 2792 in
670 2756 860 2805 vtrisque
880 2755 1078 2802 humeris,
1100 2756 1216 2806 quod
1236 2757 1371 2802 aiunt,
1392 2760 1557 2806 gestare
1579 2761 1594 2792 ¹!
1644 2755 1684 2794 N
1687 2768 1741 2794 011

191 2834 261 2866 171.
288 2826 333 2857 B:
357 2824 530 2855 nouisimo
547 2836 577 2854 (ι.
838 2835 915 2865 204.
942 2825 1033 2856 nodo
1049 2828 1090 2860 13:
1118 2826 1222 2858 modo
1239 2838 1271 2858 (ι.
1497 2834 1571 2865 209.
1598 2829 1680 2858 rone
1698 2828 1743 2861 αΒ

142 2868 307 2908 (ratione)
324 2878 330 2898 :
362 2868 584 2909 responsione
605 2868 755 2908 Bo'ckc'ny
771 2869 819 2908 (H
823 2869 862 2899 Ε.
881 2878 897 2909 3
905 2871 959 2909 34)
974 2879 1160 2909 perperam.

194 2951 266 2990 178.
289 2950 358 2991 est]
375 2950 531 2992 Bccking
544 2951 684 2984 omends
698 2955 735 2985 to
747 2952 790 2983 sil
805 2963 811 2983 :
839 2952 904 2984 but
1018 2961 1091 2983 211.
1120 2954 1183 2984 tuo
1205 2951 1330 2992 ductu]
1347 2950 1398 2985 Cf.
1416 2951 1506 2995 Epp.
1526 2960 1622 2992 1342.
1639 2961 1741 2991 99011,

142 2993 197 3026 101·
211 2994 347 3026 similar
362 2995 619 3027 constructions
631 2995 674 3027 cf.
688 2995 723 3027 ll.
738 2996 813 3037 258,
827 3004 902 3035 274.
977 2998 1071 3036 1306.
1092 3004 1167 3035 13n‚
1187 2999 1299 3035 14432.
1317 3004 1379 3036 2—3
1394 3008 1402 3033 ;
1428 2996 1498 3029 and
1514 2996 1591 3028 Am.
1612 2995 1651 3028 E.
1675 2996 1726 3028 18.

191 3039 260 3077 198.
287 3036 488 3079 deploratis]
505 3038 555 3070 Cf.
575 3038 639 3079 Ep.
658 3048 733 3078 994.
753 3048 803 3070 21.
1021 3050 1091 3082 214.
1117 3040 1152 3071 in
1172 3038 1341 3080 virisque]
1360 3039 1411 3072 Cf.
1431 3039 1539 3080 Adaq.
1562 3042 1658 3080 2554.

1767 381 1827 414 170

1766 652 1823 686 175

1769 917 1830 948 180

1768 1189 1825 1228 185

1769 1468 1830 1500 190

1769 1739 1826 1773 195

1765 2012 1829 2034 200

1764 2283 1825 2316 205

1763 2556 1828 2578 210
