2012 3370
236 140 315 180 310
712 139 965 178 LETTERS
997 140 1068 179 OF
1099 140 1361 180 ERASMUS
1713 143 1837 192 [1523

315 262 532 292 ERASMVS
565 263 668 292 ROT.
705 261 1046 292 ERVDITISSIMO
1076 262 1286 293 VLRICHO
1320 264 1590 301 ZVVINGLIO,
1625 264 1750 293 APVD

381 320 629 350 INCLYTAM
674 319 1019 349 HELVETIORVM
1063 321 1322 352 CIVITATEM
1368 322 1683 352 THVRREGIVM

785 377 1156 417 CONCIONATORI,
1191 379 1227 409 S.
1251 380 1295 410 D.

292 441 505 486 QVOMAM
539 438 680 477 isthuc
715 439 898 489 primum
934 439 1031 479 hinc
1067 440 1244 479 allatum
1280 446 1345 480 est
1380 454 1604 487 venenum,
1641 441 1835 493 Zuuingli

236 494 490 540 doctissime,
519 492 659 531 visum
687 496 752 532 est
779 494 1002 533 conuenire
1029 498 1079 533 vt
1105 495 1252 534 eodem
1280 496 1465 547 primum
1491 496 1573 534 iret
1600 495 1834 542 antidotus,

235 561 321 586 non
352 546 469 598 quod
500 551 690 586 metuam
723 560 775 586 ne
808 547 924 598 apud
954 552 998 588 te
1031 553 1107 588 aut
1138 549 1244 589 vllos
1277 550 1473 589 cordatos
1505 550 1618 588 viros
1649 549 1836 589 laederet

235 602 593 641 existimationem
630 614 769 641 meam
806 601 1043 642 Huttenica
1079 604 1330 652 criminatio,
1368 604 1442 643 sed
1478 608 1528 642 vt
1564 604 1628 642 his
1665 617 1835 655 quoque

201 671 216 704 5
236 656 423 696 mederer
444 656 518 707 qui
540 656 609 695 vel
630 656 734 695 mihi
756 669 906 708 parum
930 662 1031 697 sunt
1053 659 1190 709 aequi,
1214 659 1281 698 vel
1304 664 1482 698 naturae
1506 659 1611 697 vitio
1634 658 1834 698 libentius

233 724 283 749 ca
307 710 485 750 credunt
508 723 618 762 quae
641 710 818 750 laedunt
840 711 1000 751 famam
1024 713 1206 752 hominis
1230 726 1358 764 quam
1383 726 1493 764 quae
1517 713 1831 752 commendant.

235 765 336 812 Quis
365 766 477 804 enim
505 766 571 804 vir
598 765 734 805 bonus
762 770 839 805 aut
866 766 1065 806 cordatus
1092 780 1179 806 non
1206 768 1442 807 detestetur
1469 768 1549 807 hoc
1577 767 1832 819 exemplum,

233 819 350 871 quod
376 819 608 866 Huttenus,
636 833 713 859 nec
739 820 869 859 verbo
895 834 971 860 nec
997 821 1112 860 facto
1139 835 1328 873 vnquam
1354 822 1491 861 laesus
1518 835 1543 861 a
1568 835 1649 869 me,
1677 822 1751 861 sed
1776 822 1835 861 sic

233 874 361 913 toties
385 874 515 913 etiam
541 874 691 913 aeditis
715 874 1002 914 voluminibus
1028 889 1052 914 a
1076 889 1143 915 me
1167 876 1449 927 praedicatus,
1475 880 1526 916 vt
1548 889 1673 916 nemo
1697 889 1834 928 neque

180 941 219 965 10
234 929 454 980 benignius
489 932 565 967 aut
599 928 818 967 candidius
852 943 988 980 neque
1023 930 1220 977 crebrius,
1255 931 1383 970 toties
1417 931 1520 970 meis
1553 931 1685 970 literis
1719 930 1834 982 apud

233 983 436 1034 primates
456 983 568 1021 viros
588 983 923 1030 commendatus,
945 984 1087 1023 subito
1107 985 1226 1023 velut
1245 998 1297 1023 ex
1316 985 1477 1023 insidiis
1497 985 1625 1024 talem
1646 985 1833 1024 libellum

233 1037 373 1076 emisit
400 1038 443 1075 in
473 1037 669 1083 amicum,
700 1038 829 1077 etiam
859 1042 952 1077 tum
982 1038 1277 1078 candidissime
1306 1044 1435 1090 atque
1464 1040 1753 1079 amantissime
1781 1040 1834 1079 de

232 1092 324 1142 ipso
368 1091 699 1142 praedicantem,
745 1105 878 1142 quum
922 1093 1007 1131 ista
1050 1093 1263 1140 scriberet,
1309 1093 1414 1132 nihil
1457 1095 1647 1133 omnium
1692 1095 1832 1133 minus

233 1145 519 1196 suspicantem
548 1158 678 1197 quam
707 1150 757 1184 vt
785 1146 839 1185 ab
869 1146 1065 1186 Hutteno
1093 1152 1336 1187 nasceretur
1364 1148 1525 1199 aliquid
1552 1148 1794 1200 tragoediae
1815 1154 1831 1187 Υ

177 1212 212 1244 15
235 1199 346 1247 Quid
374 1200 605 1251 excogitari
633 1201 778 1251 potuit
806 1200 981 1240 alienius
1011 1202 1065 1240 ab
1095 1203 1211 1241 omni
1239 1202 1508 1242 humanitate
1536 1202 1703 1254 fideque
1733 1202 1831 1242 Ger-

233 1254 412 1301 manica,
432 1254 537 1305 quid
555 1255 746 1305 optatius
765 1259 842 1294 aut
860 1256 1020 1307 gratius
1040 1256 1247 1296 bonarum
1265 1257 1483 1296 literarum
1502 1257 1709 1304 hostibus,
1729 1257 1833 1309 quid

231 1309 332 1359 ipsis
369 1308 491 1347 bonis
526 1308 657 1348 literis
693 1310 1015 1357 incommodius,
1054 1311 1157 1362 quid
1194 1311 1450 1363 Euangelico
1486 1312 1659 1363 negocio
1696 1312 1831 1363 perni-

231 1363 395 1409 ciosius,
417 1367 505 1409 aut,
526 1363 560 1401 si
577 1363 694 1410 libet,
715 1364 844 1403 etiam
863 1364 1121 1412 Lutherano,
1142 1366 1209 1405 cui
1227 1379 1269 1405 se
1287 1367 1422 1405 iactat
1438 1366 1581 1405 fauere
1602 1370 1618 1405 ‘3
1665 1365 1830 1405 Bellum

230 1417 444 1456 indixerat
472 1417 825 1465 Romanensibus,
855 1423 899 1458 et
927 1420 1109 1458 amicum
1138 1421 1428 1471 syncerissime
1456 1424 1685 1467 amantem,
1715 1420 1832 1459 nulla

172 1484 215 1506 20
232 1471 572 1522 expostulatione
606 1473 850 1523 praemissa,
886 1478 977 1512 tam
1013 1475 1278 1513 amarulento
1312 1474 1452 1514 libello
1486 1475 1830 1526 inexpectantem

231 1525 486 1577 aggreditur,
531 1530 581 1564 vt
623 1527 667 1564 in
710 1527 873 1566 nullum
917 1528 1083 1567 hostem
1127 1529 1266 1568 adhuc
1310 1530 1522 1580 scripserit
1565 1529 1831 1568 virulentius.

231 1580 290 1619 Et
306 1580 476 1619 interim
495 1581 629 1627 auxit,
650 1585 699 1619 vt
717 1581 857 1628 audio,
876 1582 1078 1630 libellum,
1098 1584 1220 1634 quasi
1237 1596 1389 1634 parum
1406 1584 1466 1622 ibi
1483 1583 1634 1623 fuisset
1651 1585 1803 1623 veneni
1824 1597 1832 1631 3

230 1647 306 1674 nec
344 1634 514 1673 videtur
552 1647 742 1686 vnquam
779 1635 971 1675 facturus
1008 1636 1149 1684 finem,
1189 1642 1469 1689 posteaquam
1508 1638 1636 1677 semel
1674 1638 1830 1678 bellum

229 1688 386 1727 indixit
407 1693 451 1727 et
472 1688 602 1727 Musis
625 1693 669 1728 et
691 1689 861 1729 Gratiis.

171 1754 209 1786 25
286 1742 496 1793 Equidem
528 1756 615 1782 non
645 1744 815 1783 inuideo
847 1744 907 1782 illi
940 1745 1235 1784 Heluetiorum
1268 1746 1594 1793 humanitatem,
1628 1747 1702 1797 qui
1734 1761 1829 1786 con-

231 1797 388 1836 cedunt
407 1796 605 1844 latebras,
627 1811 712 1848 quo
732 1803 853 1837 tutus
874 1800 930 1838 sit
948 1800 1117 1838 interim
1139 1800 1192 1839 ab
1213 1800 1277 1839 his
1297 1801 1371 1852 qui
1394 1806 1606 1840 venantur
1630 1801 1749 1840 illum
1776 1801 1831 1841 ad

230 1851 496 1902 supplicium.
556 1851 638 1891 Sed
655 1856 801 1891 tamen
823 1854 1057 1892 curandum
1076 1859 1140 1894 est
1159 1868 1211 1893 ne
1232 1856 1290 1894 sic
1310 1855 1516 1894 abutatur
1535 1855 1830 1895 Heluetiorum

231 1906 512 1951 humanitate,
544 1910 594 1944 vt
624 1907 739 1957 apud
769 1921 839 1946 eos
869 1912 966 1947 tuto
996 1908 1172 1947 latitans
1202 1909 1308 1948 tales
1337 1909 1499 1948 libellos
1529 1910 1760 1949 eiaculetur
1788 1911 1831 1949 in

231 1960 374 2011 capita
397 1960 684 2010 quorumlibet
707 1961 759 2000 de
783 1962 935 2001 studiis
958 1963 1137 2014 publicis
1161 1963 1535 2011 benemerentium,
1560 1964 1730 2004 interim
1753 1978 1830 2004 nec

171 2025 212 2056 30
231 2014 427 2053 Pontifici
458 2027 647 2065 parcens,
680 2029 756 2054 nec
789 2016 968 2064 Caesari,
1001 2031 1077 2056 nec
1110 2017 1360 2058 Germaniae
1391 2019 1664 2070 principibus,
1698 2032 1746 2058 ac
1777 2033 1831 2058 ne

231 2068 454 2107 Heluetiae
487 2069 659 2119 quidem
693 2071 830 2120 gentis
862 2072 1141 2123 integerrimis
1175 2073 1303 2119 viris3
1354 2085 1535 2124 quorum
1569 2073 1622 2112 de
1653 2086 1830 2112 numero

230 2127 295 2161 est
342 2122 580 2161 Lodouicus
629 2123 775 2163 Berus.
834 2125 952 2165 Haec
1000 2127 1203 2177 quoniam
1251 2127 1398 2166 scribit
1445 2127 1561 2179 apud
1609 2127 1830 2167 Heluetios

230 2176 418 2223 latitanS,
442 2177 719 2216 metuendum
742 2182 807 2217 est-
827 2192 880 2218 ne
901 2180 1005 2230 quid
1027 2181 1124 2220 hinc
1146 2181 1246 2219 olim
1267 2181 1453 2221 inuidiae
1476 2186 1552 2221 aut
1572 2182 1831 2221 incommodi

230 2231 451 2282 perueniat
478 2230 533 2269 ad
559 2231 668 2270 hanc
696 2237 894 2283 gentem;
938 2247 1067 2284 quam
1095 2239 1294 2286 opta-mus
1322 2236 1493 2286 publica
1518 2236 1829 2287 tranquillitate

274 2372 303 2403 8.
331 2380 393 2401 nec
413 2370 535 2410 verbo]
554 2370 604 2404 Cf.
625 2371 691 2413 Ep.
715 2381 808 2414 1379.
828 2376 859 2405 6.
1107 2383 1226 2413 29*3o.
1252 2385 1316 2406 nec
1329 2375 1506 2414 Pontifici]
1519 2375 1567 2408 Cf.
1583 2377 1647 2418 Ep.
1666 2386 1759 2418 1379.
1779 2386 1829 2409 11.

276 2423 326 2446 11.
352 2413 633 2454 commendatus]
685 2415 735 2448 Cf.
784 2416 848 2458 Ep.
900 2419 994 2458 1376.
1108 2428 1158 2459 32.
1186 2417 1310 2456 Berus]
1341 2419 1395 2450 He
1424 2419 1494 2450 and
1523 2419 1618 2451 John
1647 2420 1829 2458 Gebwsser,

232 2464 309 2488 20n.
1061 2471 1175 2493 canon
1191 2461 1227 2493 of
1243 2462 1344 2493 Basle
1361 2462 1560 2498 Cathedral.
1576 2473 1635 2494 are
1650 2463 1830 2496 described

277 2511 326 2542 15.
354 2500 492 2542 fideque
509 2501 731 2541 Germanica]
744 2503 794 2535 Cf.
810 2503 874 2544 Ep.
898 2513 991 2545 1225.
1062 2505 1100 2536 in
1118 2505 1178 2536 the
1195 2504 1430 2545 Expostulatio
1449 2505 1539 2545 (HE.
1563 2515 1639 2546 310,
1658 2507 1674 2547 ξ
1696 2509 1772 2547 139)
1789 2518 1828 2539 as

232 2547 333 2584 361n.
1065 2546 1074 2561 ‘
1088 2548 1176 2579 duas
1190 2547 1386 2580 exitiabiles
1402 2549 1559 2580 Basileae
1574 2552 1701 2591 pestes,
1717 2551 1831 2582 auari—

276 2598 326 2629 17.
353 2587 579 2629 Euangelico]
596 2589 646 2621 Cf.
665 2589 730 2630 Ep.
752 2599 846 2631 1379.
869 2594 919 2623 16.
1063 2591 1115 2623 tia
1157 2591 1324 2633 perditos,
1372 2592 1566 2624 ambitione
1615 2597 1827 2626 occoecatos.

274 2641 327 2663 20.
353 2631 650 2673 expostulatione]
691 2633 741 2665 Cf.
784 2634 850 2675 Ep.
899 2636 994 2676 1356.
1062 2635 1320 2667 curtisanorum
1356 2636 1564 2674 teterrimOS,
1597 2639 1634 2668 et
1670 2637 1730 2678 qui
1766 2637 1830 2670 soli

229 2675 309 2713 6311.
1060 2677 1098 2709 in
1137 2688 1178 2710 ea
1217 2678 1302 2710 vrbe
1341 2679 1603 2711 renascentibus
1640 2679 1751 2712 literis
1789 2690 1830 2713 ac

317 2717 617 2759 inexpectantem]
629 2719 678 2751 Of.
693 2719 758 2761 Ep.
773 2722 867 2760 1306.
885 2728 961 2752 12n.
1062 2722 1319 2763 emergentibus
1346 2722 1518 2754 bonarum
1545 2722 1675 2754 attium
1703 2723 1831 2756 studiis

276 2770 326 2792 22.
354 2760 468 2801 auxit]
495 2761 564 2793 For
588 2762 659 2793 this
685 2766 803 2803 report
829 2763 996 2796 Erasmus
1061 2765 1336 2805 pertinacissime
1388 2766 1449 2798 diu
1493 2766 1565 2797 iam
1612 2765 1789 2798 obsistunt
1804 2767 1825 2798 ⁹.

230 2801 301 2834 had
331 2803 391 2834 the
424 2804 606 2847 authority
638 2805 674 2837 of
707 2806 997 2848 Oecolampadius
1061 2808 1159 2849 They
1183 2808 1255 2840 had
1279 2809 1367 2841 been
1392 2820 1477 2850 very
1501 2809 1618 2841 active
1640 2809 1677 2840 in
1702 2809 1827 2842 endea-

231 2846 311 2887 (Ep.
333 2849 426 2886 1384.
452 2850 566 2890 76-7),
584 2847 662 2881 who
681 2859 750 2881 was
770 2850 805 2881 in
826 2850 996 2883 Hutten's
1062 2852 1209 2893 vouring
1244 2855 1282 2884 to
1315 2852 1472 2893 prohibit
1506 2852 1566 2884 the
1599 2852 1756 2894 printing
1791 2853 1827 2886 of

230 2888 428 2921 confidence
457 2891 537 2933 (Ep.
571 2894 666 2933 1376.
699 2895 805 2934 30n):
848 2893 892 2926 cf.
922 2893 996 2926 also
1060 2893 1223 2927 Luther’s
1247 2895 1357 2928 books
1378 2896 1415 2927 in
1440 2895 1564 2927 Basle:
1600 2905 1656 2926 see
1679 2905 1701 2926 a
1721 2896 1829 2928 letter

230 2932 296 2974 Ep.
316 2934 410 2972 1389.
429 2941 447 2962 2
451 2943 481 2974 5.
1060 2937 1096 2969 of
1114 2937 1319 2976 Cratander,
1341 2948 1381 2979 13
1400 2938 1489 2970 Nov.
1514 2947 1598 2979 1520
1618 2938 1734 2977 (Baelo
1753 2939 1825 2973 MS.

274 2978 327 3008 26.
353 2975 519 3015 latebras]
537 2977 587 3009 Cf.
608 2978 672 3018 Ep.
695 2981 789 3019 1376.
811 2987 888 3018 3011.
1061 2980 1101 3013 G.
1119 2981 1167 3012 II.
1185 2991 1238 3019 29.
1257 2984 1324 3022 71).

275 3027 326 3058 27.
354 3016 538 3057 abutatur]
555 3020 604 3052 Cf.
623 3020 687 3060 Ep.
709 3032 802 3064 1379.
824 3030 874 3064 14.
1106 3034 1157 3065 34.
1185 3024 1228 3055 ad
1242 3024 1332 3055 hanc
1344 3023 1498 3065 gentem]
1512 3024 1561 3056 Cf.
1576 3024 1640 3065 Ep.
1657 3033 1752 3066 1379.
1771 3027 1821 3059 18.
