2012 3370
125 149 246 197 1353]
647 147 719 187 TO
749 147 969 186 ULRICH
1000 146 1195 187 ZASIUS
1640 146 1718 183 269

120 256 199 294 nisi
222 257 286 294 vir
306 257 493 307 optimus
512 255 724 301 Nicolausâ€š
749 256 934 293 decanus
957 258 1002 294 et
1028 254 1215 293 officialis
1238 254 1436 305 Episcopi
1462 253 1717 298 Basiliensis,

122 309 225 348 mihi
255 312 431 349 tertium
461 311 546 349 iam
578 323 654 348 vas
684 310 772 348 vini
804 309 1090 360 Burgundiaci
1122 309 1320 347 dedisset.
1380 308 1441 346 Ac
1472 307 1622 345 fefellit
1653 319 1719 344 me

121 363 303 403 hominis
328 365 580 415 benignitas.
635 363 825 402 Primum
851 377 928 402 vas
952 365 1042 414 ipse
1068 364 1254 409 miserat,
1281 363 1325 401 id
1351 362 1605 401 donatiuum
1631 373 1720 398 esse

121 417 271 457 voluit.
324 418 375 457 Id
398 431 546 470 passus
568 431 675 464 sum,
697 419 899 468 quonjam
923 418 1223 456 existimabam
1247 430 1313 455 me
1334 420 1508 455 tantum
1532 416 1719 466 benigni-

120 473 224 511 tatis
247 472 315 511 vel
337 474 543 512 sustinere
565 485 687 523 posse
709 472 777 510 vel
800 485 1013 523 reponere.
1066 472 1197 510 Iussit
1219 471 1401 510 alterum
1424 470 1579 509 aduehi
1601 469 1721 508 velut

121 526 325 566 soluturo.
386 527 467 565 Vbi
498 528 630 573 venit,
659 527 805 565 reiecit
835 527 1036 577 precium.
1099 526 1285 564 Rursum
1318 538 1414 564 cum
1446 525 1623 563 sentiret
1653 537 1720 561 me

120 581 361 631 periclitari,
384 582 550 620 curauit
567 580 865 619 aduehendum
883 581 1072 619 tertium.
1121 580 1268 619 Obtuli
1286 592 1515 617 oeconomo
1533 579 1720 629 precium

121 639 353 686 antequam
380 635 517 674 abiret
542 636 747 681 nuntius3
790 634 1011 685 respondit
1036 634 1080 672 id
1109 633 1211 679 fore,
1240 634 1314 671 vbi
1344 634 1492 671 vinum
1519 634 1717 671 venisset.

121 688 203 727 Vbi
226 691 357 736 venit,
383 689 567 728 conabar
590 688 817 727 obtrudere
839 690 1027 739 precium
1050 701 1127 738 pro
1150 688 1331 726 duobus.
1383 687 1441 725 At
1464 687 1519 725 ab
1541 687 1612 725 illo
1636 699 1721 725 non

121 744 290 793 quitum
313 748 379 782 est
398 744 618 794 impetrari
640 747 690 781 vt
711 743 779 781 vel
800 744 1041 781 teruncium
1064 743 1287 792 acciperet.
1340 740 1495 791 Itaque
1518 754 1584 779 me
1606 753 1720 778 noua

120 800 164 835 et
183 797 400 848 insperata
421 797 659 848 benignitas
680 797 862 836 hominis
883 809 981 848 erga
1002 809 1068 834 me
1089 796 1194 834 nihil
1215 800 1525 846 promerentem
1548 808 1719 845 magno-

121 864 217 901 pere
237 851 448 890 solicitum
466 851 583 898 facit,
605 864 690 902 qua
708 853 873 890 ratione
892 852 1050 902 possim
1069 851 1203 889 tantis
1224 849 1435 888 beneficiis
1454 849 1719 900 respondere.

123 905 246 952 Quod
268 907 303 945 si
325 906 523 945 iudicatis
544 907 746 945 interesse
768 906 1007 945 studiorum
1031 910 1081 944 vt
1104 906 1226 943 viuat
1250 904 1465 950 Erasmus,
1491 905 1525 942 si
1548 916 1634 941 non
1657 908 1721 941 est

124 962 292 1010 ingrata
311 960 415 999 haee
435 973 530 999 mea
548 960 664 1011 apud
684 973 760 999 vos
781 973 912 1006 mora,
934 960 1099 998 debetis
1119 964 1163 998 et
1183 972 1259 997 vos
1278 959 1439 997 Decani
1459 957 1718 996 liberalitati.

121 1014 281 1052 Malum
309 1014 388 1053 hoc
417 1018 481 1053 est
508 1014 830 1061 immedicabile,
861 1015 934 1053 sed
963 1027 1059 1053 cum
1088 1017 1231 1052 aetate
1259 1026 1424 1063 semper
1450 1013 1720 1063 ingrauescit.

122 1068 249 1106 Varia
263 1072 364 1107 sunt
379 1068 637 1107 medicorum
652 1069 851 1107 remedia.
896 1068 1008 1106 Illud
1022 1070 1115 1119 ipsa
1130 1081 1197 1106 me
1212 1067 1337 1106 docet
1351 1080 1429 1113 res,
1446 1068 1721 1118 praecipuum

122 1122 222 1161 mali
253 1123 510 1173 praesidium
541 1137 629 1162 esse
661 1137 686 1162 a
717 1124 830 1170 vino,
864 1127 907 1161 et
937 1123 1016 1161 hoc
1048 1123 1218 1161 nomine
1248 1121 1435 1160 foelicior
1473 1125 1538 1159 est
1570 1120 1718 1159 Gallia.

122 1176 289 1215 Partiar
325 1181 470 1216 tamen
506 1191 573 1216 me
609 1177 777 1216 duabus
812 1177 1071 1216 nationibus.
1137 1177 1316 1214 Animus
1353 1176 1569 1214 habitabit
1605 1174 1720 1225 apud

122 1229 367 1277 Germanos,
408 1245 559 1282 corpus
597 1232 712 1283 apud
751 1231 906 1270 Gallos.
974 1232 1125 1270 Neutri
1164 1231 1285 1269 alteri
1323 1230 1583 1276 inuidebitis,
1624 1242 1718 1268 cum

121 1286 261 1335 ipsum
281 1286 411 1324 etiam
432 1285 687 1324 vocabulum
707 1290 889 1324 testetur
909 1299 985 1324 vos
1003 1287 1114 1324 inter
1134 1298 1210 1323 vos
1230 1298 1317 1323 esse
1336 1284 1502 1322 fratres.

178 1338 317 1386 Quum
339 1339 465 1378 isthic
488 1353 634 1386 essem,
659 1340 898 1390 excipiebas
921 1339 1067 1378 annuli
1089 1340 1171 1377 mei
1194 1340 1374 1389 signum,
1399 1352 1451 1376 ex
1474 1351 1559 1389 quo
1581 1338 1721 1376 nescio

122 1393 225 1443 quid
252 1393 416 1440 ariolor,
445 1397 488 1432 te
514 1398 660 1432 nostra
685 1395 866 1444 insignia
892 1393 1062 1444 depicta
1089 1393 1195 1431 Velle
1222 1392 1377 1431 alicubi
1403 1392 1541 1443 figere.
1599 1391 1721 1438 Quod

123 1448 157 1485 si
201 1451 315 1486 recte
353 1447 512 1493 diuino,
552 1461 709 1498 quaeso
754 1452 809 1494 te,
858 1448 915 1485 mi
962 1448 1070 1491 Zasi,
1110 1460 1186 1497 per
1231 1447 1468 1485 amicitiam
1509 1449 1715 1491 nostram,

122 1501 312 1539 sinamus
341 1501 426 1539 ista
460 1501 654 1552 vulgaria
688 1505 732 1539 et
766 1502 904 1540 doctis
939 1502 1040 1539 viris
1070 1502 1258 1552 indigna.
1327 1500 1369 1538 Si
1403 1500 1507 1551 quid
1543 1500 1598 1538 ad
1630 1512 1719 1537 rem

121 1555 289 1594 faciunt
307 1555 502 1607 insignia,
521 1559 590 1594 sat
605 1556 836 1608 insignium
852 1568 1100 1607 expressum
1121 1556 1166 1593 in
1186 1555 1303 1592 libris
1326 1555 1443 1592 meis,
1492 1554 1720 1593 Praeterea

121 1609 251 1647 semel
272 1612 403 1660 atque
422 1611 579 1648 iterum
600 1610 682 1648 tibi
712 1611 873 1649 excidit
903 1622 1059 1648 nomen
1085 1609 1295 1660 Principis
1326 1612 1370 1647 et
1398 1609 1564 1647 Herois.
1623 1609 1721 1649 Non

122 1676 189 1702 me
227 1663 338 1715 fugit
375 1664 472 1709 ista,
514 1665 572 1703 mi
610 1665 717 1711 Zasi,
758 1678 843 1704 non
882 1665 1052 1703 aliunde
1090 1664 1297 1715 proficisci
1331 1677 1461 1714 quam
1500 1663 1721 1701 abundan-

122 1719 184 1756 tia
212 1718 399 1769 quadam
430 1720 585 1757 amoris
613 1732 711 1770 erga
743 1733 809 1757 me
838 1721 915 1757 tui.
969 1719 1051 1758 Sed
1079 1723 1226 1757 tamen
1255 1718 1384 1757 debet
1412 1722 1456 1756 et
1484 1718 1563 1756 hoc
1591 1719 1721 1768 impe-

122 1776 236 1811 trare
273 1772 350 1811 abs
387 1777 431 1811 te
469 1786 588 1812 amor
625 1775 670 1812 in
708 1786 775 1812 me
813 1778 927 1819 tuus,
968 1778 1018 1812 vt
1056 1773 1272 1812 abstineas
1310 1773 1365 1810 ab
1404 1772 1469 1811 his
1507 1785 1616 1822 quae
1655 1771 1722 1809 vel

122 1826 345 1865 ridiculum
378 1827 613 1878 praebeant
645 1827 712 1866 vel
744 1828 1002 1866 inuidiosum
1035 1827 1218 1865 reddant
1251 1828 1448 1865 amicum.
1511 1825 1723 1877 Impetrat

123 1880 202 1919 hoc
229 1894 348 1919 amor
373 1894 399 1920 a
424 1882 673 1932 parentibus
699 1886 749 1921 vt
775 1883 908 1921 amori
935 1895 1011 1920 suo
1037 1885 1290 1932 temperent,
1318 1894 1395 1919 nec
1422 1880 1608 1926 affectui,
1637 1893 1722 1930 quo

120 1934 316 1974 feruntur
334 1936 379 1974 in
399 1935 546 1982 filium,
568 1936 829 1987 indulgeant,
852 1950 904 1975 ne
925 1940 1221 1987 corrumpatur
1242 1948 1384 1973 amore
1404 1948 1531 1985 quem
1553 1939 1723 1985 oportet

122 1991 350 2028 seueritate
387 1991 549 2041 corrigi.
615 1990 874 2041 Iampridem
910 1991 1048 2029 rideor
1084 1994 1128 2029 et
1163 1990 1364 2028 traducor
1399 1990 1510 2028 inter
1546 1994 1723 2027 nasutos

123 2043 203 2081 Ter
224 2043 450 2083 Maximus.
502 2044 615 2084 Satis
638 2050 702 2083 est
725 2045 817 2091 hoc,
842 2046 972 2083 etiam
995 2046 1029 2083 si
1052 2058 1137 2083 non
1159 2044 1298 2082 ridear
1320 2043 1498 2095 posthac
1522 2043 1723 2094 Princeps

122 2097 370 2137 Studiorum
395 2103 439 2137 et
464 2098 613 2137 Heros.
668 2099 758 2150 Ego
783 2099 1016 2150 quantulus
1041 2098 1275 2150 quantulus
1300 2111 1407 2145 sum,
1434 2097 1580 2136 sedulo
1605 2111 1721 2149 prae-

122 2152 247 2190 stabo
275 2152 391 2202 quod
419 2157 581 2203 potero.
639 2153 730 2192 Ista
758 2153 982 2205 magnifica
1010 2154 1184 2192 nomina
1210 2154 1255 2192 in
1283 2157 1326 2191 te
1355 2156 1619 2203 competunt,
1650 2153 1723 2202 qui

121 2207 181 2244 sic
201 2208 316 2245 omni
335 2219 484 2257 genere
503 2207 722 2246 literarum
742 2212 919 2247 ornatus
938 2221 994 2255 es,
1015 2208 1211 2246 excultus
1230 2212 1274 2246 et
1294 2207 1528 2253 absolutus,
1551 2211 1600 2245 vt
1620 2206 1724 2244 nihil

122 2264 271 2311 putem
291 2260 434 2300 deesse
453 2261 508 2300 ad
529 2274 739 2301 summam
764 2262 1054 2308 foelicitatem,
1081 2263 1161 2301 nisi
1186 2262 1302 2313 quod
1327 2261 1407 2300 tibi
1432 2274 1518 2299 non
1544 2262 1723 2311 contigit

124 2316 167 2353 in
197 2315 348 2354 celebri
371 2316 574 2366 quapiam
604 2317 708 2355 vrbe
737 2317 953 2367 nobilique
979 2317 1209 2356 Academia
1234 2317 1406 2355 versari.
1467 2315 1721 2365 Quanquam

123 2369 365 2420 vbicunque
392 2370 537 2409 Zasius
564 2376 641 2418 est,
670 2372 756 2409 suis
781 2371 955 2410 dotibus
982 2385 1160 2422 magnus
1187 2375 1264 2409 est.
1321 2370 1470 2408 Refert
1496 2375 1640 2408 tamen
1668 2369 1721 2406 ad

121 2422 310 2474 gloriam,
333 2424 587 2475 dignitatem
608 2430 652 2465 et
672 2439 772 2477 opes
792 2426 1017 2477 parandas,
1040 2426 1219 2464 Athenis
1239 2438 1340 2476 agas
1360 2437 1415 2462 an
1436 2424 1612 2474 Seriphi.

168 2511 241 2548 256.
268 2509 322 2539 vir
339 2521 384 2550 Î³Îµ
405 2509 465 2540 vix
485 2513 540 2545 Î±Î².
635 2511 842 2544 Basileensis
859 2524 890 2551 Î³.
986 2522 1058 2553 257.
1088 2521 1141 2541 me
1160 2510 1285 2542 fefellit
1303 2515 1360 2551 Ïâ€™Î³.
1467 2512 1544 2551 238.
1573 2511 1720 2542 hominis

125 2555 169 2586 (Î¹Î²
184 2565 191 2584 x
218 2553 341 2584 horum
358 2565 390 2592 Î³.
506 2557 579 2595 265.
607 2554 746 2595 quitum
764 2558 806 2588 (Î¹Î²
824 2566 830 2585 :
849 2554 944 2595 quod
959 2558 1172 2585 conuentum
1191 2568 1223 2594 Î³.
1337 2554 1517 2595 impetrari
1537 2558 1557 2587 Î²
1575 2566 1581 2584 :
1614 2554 1721 2594 impe-

125 2598 258 2625 tratum
277 2609 295 2626 Î±
312 2607 319 2627 :
350 2596 539 2637 impetraui
557 2610 590 2638 Î³.
706 2598 901 2629 teruncium
920 2602 966 2638 Î²Î³
982 2610 988 2628 Í¾
1022 2601 1075 2629 ter
1092 2598 1258 2629 nuncium
1277 2610 1308 2628 Î±.
1414 2600 1486 2628 200.
1513 2600 1547 2627 ct
1567 2597 1641 2627 add.
1662 2602 1719 2637 Î¹Î·â€™-Î³.

126 2648 202 2679 Â²72Î‡
230 2640 371 2671 nomine
388 2643 453 2674 Î±Î²Î¹
478 2650 549 2672 non
565 2653 597 2681 7.
770 2651 845 2682 274.
873 2641 1016 2672 Neutris
1034 2655 1067 2682 Î³.
1246 2651 1321 2682 277.
1349 2641 1477 2672 alicubi
1494 2645 1537 2674 (Î¹Î²
1553 2653 1559 2672 :
1587 2640 1670 2672 alibi
1687 2653 1719 2680 Î³.

126 2691 198 2725 279.
224 2681 379 2713 sinamus
393 2686 436 2718 Î±Î²
453 2694 460 2714 :
489 2683 693 2715 abiiciamus
709 2697 741 2724 Î³.
862 2688 935 2718 281.
963 2684 1041 2716 Non
1059 2694 1113 2715 mc
1130 2688 1176 2725 Î²Î³
1192 2696 1198 2715 :
1230 2684 1365 2715 Nomen
1382 2697 1412 2714 Î±.
1531 2687 1605 2717 282.
1631 2693 1721 2724 quae

125 2725 191 2756 etsi
204 2728 279 2765 post
296 2724 373 2756 Zasi
389 2738 408 2756 Î±
424 2737 431 2757 :
461 2736 524 2757 om.
541 2730 598 2768 [37.
692 2727 861 2769 proficisci
877 2732 923 2768 Î²Î³
939 2740 946 2758 :
977 2728 1244 2769 proficiscuntur
1261 2740 1291 2758 Î±.
1395 2737 1501 2768 quam
1521 2732 1563 2762 (Î¹Î²
1580 2739 1587 2758 :
1615 2737 1720 2768 quam

124 2778 167 2799 ex
186 2781 219 2809 Î³.
312 2772 388 2810 287.
415 2774 642 2812 corrumpant
661 2784 693 2811 Î³.
780 2772 854 2805 288.
880 2775 917 2802 et
936 2784 953 2801 Î±
971 2783 977 2801 :
1012 2781 1050 2801 ac
1069 2775 1126 2812 137.
1221 2770 1402 2801 nasutulos
1421 2783 1454 2811 Î³.
1548 2774 1623 2810 289.
1650 2776 1696 2812 137
1713 2783 1718 2802 :

124 2820 195 2842 'ri-:R
212 2820 346 2843 MAXIM.
362 2826 393 2843 a.
478 2824 555 2855 294.
583 2815 750 2856 quapiam
768 2828 785 2844 a
801 2827 808 2846 :
835 2815 987 2855 quadam
1005 2818 1061 2855 12â¸7.
1150 2818 1222 2853 200.
1251 2814 1385 2855 Seriphi
1400 2818 1443 2849 (Î¹Î²
1460 2827 1466 2845 :
1496 2813 1674 2855 Syracusis
1688 2828 1719 2855 Î³.

170 2902 244 2941 256.
270 2900 450 2940 Nicolaus]
463 2901 498 2932 of
512 2901 685 2933 Diesbach
699 2914 705 2933 :
730 2911 785 2932 see
798 2901 887 2943 Epp.
958 2902 1022 2943 Ep.
1038 2906 1115 2941 (104.
1134 2912 1189 2933 211.

130 2947 225 2986 1258.
246 2947 341 2982 28n.,
363 2955 459 2988 1342.
477 2946 626 2986 459â€”61.
1004 2947 1079 2978 280.
1106 2947 1140 2977 in
1173 2945 1269 2976 libris
1302 2946 1401 2985 meis]
1434 2945 1482 2977 Cf.
1520 2946 1582 2987 Ep.
1628 2956 1719 2978 1101.

172 2995 247 3029 275.
274 2988 501 3030 vocabulum]
516 2999 560 3020 30.
580 2988 754 3021 Germani.
956 3000 1012 3029 711.

172 3033 246 3075 276.
270 3031 391 3064 annuli
404 3031 486 3072 mei]
501 3032 557 3064 No
573 3032 685 3064 doubt
696 3032 890 3072 Terminus,
1005 3036 1078 3070 280.
1104 3033 1170 3064 Ter
1187 3033 1375 3072 Maximus]
1394 3033 1460 3064 For
1477 3033 1573 3064 these
1590 3033 1719 3065 fluiter-

125 3074 229 3115 given
257 3078 294 3107 to
320 3075 393 3107 him
422 3076 467 3117 by
495 3076 590 3107 Alex.
622 3076 793 3109 stewartz
835 3087 891 3109 see
957 3078 1017 3118 ing
1035 3077 1130 3108 titles
1148 3077 1190 3108 cf.
1212 3077 1275 3118 Ep.
1300 3087 1391 3118 1352.
1415 3087 1513 3119 35-7.

1740 746 1800 784 263

1741 1022 1807 1054 270

1742 2106 1808 2137 290
