<?xml version="1.0" encoding="UTF-8"?>
<!DOCTYPE html PUBLIC "-//W3C//DTD XHTML 1.0 Transitional//EN"
    "http://www.w3.org/TR/xhtml1/DTD/xhtml1-transitional.dtd">
<html xmlns="http://www.w3.org/1999/xhtml" xml:lang="en" lang="en">
 <head>
  <title>
</title>
<meta http-equiv="Content-Type" content="text/html;charset=utf-8" />
  <meta name='ocr-system' content='tesseract 3.04.00' />
  <meta name='ocr-capabilities' content='ocr_page ocr_carea ocr_par ocr_line ocrx_word'/>
</head>
<body>
  <div class='ocr_page' id='page_1' title='image "./opusepistolarum05eras_0287.png"; bbox 0 0 2012 3370; ppageno 0'>
   <div class='ocr_carea' id='block_1_1' title="bbox 164 137 1754 189">
    <p class='ocr_par' dir='ltr' id='par_1_1' title="bbox 164 137 1754 189">
     <span class='ocr_line' id='line_1_1' title="bbox 164 137 1754 189; baseline -0.003 -10"><span class='ocrx_word' id='word_1_1' title='bbox 164 141 283 189; x_wconf 82' lang='lat'>1351]</span> <span class='ocrx_word' id='word_1_2' title='bbox 606 139 764 178; x_wconf 81' lang='lat' dir='ltr'>FROM</span> <span class='ocrx_word' id='word_1_3' title='bbox 794 139 983 178; x_wconf 84' lang='lat' dir='ltr'>PETER</span> <span class='ocrx_word' id='word_1_4' title='bbox 1013 139 1311 179; x_wconf 79' lang='lat' dir='ltr'>WYOHMAN</span> <span class='ocrx_word' id='word_1_5' title='bbox 1679 137 1754 174; x_wconf 81' lang='lat'>257</span> 
     </span>
    </p>
   </div>
   <div class='ocr_carea' id='block_1_2' title="bbox 160 245 1814 403">
    <p class='ocr_par' dir='ltr' id='par_1_2' title="bbox 160 245 1814 403">
     <span class='ocr_line' id='line_1_2' title="bbox 160 245 1814 292; baseline 0.001 -6"><span class='ocrx_word' id='word_1_6' title='bbox 160 248 380 287; x_wconf 79' lang='lat' dir='ltr'>suaderem</span> <span class='ocrx_word' id='word_1_7' title='bbox 401 250 489 287; x_wconf 87' lang='lat' dir='ltr'>eius</span> <span class='ocrx_word' id='word_1_8' title='bbox 508 248 618 287; x_wconf 85' lang='lat' dir='ltr'>foliis</span> <span class='ocrx_word' id='word_1_9' title='bbox 638 261 686 286; x_wconf 91' lang='lat' dir='ltr'>ac</span> <span class='ocrx_word' id='word_1_10' title='bbox 706 248 930 286; x_wconf 83' lang='lat' dir='ltr'>fructubus</span> <span class='ocrx_word' id='word_1_11' title='bbox 954 250 1139 287; x_wconf 85' lang='lat' dir='ltr'>externis</span> <span class='ocrx_word' id='word_1_12' title='bbox 1159 248 1349 287; x_wconf 70' lang='lat' dir='ltr'>delitiose</span> <span class='ocrx_word' id='word_1_13' title='bbox 1369 248 1660 292; x_wconf 77' lang='lat' dir='ltr'>luxuriareres,</span> <span class='ocrx_word' id='word_1_14' title='bbox 1682 245 1757 284; x_wconf 86' lang='lat' dir='ltr'>abs</span> <span class='ocrx_word' id='word_1_15' title='bbox 1776 257 1814 287; x_wconf 83' lang='grc'>45</span> 
     </span>
     <span class='ocr_line' id='line_1_3' title="bbox 161 302 1282 354; baseline 0.002 -15"><span class='ocrx_word' id='word_1_16' title='bbox 161 305 307 341; x_wconf 89' lang='lat' dir='ltr'>tamen</span> <span class='ocrx_word' id='word_1_17' title='bbox 326 316 375 341; x_wconf 92' lang='lat' dir='ltr'>eo</span> <span class='ocrx_word' id='word_1_18' title='bbox 395 302 511 354; x_wconf 90' lang='lat' dir='ltr'>quod</span> <span class='ocrx_word' id='word_1_19' title='bbox 529 302 677 341; x_wconf 90' lang='lat' dir='ltr'>nucleo</span> <span class='ocrx_word' id='word_1_20' title='bbox 698 302 846 341; x_wconf 90' lang='lat' dir='ltr'>dentes</span> <span class='ocrx_word' id='word_1_21' title='bbox 866 302 991 341; x_wconf 81' lang='lat' dir='ltr'>fixius</span> <span class='ocrx_word' id='word_1_22' title='bbox 1010 303 1282 354; x_wconf 78' lang='lat' dir='ltr'>imprimeres.</span> 
     </span>
     <span class='ocr_line' id='line_1_4' title="bbox 217 356 1258 403; baseline 0.001 -9"><span class='ocrx_word' id='word_1_23' title='bbox 217 356 475 396; x_wconf 69' lang='lat' dir='ltr'>Litterarum</span> <span class='ocrx_word' id='word_1_24' title='bbox 497 370 706 403; x_wconf 88' lang='lat' dir='ltr'>monarce,</span> <span class='ocrx_word' id='word_1_25' title='bbox 730 357 902 396; x_wconf 90' lang='lat' dir='ltr'>domino</span> <span class='ocrx_word' id='word_1_26' title='bbox 926 357 1102 396; x_wconf 89' lang='lat' dir='ltr'>Erasmo</span> <span class='ocrx_word' id='word_1_27' title='bbox 1126 357 1258 395; x_wconf 62' lang='lat' dir='ltr'>Roffls&#39;.</span> 
     </span>
    </p>
   </div>
   <div class='ocr_carea' id='block_1_3' title="bbox 611 493 1287 536">
    <p class='ocr_par' dir='ltr' id='par_1_3' title="bbox 611 493 1287 536">
     <span class='ocr_line' id='line_1_5' title="bbox 611 493 1287 536; baseline 0 -1"><span class='ocrx_word' id='word_1_28' title='bbox 611 493 814 536; x_wconf 70' lang='lat'>13331352.</span> <span class='ocrx_word' id='word_1_29' title='bbox 878 495 946 536; x_wconf 88' lang='lat' dir='ltr'>To</span> <span class='ocrx_word' id='word_1_30' title='bbox 979 494 1175 536; x_wconf 77' lang='lat' dir='ltr'><strong>ADRIAN</strong></span> <span class='ocrx_word' id='word_1_31' title='bbox 1208 494 1287 536; x_wconf 86' lang='lat' dir='ltr'>VI.</span> 
     </span>
    </p>
   </div>
   <div class='ocr_carea' id='block_1_4' title="bbox 209 566 1710 671">
    <p class='ocr_par' dir='ltr' id='par_1_4' title="bbox 209 566 1710 671">
     <span class='ocr_line' id='line_1_6' title="bbox 209 566 1627 613; baseline -0.001 -11"><span class='ocrx_word' id='word_1_32' title='bbox 209 567 311 613; x_wconf 85' lang='lat' dir='ltr'>Opus</span> <span class='ocrx_word' id='word_1_33' title='bbox 327 567 577 613; x_wconf 88' lang='lat' dir='ltr'>Epistolarum</span> <span class='ocrx_word' id='word_1_34' title='bbox 591 579 626 612; x_wconf 89' lang='lat' dir='ltr'>p.</span> <span class='ocrx_word' id='word_1_35' title='bbox 641 568 723 611; x_wconf 84' lang='lat'>607.</span> <span class='ocrx_word' id='word_1_36' title='bbox 1462 566 1627 607; x_wconf 83' lang='lat' dir='ltr'>&lt;Basle.&gt;</span> 
     </span>
     <span class='ocr_line' id='line_1_7' title="bbox 210 625 1710 671; baseline -0.001 -11"><span class='ocrx_word' id='word_1_37' title='bbox 210 626 254 661; x_wconf 91' lang='lat' dir='ltr'>N.</span> <span class='ocrx_word' id='word_1_38' title='bbox 272 638 307 671; x_wconf 91' lang='lat' dir='ltr'>p.</span> <span class='ocrx_word' id='word_1_39' title='bbox 326 629 391 671; x_wconf 86' lang='lat'>578</span> <span class='ocrx_word' id='word_1_40' title='bbox 409 640 416 661; x_wconf 92' lang='lat'>:</span> <span class='ocrx_word' id='word_1_41' title='bbox 445 626 559 661; x_wconf 92' lang='lat' dir='ltr'>Lond.</span> <span class='ocrx_word' id='word_1_42' title='bbox 578 626 678 661; x_wconf 80' lang='lat' dir='ltr'>xviii.</span> <span class='ocrx_word' id='word_1_43' title='bbox 694 636 741 661; x_wconf 89' lang='lat'>20</span> <span class='ocrx_word' id='word_1_44' title='bbox 756 639 765 660; x_wconf 71' lang='grc' dir='ltr'>ε</span> <span class='ocrx_word' id='word_1_45' title='bbox 793 626 866 660; x_wconf 89' lang='lat' dir='ltr'>LB.</span> <span class='ocrx_word' id='word_1_46' title='bbox 882 627 963 670; x_wconf 80' lang='lat'>649.</span> <span class='ocrx_word' id='word_1_47' title='bbox 1361 629 1424 665; x_wconf 81' lang='lat'>&lt;22</span> <span class='ocrx_word' id='word_1_48' title='bbox 1442 625 1568 659; x_wconf 80' lang='lat' dir='ltr'>March</span> <span class='ocrx_word' id='word_1_49' title='bbox 1586 627 1710 669; x_wconf 63' lang='lat'>1523&gt;</span> 
     </span>
    </p>
   </div>
   <div class='ocr_carea' id='block_1_5' title="bbox 161 702 1764 1269">
    <p class='ocr_par' dir='ltr' id='par_1_5' title="bbox 161 702 1764 1182">
     <span class='ocr_line' id='line_1_8' title="bbox 207 702 1757 748; baseline -0.001 -12"><span class='ocrx_word' id='word_1_50' title='bbox 207 705 293 745; x_wconf 91' lang='lat' dir='ltr'>[The</span> <span class='ocrx_word' id='word_1_51' title='bbox 315 707 540 748; x_wconf 74' lang='lat' dir='ltr'>suppression</span> <span class='ocrx_word' id='word_1_52' title='bbox 562 705 596 736; x_wconf 84' lang='lat' dir='ltr'>of</span> <span class='ocrx_word' id='word_1_53' title='bbox 616 705 675 736; x_wconf 86' lang='lat' dir='ltr'>the</span> <span class='ocrx_word' id='word_1_54' title='bbox 697 705 766 739; x_wconf 92' lang='lat' dir='ltr'>end</span> <span class='ocrx_word' id='word_1_55' title='bbox 788 704 823 736; x_wconf 87' lang='lat' dir='ltr'>of</span> <span class='ocrx_word' id='word_1_56' title='bbox 841 705 912 738; x_wconf 86' lang='lat' dir='ltr'>this</span> <span class='ocrx_word' id='word_1_57' title='bbox 927 704 1034 736; x_wconf 83' lang='lat' dir='ltr'>letter</span> <span class='ocrx_word' id='word_1_58' title='bbox 1051 714 1121 736; x_wconf 88' lang='lat' dir='ltr'>was</span> <span class='ocrx_word' id='word_1_59' title='bbox 1145 703 1294 745; x_wconf 80' lang='lat' dir='ltr'>perhaps</span> <span class='ocrx_word' id='word_1_60' title='bbox 1316 702 1538 735; x_wconf 81' lang='lat' dir='ltr'>intentional.</span> <span class='ocrx_word' id='word_1_61' title='bbox 1581 702 1757 734; x_wconf 78' lang='lat' dir='ltr'>Erasmus’</span> 
     </span>
     <span class='ocr_line' id='line_1_9' title="bbox 162 745 1760 790; baseline -0.002 -10"><span class='ocrx_word' id='word_1_62' title='bbox 162 748 306 780; x_wconf 80' lang='lat' dir='ltr'>avowed</span> <span class='ocrx_word' id='word_1_63' title='bbox 326 759 475 790; x_wconf 79' lang='lat' dir='ltr'>purpose</span> <span class='ocrx_word' id='word_1_64' title='bbox 492 749 529 780; x_wconf 91' lang='lat' dir='ltr'>in</span> <span class='ocrx_word' id='word_1_65' title='bbox 547 749 686 790; x_wconf 83' lang='lat' dir='ltr'>writing</span> <span class='ocrx_word' id='word_1_66' title='bbox 698 758 767 779; x_wconf 87' lang='lat' dir='ltr'>was</span> <span class='ocrx_word' id='word_1_67' title='bbox 781 752 818 779; x_wconf 91' lang='lat' dir='ltr'>to</span> <span class='ocrx_word' id='word_1_68' title='bbox 839 758 972 790; x_wconf 85' lang='lat' dir='ltr'>convey</span> <span class='ocrx_word' id='word_1_69' title='bbox 986 751 1024 779; x_wconf 91' lang='lat' dir='ltr'>to</span> <span class='ocrx_word' id='word_1_70' title='bbox 1036 747 1198 780; x_wconf 86' lang='lat' dir='ltr'>Adrian’s</span> <span class='ocrx_word' id='word_1_71' title='bbox 1210 749 1347 788; x_wconf 83' lang='lat' dir='ltr'>private</span> <span class='ocrx_word' id='word_1_72' title='bbox 1367 756 1426 778; x_wconf 86' lang='lat' dir='ltr'>ear</span> <span class='ocrx_word' id='word_1_73' title='bbox 1446 746 1503 786; x_wconf 84' lang='lat' dir='ltr'>(cf.</span> <span class='ocrx_word' id='word_1_74' title='bbox 1518 746 1551 779; x_wconf 90' lang='lat' dir='ltr'>ll.</span> <span class='ocrx_word' id='word_1_75' title='bbox 1569 756 1669 789; x_wconf 84' lang='lat'>22-3,</span> <span class='ocrx_word' id='word_1_76' title='bbox 1690 745 1760 777; x_wconf 90' lang='lat' dir='ltr'>and</span> 
     </span>
     <span class='ocr_line' id='line_1_10' title="bbox 164 789 1760 833; baseline -0.002 -10"><span class='ocrx_word' id='word_1_77' title='bbox 164 792 227 833; x_wconf 88' lang='lat' dir='ltr'>Ep.</span> <span class='ocrx_word' id='word_1_78' title='bbox 250 794 347 832; x_wconf 84' lang='grc'>1386)</span> <span class='ocrx_word' id='word_1_79' title='bbox 365 792 418 823; x_wconf 89' lang='lat' dir='ltr'>his</span> <span class='ocrx_word' id='word_1_80' title='bbox 435 792 613 833; x_wconf 88' lang='lat' dir='ltr'>proposals</span> <span class='ocrx_word' id='word_1_81' title='bbox 630 792 684 823; x_wconf 78' lang='lat' dir='ltr'>for</span> <span class='ocrx_word' id='word_1_82' title='bbox 699 791 836 833; x_wconf 79' lang='lat' dir='ltr'>dealing</span> <span class='ocrx_word' id='word_1_83' title='bbox 853 791 936 823; x_wconf 86' lang='lat' dir='ltr'>with</span> <span class='ocrx_word' id='word_1_84' title='bbox 955 791 1014 823; x_wconf 90' lang='lat' dir='ltr'>the</span> <span class='ocrx_word' id='word_1_85' title='bbox 1032 791 1211 823; x_wconf 86' lang='lat' dir='ltr'>Lutheran</span> <span class='ocrx_word' id='word_1_86' title='bbox 1228 790 1376 830; x_wconf 83' lang='lat' dir='ltr'>trouble,</span> <span class='ocrx_word' id='word_1_87' title='bbox 1392 790 1428 821; x_wconf 89' lang='lat' dir='ltr'>in</span> <span class='ocrx_word' id='word_1_88' title='bbox 1445 789 1658 830; x_wconf 85' lang='lat' dir='ltr'>compliance</span> <span class='ocrx_word' id='word_1_89' title='bbox 1675 789 1760 821; x_wconf 86' lang='lat' dir='ltr'>with</span> 
     </span>
     <span class='ocr_line' id='line_1_11' title="bbox 163 832 1760 876; baseline -0.002 -10"><span class='ocrx_word' id='word_1_90' title='bbox 163 835 222 867; x_wconf 89' lang='lat' dir='ltr'>the</span> <span class='ocrx_word' id='word_1_91' title='bbox 241 838 398 876; x_wconf 86' lang='lat' dir='ltr'>requests</span> <span class='ocrx_word' id='word_1_92' title='bbox 416 835 517 866; x_wconf 87' lang='lat' dir='ltr'>made</span> <span class='ocrx_word' id='word_1_93' title='bbox 536 838 574 866; x_wconf 84' lang='lat' dir='ltr'>to</span> <span class='ocrx_word' id='word_1_94' title='bbox 592 835 664 866; x_wconf 89' lang='lat' dir='ltr'>him</span> <span class='ocrx_word' id='word_1_95' title='bbox 683 835 772 866; x_wconf 84' lang='lat' dir='ltr'>from</span> <span class='ocrx_word' id='word_1_96' title='bbox 791 835 912 867; x_wconf 87' lang='lat' dir='ltr'>Rome.</span> <span class='ocrx_word' id='word_1_97' title='bbox 956 835 1065 866; x_wconf 86' lang='lat' dir='ltr'>These</span> <span class='ocrx_word' id='word_1_98' title='bbox 1084 834 1263 876; x_wconf 87' lang='lat' dir='ltr'>proposals</span> <span class='ocrx_word' id='word_1_99' title='bbox 1282 834 1324 865; x_wconf 93' lang='lat' dir='ltr'>he</span> <span class='ocrx_word' id='word_1_100' title='bbox 1343 833 1515 865; x_wconf 83' lang='lat' dir='ltr'>describes</span> <span class='ocrx_word' id='word_1_101' title='bbox 1534 835 1569 865; x_wconf 81' lang='lat' dir='ltr'>in</span> <span class='ocrx_word' id='word_1_102' title='bbox 1586 832 1706 864; x_wconf 86' lang='lat' dir='ltr'>letters</span> <span class='ocrx_word' id='word_1_103' title='bbox 1726 832 1760 863; x_wconf 80' lang='lat' dir='ltr'>of</span> 
     </span>
     <span class='ocr_line' id='line_1_12' title="bbox 164 876 1759 919; baseline -0.001 -10"><span class='ocrx_word' id='word_1_104' title='bbox 164 878 234 909; x_wconf 82' lang='lat' dir='ltr'>this</span> <span class='ocrx_word' id='word_1_105' title='bbox 249 878 369 919; x_wconf 88' lang='lat' dir='ltr'>period</span> <span class='ocrx_word' id='word_1_106' title='bbox 384 888 422 909; x_wconf 92' lang='lat' dir='ltr'>as</span> <span class='ocrx_word' id='word_1_107' title='bbox 438 889 458 909; x_wconf 90' lang='lat' dir='ltr'>a</span> <span class='ocrx_word' id='word_1_108' title='bbox 476 877 484 890; x_wconf 69' lang='lat'>⁶</span> <span class='ocrx_word' id='word_1_109' title='bbox 497 878 801 910; x_wconf 84' lang='lat' dir='ltr'>cohortatiuncula</span> <span class='ocrx_word' id='word_1_110' title='bbox 817 903 824 909; x_wconf 94' lang='lat'>.</span> <span class='ocrx_word' id='word_1_111' title='bbox 844 903 850 909; x_wconf 93' lang='lat'>.</span> <span class='ocrx_word' id='word_1_112' title='bbox 870 902 877 910; x_wconf 84' lang='lat'>.</span> <span class='ocrx_word' id='word_1_113' title='bbox 897 877 943 909; x_wconf 90' lang='lat' dir='ltr'>ad</span> <span class='ocrx_word' id='word_1_114' title='bbox 956 878 1190 910; x_wconf 83' lang='lat' dir='ltr'>Christianam</span> <span class='ocrx_word' id='word_1_115' title='bbox 1204 877 1425 909; x_wconf 83' lang='lat' dir='ltr'>concordiam</span> <span class='ocrx_word' id='word_1_116' title='bbox 1437 876 1444 889; x_wconf 86' lang='lat'><strong><em>⁷</em></strong></span> <span class='ocrx_word' id='word_1_117' title='bbox 1460 876 1539 917; x_wconf 86' lang='lat' dir='ltr'>(Ep.</span> <span class='ocrx_word' id='word_1_118' title='bbox 1559 877 1652 916; x_wconf 83' lang='lat'>1358.</span> <span class='ocrx_word' id='word_1_119' title='bbox 1668 877 1759 918; x_wconf 86' lang='lat'>3-4)‚</span> 
     </span>
     <span class='ocr_line' id='line_1_13' title="bbox 162 919 1761 965; baseline -0.002 -13"><span class='ocrx_word' id='word_1_120' title='bbox 162 931 200 953; x_wconf 91' lang='lat' dir='ltr'>or</span> <span class='ocrx_word' id='word_1_121' title='bbox 220 919 228 933; x_wconf 83' lang='lat'>‘</span> <span class='ocrx_word' id='word_1_122' title='bbox 241 921 422 953; x_wconf 87' lang='lat' dir='ltr'>consilium</span> <span class='ocrx_word' id='word_1_123' title='bbox 436 921 443 934; x_wconf 75' lang='lat'><strong>²</strong></span> <span class='ocrx_word' id='word_1_124' title='bbox 465 922 569 963; x_wconf 88' lang='lat' dir='ltr'>(Epp.</span> <span class='ocrx_word' id='word_1_125' title='bbox 588 931 681 962; x_wconf 81' lang='lat'>1329.</span> <span class='ocrx_word' id='word_1_126' title='bbox 702 932 752 959; x_wconf 83' lang='lat'>12,</span> <span class='ocrx_word' id='word_1_127' title='bbox 770 923 862 963; x_wconf 81' lang='grc'>1376.</span> <span class='ocrx_word' id='word_1_128' title='bbox 880 934 920 965; x_wconf 83' lang='grc'>7;</span> <span class='ocrx_word' id='word_1_129' title='bbox 944 921 987 953; x_wconf 87' lang='lat' dir='ltr'>cf.</span> <span class='ocrx_word' id='word_1_130' title='bbox 1003 921 1066 963; x_wconf 88' lang='lat' dir='ltr'>Ep.</span> <span class='ocrx_word' id='word_1_131' title='bbox 1087 923 1179 961; x_wconf 75' lang='grc'><strong>1408.</strong></span> <span class='ocrx_word' id='word_1_132' title='bbox 1205 922 1270 961; x_wconf 89' lang='grc'>16).</span> <span class='ocrx_word' id='word_1_133' title='bbox 1316 920 1357 951; x_wconf 91' lang='lat' dir='ltr'>In</span> <span class='ocrx_word' id='word_1_134' title='bbox 1376 920 1466 961; x_wconf 87' lang='lat' dir='ltr'>spite</span> <span class='ocrx_word' id='word_1_135' title='bbox 1487 921 1519 950; x_wconf 78' lang='lat'>01</span> <span class='ocrx_word' id='word_1_136' title='bbox 1534 919 1593 950; x_wconf 86' lang='lat' dir='ltr'>the</span> <span class='ocrx_word' id='word_1_137' title='bbox 1612 919 1761 960; x_wconf 85' lang='lat' dir='ltr'>promise</span> 
     </span>
     <span class='ocr_line' id='line_1_14' title="bbox 161 962 1761 1007; baseline -0.003 -11"><span class='ocrx_word' id='word_1_138' title='bbox 161 965 263 1006; x_wconf 81' lang='lat' dir='ltr'>given</span> <span class='ocrx_word' id='word_1_139' title='bbox 274 965 311 996; x_wconf 89' lang='lat' dir='ltr'>in</span> <span class='ocrx_word' id='word_1_140' title='bbox 325 965 388 1006; x_wconf 89' lang='lat' dir='ltr'>Ep.</span> <span class='ocrx_word' id='word_1_141' title='bbox 408 967 500 1005; x_wconf 80' lang='lat'>1358.</span> <span class='ocrx_word' id='word_1_142' title='bbox 518 977 535 1007; x_wconf 85' lang='lat'>3</span> <span class='ocrx_word' id='word_1_143' title='bbox 551 965 620 997; x_wconf 87' lang='lat' dir='ltr'>this</span> <span class='ocrx_word' id='word_1_144' title='bbox 635 965 740 996; x_wconf 85' lang='lat' dir='ltr'>letter</span> <span class='ocrx_word' id='word_1_145' title='bbox 752 975 821 996; x_wconf 89' lang='lat' dir='ltr'>was</span> <span class='ocrx_word' id='word_1_146' title='bbox 834 968 898 996; x_wconf 86' lang='lat' dir='ltr'>not</span> <span class='ocrx_word' id='word_1_147' title='bbox 910 964 1094 1006; x_wconf 86' lang='lat' dir='ltr'>published</span> <span class='ocrx_word' id='word_1_148' title='bbox 1110 964 1164 996; x_wconf 85' lang='lat' dir='ltr'>till</span> <span class='ocrx_word' id='word_1_149' title='bbox 1180 973 1275 1005; x_wconf 80' lang='lat'>1529.</span> <span class='ocrx_word' id='word_1_150' title='bbox 1316 964 1415 995; x_wconf 82' lang='lat' dir='ltr'>Even</span> <span class='ocrx_word' id='word_1_151' title='bbox 1428 962 1512 994; x_wconf 88' lang='lat' dir='ltr'>then</span> <span class='ocrx_word' id='word_1_152' title='bbox 1528 963 1557 993; x_wconf 87' lang='lat' dir='ltr'>it</span> <span class='ocrx_word' id='word_1_153' title='bbox 1574 972 1656 1003; x_wconf 88' lang='lat' dir='ltr'>may</span> <span class='ocrx_word' id='word_1_154' title='bbox 1672 962 1761 993; x_wconf 87' lang='lat' dir='ltr'>have</span> 
     </span>
     <span class='ocr_line' id='line_1_15' title="bbox 162 1005 1760 1049; baseline -0.003 -9"><span class='ocrx_word' id='word_1_155' title='bbox 162 1008 298 1040; x_wconf 86' lang='lat' dir='ltr'>seemed</span> <span class='ocrx_word' id='word_1_156' title='bbox 315 1008 533 1040; x_wconf 88' lang='lat' dir='ltr'>undesirable</span> <span class='ocrx_word' id='word_1_157' title='bbox 551 1012 588 1040; x_wconf 91' lang='lat' dir='ltr'>to</span> <span class='ocrx_word' id='word_1_158' title='bbox 604 1008 701 1049; x_wconf 87' lang='lat' dir='ltr'>print</span> <span class='ocrx_word' id='word_1_159' title='bbox 715 1009 751 1039; x_wconf 93' lang='lat' dir='ltr'>in</span> <span class='ocrx_word' id='word_1_160' title='bbox 768 1008 830 1040; x_wconf 81' lang='lat' dir='ltr'>full</span> <span class='ocrx_word' id='word_1_161' title='bbox 847 1019 869 1040; x_wconf 91' lang='lat' dir='ltr'>a</span> <span class='ocrx_word' id='word_1_162' title='bbox 885 1008 1074 1040; x_wconf 82' lang='lat' dir='ltr'>document</span> <span class='ocrx_word' id='word_1_163' title='bbox 1090 1008 1201 1039; x_wconf 86' lang='lat' dir='ltr'>which</span> <span class='ocrx_word' id='word_1_164' title='bbox 1220 1018 1289 1039; x_wconf 85' lang='lat' dir='ltr'>was</span> <span class='ocrx_word' id='word_1_165' title='bbox 1307 1006 1509 1047; x_wconf 76' lang='lat' dir='ltr'>designedly</span> <span class='ocrx_word' id='word_1_166' title='bbox 1525 1005 1760 1037; x_wconf 86' lang='lat' dir='ltr'>confidential.</span> 
     </span>
     <span class='ocr_line' id='line_1_16' title="bbox 164 1049 1763 1093; baseline -0.002 -11"><span class='ocrx_word' id='word_1_167' title='bbox 164 1052 235 1082; x_wconf 89' lang='lat' dir='ltr'>But</span> <span class='ocrx_word' id='word_1_168' title='bbox 250 1051 276 1082; x_wconf 78' lang='lat' dir='ltr'>if</span> <span class='ocrx_word' id='word_1_169' title='bbox 294 1051 354 1083; x_wconf 87' lang='lat' dir='ltr'>the</span> <span class='ocrx_word' id='word_1_170' title='bbox 370 1051 612 1093; x_wconf 83' lang='lat' dir='ltr'>abridgement</span> <span class='ocrx_word' id='word_1_171' title='bbox 628 1062 698 1083; x_wconf 83' lang='lat' dir='ltr'>was</span> <span class='ocrx_word' id='word_1_172' title='bbox 714 1052 936 1090; x_wconf 70' lang='lat' dir='ltr'>intenffional,</span> <span class='ocrx_word' id='word_1_173' title='bbox 953 1052 983 1083; x_wconf 85' lang='lat' dir='ltr'>it</span> <span class='ocrx_word' id='word_1_174' title='bbox 998 1052 1026 1083; x_wconf 90' lang='lat' dir='ltr'>is</span> <span class='ocrx_word' id='word_1_175' title='bbox 1043 1051 1238 1083; x_wconf 85' lang='lat' dir='ltr'>noticeable</span> <span class='ocrx_word' id='word_1_176' title='bbox 1256 1051 1336 1082; x_wconf 85' lang='lat' dir='ltr'>that</span> <span class='ocrx_word' id='word_1_177' title='bbox 1353 1051 1519 1082; x_wconf 85' lang='lat' dir='ltr'>Erasmus</span> <span class='ocrx_word' id='word_1_178' title='bbox 1536 1049 1708 1090; x_wconf 82' lang='lat' dir='ltr'>managed</span> <span class='ocrx_word' id='word_1_179' title='bbox 1726 1053 1763 1080; x_wconf 85' lang='lat' dir='ltr'>to</span> 
     </span>
     <span class='ocr_line' id='line_1_17' title="bbox 164 1094 1764 1136; baseline -0.002 -10"><span class='ocrx_word' id='word_1_180' title='bbox 164 1098 225 1127; x_wconf 88' lang='lat' dir='ltr'>cut</span> <span class='ocrx_word' id='word_1_181' title='bbox 247 1095 277 1126; x_wconf 87' lang='lat' dir='ltr'>it</span> <span class='ocrx_word' id='word_1_182' title='bbox 302 1095 349 1126; x_wconf 78' lang='lat' dir='ltr'>off</span> <span class='ocrx_word' id='word_1_183' title='bbox 373 1098 411 1126; x_wconf 88' lang='lat' dir='ltr'>at</span> <span class='ocrx_word' id='word_1_184' title='bbox 435 1106 455 1126; x_wconf 91' lang='lat' dir='ltr'>a</span> <span class='ocrx_word' id='word_1_185' title='bbox 479 1095 580 1136; x_wconf 85' lang='lat' dir='ltr'>point</span> <span class='ocrx_word' id='word_1_186' title='bbox 604 1095 714 1127; x_wconf 78' lang='lat' dir='ltr'>which</span> <span class='ocrx_word' id='word_1_187' title='bbox 741 1095 886 1127; x_wconf 80' lang='lat' dir='ltr'>allowed</span> <span class='ocrx_word' id='word_1_188' title='bbox 909 1106 1004 1127; x_wconf 88' lang='lat' dir='ltr'>some</span> <span class='ocrx_word' id='word_1_189' title='bbox 1028 1095 1223 1126; x_wconf 79' lang='lat' dir='ltr'>indication</span> <span class='ocrx_word' id='word_1_190' title='bbox 1249 1096 1282 1126; x_wconf 72' lang='lat' dir='ltr'>oi</span> <span class='ocrx_word' id='word_1_191' title='bbox 1308 1094 1362 1125; x_wconf 90' lang='lat' dir='ltr'>his</span> <span class='ocrx_word' id='word_1_192' title='bbox 1387 1094 1546 1135; x_wconf 89' lang='lat' dir='ltr'>opinions</span> <span class='ocrx_word' id='word_1_193' title='bbox 1572 1096 1609 1124; x_wconf 89' lang='lat' dir='ltr'>to</span> <span class='ocrx_word' id='word_1_194' title='bbox 1634 1102 1764 1133; x_wconf 81' lang='lat' dir='ltr'>appear</span> 
     </span>
     <span class='ocr_line' id='line_1_18' title="bbox 164 1138 1382 1182; baseline -0.001 -13"><span class='ocrx_word' id='word_1_195' title='bbox 164 1138 211 1179; x_wconf 87' lang='lat' dir='ltr'>(ll.</span> <span class='ocrx_word' id='word_1_196' title='bbox 235 1148 294 1182; x_wconf 92' lang='lat'>147</span> <span class='ocrx_word' id='word_1_197' title='bbox 311 1140 409 1180; x_wconf 70' lang='lat' dir='ltr'>seq).</span> <span class='ocrx_word' id='word_1_198' title='bbox 450 1138 582 1170; x_wconf 85' lang='lat' dir='ltr'>Adrian</span> <span class='ocrx_word' id='word_1_199' title='bbox 597 1149 703 1170; x_wconf 89' lang='lat' dir='ltr'>never</span> <span class='ocrx_word' id='word_1_200' title='bbox 718 1142 795 1170; x_wconf 83' lang='lat' dir='ltr'>sent</span> <span class='ocrx_word' id='word_1_201' title='bbox 811 1149 880 1180; x_wconf 86' lang='lat' dir='ltr'>any</span> <span class='ocrx_word' id='word_1_202' title='bbox 896 1139 993 1180; x_wconf 87' lang='lat' dir='ltr'>reply</span> <span class='ocrx_word' id='word_1_203' title='bbox 1009 1151 1015 1170; x_wconf 91' lang='lat'>:</span> <span class='ocrx_word' id='word_1_204' title='bbox 1046 1139 1088 1170; x_wconf 88' lang='lat' dir='ltr'>cf.</span> <span class='ocrx_word' id='word_1_205' title='bbox 1107 1139 1172 1180; x_wconf 89' lang='lat' dir='ltr'>Ep.</span> <span class='ocrx_word' id='word_1_206' title='bbox 1193 1140 1286 1178; x_wconf 69' lang='lat'>1384.</span> <span class='ocrx_word' id='word_1_207' title='bbox 1307 1147 1382 1180; x_wconf 84' lang='lat' dir='ltr'>25n.</span> 
     </span>
    </p>

    <p class='ocr_par' dir='ltr' id='par_1_6' title="bbox 164 1179 1762 1269">
     <span class='ocr_line' id='line_1_19' title="bbox 208 1179 1762 1265; baseline -0.002 -52"><span class='ocrx_word' id='word_1_208' title='bbox 208 1181 280 1256; x_wconf 52' lang='grc' dir='ltr'>Τὲθ</span> <span class='ocrx_word' id='word_1_209' title='bbox 300 1182 532 1265; x_wconf 80' lang='lat' dir='ltr'>mouth-date]</span> <span class='ocrx_word' id='word_1_210' title='bbox 544 1192 608 1214; x_wconf 89' lang='lat' dir='ltr'>can</span> <span class='ocrx_word' id='word_1_211' title='bbox 626 1181 667 1214; x_wconf 90' lang='lat' dir='ltr'>be</span> <span class='ocrx_word' id='word_1_212' title='bbox 687 1182 845 1223; x_wconf 82' lang='lat' dir='ltr'>assigned</span> <span class='ocrx_word' id='word_1_213' title='bbox 867 1182 1035 1224; x_wconf 83' lang='lat' dir='ltr'>precisely</span> <span class='ocrx_word' id='word_1_214' title='bbox 1053 1182 1144 1213; x_wconf 85' lang='lat' dir='ltr'>from</span> <span class='ocrx_word' id='word_1_215' title='bbox 1162 1182 1226 1223; x_wconf 89' lang='lat' dir='ltr'>Ep.</span> <span class='ocrx_word' id='word_1_216' title='bbox 1248 1190 1340 1222; x_wconf 83' lang='lat'>1353.</span> <span class='ocrx_word' id='word_1_217' title='bbox 1364 1191 1436 1223; x_wconf 87' lang='lat'>240.</span> <span class='ocrx_word' id='word_1_218' title='bbox 1483 1180 1551 1211; x_wconf 89' lang='lat' dir='ltr'>For</span> <span class='ocrx_word' id='word_1_219' title='bbox 1566 1179 1625 1211; x_wconf 89' lang='lat' dir='ltr'>the</span> <span class='ocrx_word' id='word_1_220' title='bbox 1642 1179 1762 1211; x_wconf 87' lang='lat' dir='ltr'>bearer</span> 
     </span>
     <span class='ocr_line' id='line_1_20' title="bbox 164 1227 513 1269; baseline 0.003 -13"><span class='ocrx_word' id='word_1_221' title='bbox 164 1235 218 1257; x_wconf 90' lang='lat' dir='ltr'>see</span> <span class='ocrx_word' id='word_1_222' title='bbox 268 1235 301 1266; x_wconf 85' lang='lat' dir='ltr'>p.</span> <span class='ocrx_word' id='word_1_223' title='bbox 324 1227 416 1266; x_wconf 77' lang='lat'>1358.</span> <span class='ocrx_word' id='word_1_224' title='bbox 437 1236 513 1269; x_wconf 84' lang='lat' dir='ltr'>40n.</span> 
     </span>
    </p>
   </div>
   <div class='ocr_carea' id='block_1_6' title="bbox 428 1331 1493 1362">
    <p class='ocr_par' dir='ltr' id='par_1_7' title="bbox 428 1331 1493 1362">
     <span class='ocr_line' id='line_1_21' title="bbox 428 1331 1493 1362; baseline 0 -2"><span class='ocrx_word' id='word_1_225' title='bbox 428 1331 646 1360; x_wconf 85' lang='lat' dir='ltr'>ADRIANO</span> <span class='ocrx_word' id='word_1_226' title='bbox 680 1332 831 1361; x_wconf 86' lang='lat' dir='ltr'>SEXTO</span> <span class='ocrx_word' id='word_1_227' title='bbox 865 1331 1081 1362; x_wconf 80' lang='lat' dir='ltr'><strong>ERASMVS</strong></span> <span class='ocrx_word' id='word_1_228' title='bbox 1115 1331 1352 1361; x_wconf 86' lang='lat' dir='ltr'>ROTEROD.</span> <span class='ocrx_word' id='word_1_229' title='bbox 1388 1331 1424 1360; x_wconf 87' lang='lat' dir='ltr'>S.</span> <span class='ocrx_word' id='word_1_230' title='bbox 1447 1331 1493 1360; x_wconf 88' lang='lat' dir='ltr'>D.</span> 
     </span>
    </p>
   </div>
   <div class='ocr_carea' id='block_1_7' title="bbox 163 1400 1832 2699">
    <p class='ocr_par' dir='ltr' id='par_1_8' title="bbox 163 1400 1829 1995">
     <span class='ocr_line' id='line_1_22' title="bbox 218 1400 1765 1451; baseline -0.001 -12"><span class='ocrx_word' id='word_1_231' title='bbox 218 1400 491 1439; x_wconf 82' lang='lat' dir='ltr'>BEA&#39;rIsslME</span> <span class='ocrx_word' id='word_1_232' title='bbox 520 1400 661 1446; x_wconf 89' lang='lat' dir='ltr'>Pater,</span> <span class='ocrx_word' id='word_1_233' title='bbox 691 1401 765 1451; x_wconf 87' lang='lat' dir='ltr'>qui</span> <span class='ocrx_word' id='word_1_234' title='bbox 794 1400 869 1438; x_wconf 89' lang='lat' dir='ltr'>has</span> <span class='ocrx_word' id='word_1_235' title='bbox 898 1400 1069 1451; x_wconf 83' lang='lat' dir='ltr'>perfert,</span> <span class='ocrx_word' id='word_1_236' title='bbox 1099 1404 1150 1439; x_wconf 86' lang='lat' dir='ltr'>vt</span> <span class='ocrx_word' id='word_1_237' title='bbox 1177 1400 1281 1439; x_wconf 91' lang='lat' dir='ltr'>mihi</span> <span class='ocrx_word' id='word_1_238' title='bbox 1310 1401 1425 1438; x_wconf 86' lang='lat' dir='ltr'>visus</span> <span class='ocrx_word' id='word_1_239' title='bbox 1454 1404 1519 1438; x_wconf 90' lang='lat' dir='ltr'>est</span> <span class='ocrx_word' id='word_1_240' title='bbox 1547 1403 1765 1450; x_wconf 83' lang='lat' dir='ltr'>vtcunque</span> 
     </span>
     <span class='ocr_line' id='line_1_23' title="bbox 163 1454 1766 1505; baseline -0.001 -11"><span class='ocrx_word' id='word_1_241' title='bbox 163 1458 315 1501; x_wconf 91' lang='lat' dir='ltr'>certus,</span> <span class='ocrx_word' id='word_1_242' title='bbox 344 1455 407 1493; x_wconf 92' lang='lat' dir='ltr'>ita</span> <span class='ocrx_word' id='word_1_243' title='bbox 433 1458 602 1505; x_wconf 88' lang='lat' dir='ltr'>praeter</span> <span class='ocrx_word' id='word_1_244' title='bbox 628 1455 969 1505; x_wconf 86' lang='lat' dir='ltr'>expectationem</span> <span class='ocrx_word' id='word_1_245' title='bbox 997 1454 1168 1493; x_wconf 91' lang='lat' dir='ltr'>oblatus</span> <span class='ocrx_word' id='word_1_246' title='bbox 1195 1458 1260 1493; x_wconf 91' lang='lat' dir='ltr'>est</span> <span class='ocrx_word' id='word_1_247' title='bbox 1287 1467 1313 1493; x_wconf 92' lang='lat' dir='ltr'>a</span> <span class='ocrx_word' id='word_1_248' title='bbox 1340 1454 1533 1505; x_wconf 79' lang='lat' dir='ltr'>prandio,</span> <span class='ocrx_word' id='word_1_249' title='bbox 1562 1454 1766 1505; x_wconf 88' lang='lat' dir='ltr'>postridie</span> 
     </span>
     <span class='ocr_line' id='line_1_24' title="bbox 163 1508 1766 1560; baseline 0 -13"><span class='ocrx_word' id='word_1_250' title='bbox 163 1508 347 1548; x_wconf 87' lang='lat' dir='ltr'>diluculo</span> <span class='ocrx_word' id='word_1_251' title='bbox 366 1508 645 1560; x_wconf 73' lang='lat' dir='ltr'>profecturus</span> <span class='ocrx_word' id='word_1_252' title='bbox 694 1508 848 1559; x_wconf 88' lang='lat' dir='ltr'>Itaque</span> <span class='ocrx_word' id='word_1_253' title='bbox 866 1522 1017 1560; x_wconf 88' lang='lat' dir='ltr'>parum</span> <span class='ocrx_word' id='word_1_254' title='bbox 1037 1508 1177 1548; x_wconf 82' lang='lat' dir='ltr'>abfuit</span> <span class='ocrx_word' id='word_1_255' title='bbox 1195 1509 1299 1559; x_wconf 90' lang='lat' dir='ltr'>quin</span> <span class='ocrx_word' id='word_1_256' title='bbox 1318 1508 1551 1547; x_wconf 89' lang='lat' dir='ltr'>consultius</span> <span class='ocrx_word' id='word_1_257' title='bbox 1570 1508 1766 1547; x_wconf 88' lang='lat' dir='ltr'>ducerem</span> 
     </span>
     <span class='ocr_line' id='line_1_25' title="bbox 164 1563 1765 1614; baseline 0 -13"><span class='ocrx_word' id='word_1_258' title='bbox 164 1563 219 1602; x_wconf 91' lang='lat' dir='ltr'>ad</span> <span class='ocrx_word' id='word_1_259' title='bbox 241 1567 414 1602; x_wconf 88' lang='lat' dir='ltr'>tantum</span> <span class='ocrx_word' id='word_1_260' title='bbox 437 1563 675 1614; x_wconf 89' lang='lat' dir='ltr'>Principem</span> <span class='ocrx_word' id='word_1_261' title='bbox 699 1563 750 1602; x_wconf 89' lang='lat' dir='ltr'>de</span> <span class='ocrx_word' id='word_1_262' title='bbox 773 1576 817 1602; x_wconf 89' lang='lat' dir='ltr'>re</span> <span class='ocrx_word' id='word_1_263' title='bbox 840 1567 930 1602; x_wconf 88' lang='lat' dir='ltr'>tam</span> <span class='ocrx_word' id='word_1_264' title='bbox 955 1563 1088 1602; x_wconf 89' lang='lat' dir='ltr'>ardua</span> <span class='ocrx_word' id='word_1_265' title='bbox 1110 1563 1215 1602; x_wconf 89' lang='lat' dir='ltr'>nihil</span> <span class='ocrx_word' id='word_1_266' title='bbox 1238 1564 1410 1601; x_wconf 91' lang='lat' dir='ltr'>omnino</span> <span class='ocrx_word' id='word_1_267' title='bbox 1434 1563 1612 1601; x_wconf 88' lang='lat' dir='ltr'>scribere</span> <span class='ocrx_word' id='word_1_268' title='bbox 1636 1575 1765 1613; x_wconf 89' lang='lat' dir='ltr'>quam</span> 
     </span>
     <span class='ocr_line' id='line_1_26' title="bbox 165 1617 1800 1669; baseline 0 -13"><span class='ocrx_word' id='word_1_269' title='bbox 165 1631 217 1657; x_wconf 87' lang='lat' dir='ltr'>ex</span> <span class='ocrx_word' id='word_1_270' title='bbox 250 1621 441 1669; x_wconf 89' lang='lat' dir='ltr'>tempore</span> <span class='ocrx_word' id='word_1_271' title='bbox 475 1617 666 1656; x_wconf 89' lang='lat' dir='ltr'>scribere.</span> <span class='ocrx_word' id='word_1_272' title='bbox 728 1618 890 1656; x_wconf 84' lang='lat' dir='ltr'>Tamen</span> <span class='ocrx_word' id='word_1_273' title='bbox 923 1618 1126 1668; x_wconf 91' lang='lat' dir='ltr'>quoniam</span> <span class='ocrx_word' id='word_1_274' title='bbox 1160 1621 1342 1668; x_wconf 82' lang='lat' dir='ltr'>vtroque</span> <span class='ocrx_word' id='word_1_275' title='bbox 1376 1617 1800 1668; x_wconf 83' lang='lat' dir='ltr'>diplomate—nam5</span> 
     </span>
     <span class='ocr_line' id='line_1_27' title="bbox 166 1671 1767 1723; baseline 0 -13"><span class='ocrx_word' id='word_1_276' title='bbox 166 1676 396 1723; x_wconf 85' lang='lat' dir='ltr'>vtrumque</span> <span class='ocrx_word' id='word_1_277' title='bbox 434 1672 649 1710; x_wconf 90' lang='lat' dir='ltr'>redditum</span> <span class='ocrx_word' id='word_1_278' title='bbox 690 1672 868 1710; x_wconf 89' lang='lat' dir='ltr'>est—sic</span> <span class='ocrx_word' id='word_1_279' title='bbox 908 1676 1044 1723; x_wconf 80' lang='lat' dir='ltr'>Vrget,</span> <span class='ocrx_word' id='word_1_280' title='bbox 1085 1672 1329 1711; x_wconf 88' lang='lat' dir='ltr'>obtestatur</span> <span class='ocrx_word' id='word_1_281' title='bbox 1369 1685 1417 1710; x_wconf 91' lang='lat' dir='ltr'>ac</span> <span class='ocrx_word' id='word_1_282' title='bbox 1457 1671 1767 1722; x_wconf 89' lang='lat' dir='ltr'>propemodum</span> 
     </span>
     <span class='ocr_line' id='line_1_28' title="bbox 165 1725 1767 1777; baseline -0.001 -12"><span class='ocrx_word' id='word_1_283' title='bbox 165 1726 335 1765; x_wconf 88' lang='lat' dir='ltr'>adiurat</span> <span class='ocrx_word' id='word_1_284' title='bbox 357 1730 435 1765; x_wconf 88' lang='lat' dir='ltr'>tua</span> <span class='ocrx_word' id='word_1_285' title='bbox 458 1727 663 1764; x_wconf 84' lang='lat' dir='ltr'>sanctitas</span> <span class='ocrx_word' id='word_1_286' title='bbox 687 1730 749 1772; x_wconf 82' lang='lat' dir='ltr'>vt,</span> <span class='ocrx_word' id='word_1_287' title='bbox 775 1727 809 1764; x_wconf 90' lang='lat' dir='ltr'>si</span> <span class='ocrx_word' id='word_1_288' title='bbox 833 1726 948 1777; x_wconf 89' lang='lat' dir='ltr'>quod</span> <span class='ocrx_word' id='word_1_289' title='bbox 972 1727 1153 1765; x_wconf 89' lang='lat' dir='ltr'>habeam</span> <span class='ocrx_word' id='word_1_290' title='bbox 1178 1726 1397 1765; x_wconf 86' lang='lat' dir='ltr'>eonsilium</span> <span class='ocrx_word' id='word_1_291' title='bbox 1422 1726 1486 1764; x_wconf 89' lang='lat' dir='ltr'>his</span> <span class='ocrx_word' id='word_1_292' title='bbox 1510 1725 1767 1764; x_wconf 87' lang='lat' dir='ltr'>tumultibus</span> 
     </span>
     <span class='ocr_line' id='line_1_29' title="bbox 166 1780 1768 1831; baseline -0.002 -12"><span class='ocrx_word' id='word_1_293' title='bbox 166 1780 376 1827; x_wconf 88' lang='lat' dir='ltr'>sedandis,</span> <span class='ocrx_word' id='word_1_294' title='bbox 398 1793 474 1831; x_wconf 90' lang='lat' dir='ltr'>pro</span> <span class='ocrx_word' id='word_1_295' title='bbox 495 1793 589 1818; x_wconf 92' lang='lat' dir='ltr'>mea</span> <span class='ocrx_word' id='word_1_296' title='bbox 617 1780 727 1819; x_wconf 81' lang='lat' dir='ltr'>virili</span> <span class='ocrx_word' id='word_1_297' title='bbox 756 1780 983 1827; x_wconf 85' lang='lat' dir='ltr'>conferam,</span> <span class='ocrx_word' id='word_1_298' title='bbox 1014 1785 1058 1819; x_wconf 90' lang='lat' dir='ltr'>et</span> <span class='ocrx_word' id='word_1_299' title='bbox 1085 1785 1162 1820; x_wconf 88' lang='lat' dir='ltr'>tua</span> <span class='ocrx_word' id='word_1_300' title='bbox 1191 1780 1433 1831; x_wconf 88' lang='lat' dir='ltr'>compulsus</span> <span class='ocrx_word' id='word_1_301' title='bbox 1462 1781 1695 1819; x_wconf 87' lang='lat' dir='ltr'>autoritate</span> <span class='ocrx_word' id='word_1_302' title='bbox 1724 1784 1768 1818; x_wconf 91' lang='lat' dir='ltr'>et</span> 
     </span>
     <span class='ocr_line' id='line_1_30' title="bbox 166 1834 1766 1885; baseline -0.001 -11"><span class='ocrx_word' id='word_1_303' title='bbox 166 1839 244 1874; x_wconf 89' lang='lat' dir='ltr'>tua</span> <span class='ocrx_word' id='word_1_304' title='bbox 270 1847 368 1873; x_wconf 83' lang='lat' dir='ltr'>vere</span> <span class='ocrx_word' id='word_1_305' title='bbox 396 1834 620 1873; x_wconf 87' lang='lat' dir='ltr'>Pontificia</span> <span class='ocrx_word' id='word_1_306' title='bbox 647 1834 972 1873; x_wconf 88' lang='lat' dir='ltr'>mansuetudine</span> <span class='ocrx_word' id='word_1_307' title='bbox 999 1834 1147 1881; x_wconf 84' lang='lat' dir='ltr'>fretus,</span> <span class='ocrx_word' id='word_1_308' title='bbox 1177 1835 1244 1873; x_wconf 84' lang='lat' dir='ltr'>vel</span> <span class='ocrx_word' id='word_1_309' title='bbox 1272 1848 1324 1873; x_wconf 84' lang='lat' dir='ltr'>ex</span> <span class='ocrx_word' id='word_1_310' title='bbox 1351 1838 1543 1885; x_wconf 89' lang='lat' dir='ltr'>tempore</span> <span class='ocrx_word' id='word_1_311' title='bbox 1571 1834 1766 1880; x_wconf 83' lang='lat' dir='ltr'>scribam,</span> 
     </span>
     <span class='ocr_line' id='line_1_31' title="bbox 168 1889 1829 1940; baseline -0.001 -13"><span class='ocrx_word' id='word_1_312' title='bbox 168 1889 401 1940; x_wconf 89' lang='lat' dir='ltr'>scripturus</span> <span class='ocrx_word' id='word_1_313' title='bbox 433 1889 641 1940; x_wconf 86' lang='lat' dir='ltr'>copiosius</span> <span class='ocrx_word' id='word_1_314' title='bbox 672 1889 796 1927; x_wconf 87' lang='lat' dir='ltr'>simul</span> <span class='ocrx_word' id='word_1_315' title='bbox 828 1893 957 1940; x_wconf 87' lang='lat' dir='ltr'>atque</span> <span class='ocrx_word' id='word_1_316' title='bbox 989 1889 1162 1928; x_wconf 89' lang='lat' dir='ltr'>dabitur</span> <span class='ocrx_word' id='word_1_317' title='bbox 1192 1893 1236 1928; x_wconf 93' lang='lat' dir='ltr'>et</span> <span class='ocrx_word' id='word_1_318' title='bbox 1266 1889 1404 1928; x_wconf 86' lang='lat' dir='ltr'>ocium</span> <span class='ocrx_word' id='word_1_319' title='bbox 1436 1893 1480 1927; x_wconf 94' lang='lat' dir='ltr'>et</span> <span class='ocrx_word' id='word_1_320' title='bbox 1510 1893 1765 1940; x_wconf 84' lang='lat' dir='ltr'>grammato·</span> <span class='ocrx_word' id='word_1_321' title='bbox 1791 1904 1829 1925; x_wconf 82' lang='lat'>10</span> 
     </span>
     <span class='ocr_line' id='line_1_32' title="bbox 166 1943 510 1995; baseline -0.003 -13"><span class='ocrx_word' id='word_1_322' title='bbox 166 1943 324 1995; x_wconf 89' lang='lat' dir='ltr'>phorus</span> <span class='ocrx_word' id='word_1_323' title='bbox 346 1944 510 1982; x_wconf 89' lang='lat' dir='ltr'>certior.</span> 
     </span>
    </p>

    <p class='ocr_par' dir='ltr' id='par_1_9' title="bbox 167 1996 1832 2699">
     <span class='ocr_line' id='line_1_33' title="bbox 220 1996 1769 2048; baseline -0.001 -12"><span class='ocrx_word' id='word_1_324' title='bbox 220 1997 372 2036; x_wconf 89' lang='lat' dir='ltr'>Tutius</span> <span class='ocrx_word' id='word_1_325' title='bbox 393 1997 518 2036; x_wconf 90' lang='lat' dir='ltr'>simul</span> <span class='ocrx_word' id='word_1_326' title='bbox 539 2001 583 2036; x_wconf 89' lang='lat' dir='ltr'>et</span> <span class='ocrx_word' id='word_1_327' title='bbox 604 1997 866 2036; x_wconf 89' lang='lat' dir='ltr'>commodius</span> <span class='ocrx_word' id='word_1_328' title='bbox 887 2002 979 2036; x_wconf 89' lang='lat' dir='ltr'>erat</span> <span class='ocrx_word' id='word_1_329' title='bbox 999 1997 1102 2036; x_wconf 89' lang='lat' dir='ltr'>haec</span> <span class='ocrx_word' id='word_1_330' title='bbox 1125 2010 1265 2036; x_wconf 89' lang='lat' dir='ltr'>coram</span> <span class='ocrx_word' id='word_1_331' title='bbox 1289 2010 1422 2048; x_wconf 77' lang='lat' dir='ltr'>agere,</span> <span class='ocrx_word' id='word_1_332' title='bbox 1446 1996 1655 2048; x_wconf 84' lang='lat' dir='ltr'>planeque</span> <span class='ocrx_word' id='word_1_333' title='bbox 1677 2001 1769 2035; x_wconf 85' lang='lat' dir='ltr'>erat</span> 
     </span>
     <span class='ocr_line' id='line_1_34' title="bbox 167 2051 1768 2102; baseline 0 -12"><span class='ocrx_word' id='word_1_334' title='bbox 167 2052 346 2098; x_wconf 82' lang='lat' dir='ltr'>animus,</span> <span class='ocrx_word' id='word_1_335' title='bbox 375 2064 461 2102; x_wconf 90' lang='lat' dir='ltr'>quo</span> <span class='ocrx_word' id='word_1_336' title='bbox 488 2064 588 2090; x_wconf 88' lang='lat' dir='ltr'>sane</span> <span class='ocrx_word' id='word_1_337' title='bbox 615 2064 744 2102; x_wconf 91' lang='lat' dir='ltr'>quam</span> <span class='ocrx_word' id='word_1_338' title='bbox 773 2052 1062 2091; x_wconf 88' lang='lat' dir='ltr'>amantissime</span> <span class='ocrx_word' id='word_1_339' title='bbox 1088 2052 1248 2091; x_wconf 90' lang='lat' dir='ltr'>inuitat</span> <span class='ocrx_word' id='word_1_340' title='bbox 1274 2055 1351 2090; x_wconf 91' lang='lat' dir='ltr'>tua</span> <span class='ocrx_word' id='word_1_341' title='bbox 1378 2051 1629 2102; x_wconf 84' lang='lat' dir='ltr'>benignitas.</span> <span class='ocrx_word' id='word_1_342' title='bbox 1686 2051 1768 2090; x_wconf 83' lang='lat' dir='ltr'>Sed</span> 
     </span>
     <span class='ocr_line' id='line_1_35' title="bbox 168 2105 1768 2157; baseline -0.001 -12"><span class='ocrx_word' id='word_1_343' title='bbox 168 2119 293 2157; x_wconf 82' lang='lat' dir='ltr'>cogor</span> <span class='ocrx_word' id='word_1_344' title='bbox 315 2105 464 2144; x_wconf 88' lang='lat' dir='ltr'>edictis</span> <span class='ocrx_word' id='word_1_345' title='bbox 490 2106 722 2144; x_wconf 88' lang='lat' dir='ltr'>saeuissimi</span> <span class='ocrx_word' id='word_1_346' title='bbox 746 2107 919 2157; x_wconf 89' lang='lat' dir='ltr'>tyranni</span> <span class='ocrx_word' id='word_1_347' title='bbox 945 2119 1103 2157; x_wconf 88' lang='lat' dir='ltr'>parere.</span> <span class='ocrx_word' id='word_1_348' title='bbox 1164 2105 1173 2121; x_wconf 88' lang='lat'>‘</span> <span class='ocrx_word' id='word_1_349' title='bbox 1188 2106 1315 2146; x_wconf 87' lang='lat' dir='ltr'>Cuius</span> <span class='ocrx_word' id='word_1_350' title='bbox 1331 2105 1339 2121; x_wconf 90' lang='lat'>’</span> <span class='ocrx_word' id='word_1_351' title='bbox 1369 2106 1566 2156; x_wconf 74' lang='lat' dir='ltr'>inquies?</span> <span class='ocrx_word' id='word_1_352' title='bbox 1625 2105 1768 2156; x_wconf 84' lang='lat' dir='ltr'>Longe</span> 
     </span>
     <span class='ocr_line' id='line_1_36' title="bbox 167 2159 1824 2211; baseline -0.001 -12"><span class='ocrx_word' id='word_1_353' title='bbox 167 2159 376 2199; x_wconf 90' lang='lat' dir='ltr'>Mezentio</span> <span class='ocrx_word' id='word_1_354' title='bbox 401 2164 445 2198; x_wconf 89' lang='lat' dir='ltr'>et</span> <span class='ocrx_word' id='word_1_355' title='bbox 468 2160 692 2199; x_wconf 89' lang='lat' dir='ltr'>Phalaride</span> <span class='ocrx_word' id='word_1_356' title='bbox 717 2160 982 2207; x_wconf 83' lang='lat' dir='ltr'>crudelioris;</span> <span class='ocrx_word' id='word_1_357' title='bbox 1024 2160 1209 2200; x_wconf 88' lang='lat' dir='ltr'>calculus</span> <span class='ocrx_word' id='word_1_358' title='bbox 1232 2160 1293 2198; x_wconf 92' lang='lat' dir='ltr'>illi</span> <span class='ocrx_word' id='word_1_359' title='bbox 1315 2173 1471 2199; x_wconf 90' lang='lat' dir='ltr'>nomen</span> <span class='ocrx_word' id='word_1_360' title='bbox 1495 2163 1572 2198; x_wconf 84' lang='lat' dir='ltr'>est.</span> <span class='ocrx_word' id='word_1_361' title='bbox 1625 2160 1768 2211; x_wconf 88' lang='lat' dir='ltr'>Atque</span> <span class='ocrx_word' id='word_1_362' title='bbox 1791 2175 1824 2207; x_wconf 76' lang='lat'>15</span> 
     </span>
     <span class='ocr_line' id='line_1_37' title="bbox 167 2214 1768 2266; baseline 0 -13"><span class='ocrx_word' id='word_1_363' title='bbox 167 2215 262 2253; x_wconf 89' lang='lat' dir='ltr'>istic</span> <span class='ocrx_word' id='word_1_364' title='bbox 285 2214 457 2265; x_wconf 92' lang='lat' dir='ltr'>quidem</span> <span class='ocrx_word' id='word_1_365' title='bbox 480 2215 641 2253; x_wconf 85' lang='lat' dir='ltr'>remisit</span> <span class='ocrx_word' id='word_1_366' title='bbox 663 2228 706 2253; x_wconf 88' lang='lat' dir='ltr'>se</span> <span class='ocrx_word' id='word_1_367' title='bbox 729 2215 872 2265; x_wconf 84' lang='lat' dir='ltr'>pestis,</span> <span class='ocrx_word' id='word_1_368' title='bbox 896 2215 1058 2254; x_wconf 89' lang='lat' dir='ltr'>remisit</span> <span class='ocrx_word' id='word_1_369' title='bbox 1079 2215 1228 2266; x_wconf 85' lang='lat' dir='ltr'>hyems</span> <span class='ocrx_word' id='word_1_370' title='bbox 1249 2228 1257 2261; x_wconf 79' lang='lat'><em>3</em></span> <span class='ocrx_word' id='word_1_371' title='bbox 1296 2214 1370 2253; x_wconf 90' lang='lat' dir='ltr'>sed</span> <span class='ocrx_word' id='word_1_372' title='bbox 1391 2214 1564 2265; x_wconf 84' lang='lat' dir='ltr'>longum</span> <span class='ocrx_word' id='word_1_373' title='bbox 1588 2218 1652 2253; x_wconf 89' lang='lat' dir='ltr'>est</span> <span class='ocrx_word' id='word_1_374' title='bbox 1674 2215 1768 2261; x_wconf 88' lang='lat' dir='ltr'>iter,</span> 
     </span>
     <span class='ocr_line' id='line_1_38' title="bbox 170 2268 1768 2320; baseline -0.001 -13"><span class='ocrx_word' id='word_1_375' title='bbox 170 2273 220 2308; x_wconf 89' lang='lat' dir='ltr'>vt</span> <span class='ocrx_word' id='word_1_376' title='bbox 246 2269 332 2307; x_wconf 89' lang='lat' dir='ltr'>iam</span> <span class='ocrx_word' id='word_1_377' title='bbox 358 2272 502 2307; x_wconf 87' lang='lat' dir='ltr'>tutum</span> <span class='ocrx_word' id='word_1_378' title='bbox 532 2269 600 2315; x_wconf 88' lang='lat' dir='ltr'>sit,</span> <span class='ocrx_word' id='word_1_379' title='bbox 628 2281 703 2319; x_wconf 88' lang='lat' dir='ltr'>per</span> <span class='ocrx_word' id='word_1_380' title='bbox 727 2270 897 2307; x_wconf 90' lang='lat' dir='ltr'>niuosas</span> <span class='ocrx_word' id='word_1_381' title='bbox 928 2269 1068 2320; x_wconf 79' lang='lat' dir='ltr'>Alpes,</span> <span class='ocrx_word' id='word_1_382' title='bbox 1095 2282 1170 2320; x_wconf 85' lang='lat' dir='ltr'>per</span> <span class='ocrx_word' id='word_1_383' title='bbox 1195 2269 1475 2320; x_wconf 87' lang='lat' dir='ltr'>hypocausta,</span> <span class='ocrx_word' id='word_1_384' title='bbox 1507 2268 1561 2307; x_wconf 90' lang='lat' dir='ltr'>ad</span> <span class='ocrx_word' id='word_1_385' title='bbox 1587 2281 1768 2319; x_wconf 90' lang='lat' dir='ltr'>quorum</span> 
     </span>
     <span class='ocr_line' id='line_1_39' title="bbox 168 2322 1771 2374; baseline -0.001 -13"><span class='ocrx_word' id='word_1_386' title='bbox 168 2323 304 2362; x_wconf 87' lang='lat' dir='ltr'>solum</span> <span class='ocrx_word' id='word_1_387' title='bbox 328 2322 499 2361; x_wconf 90' lang='lat' dir='ltr'>odorem</span> <span class='ocrx_word' id='word_1_388' title='bbox 523 2324 754 2369; x_wconf 78' lang='lat' dir='ltr'>exanimor,</span> <span class='ocrx_word' id='word_1_389' title='bbox 780 2336 853 2374; x_wconf 81' lang='lat' dir='ltr'>per</span> <span class='ocrx_word' id='word_1_390' title='bbox 876 2324 1046 2362; x_wconf 87' lang='lat' dir='ltr'>sordida</span> <span class='ocrx_word' id='word_1_391' title='bbox 1069 2328 1113 2362; x_wconf 89' lang='lat' dir='ltr'>et</span> <span class='ocrx_word' id='word_1_392' title='bbox 1135 2323 1405 2362; x_wconf 86' lang='lat' dir='ltr'>incommoda</span> <span class='ocrx_word' id='word_1_393' title='bbox 1428 2323 1671 2368; x_wconf 68' lang='lat' dir='ltr'>dhmrsoria,</span> <span class='ocrx_word' id='word_1_394' title='bbox 1696 2336 1771 2373; x_wconf 86' lang='lat' dir='ltr'>per</span> 
     </span>
     <span class='ocr_line' id='line_1_40' title="bbox 169 2376 1768 2429; baseline -0.001 -14"><span class='ocrx_word' id='word_1_395' title='bbox 169 2377 282 2416; x_wconf 88' lang='lat' dir='ltr'>acria</span> <span class='ocrx_word' id='word_1_396' title='bbox 306 2378 419 2424; x_wconf 83' lang='lat' dir='ltr'>vina,</span> <span class='ocrx_word' id='word_1_397' title='bbox 445 2376 500 2416; x_wconf 88' lang='lat' dir='ltr'>ad</span> <span class='ocrx_word' id='word_1_398' title='bbox 524 2390 705 2428; x_wconf 90' lang='lat' dir='ltr'>quorum</span> <span class='ocrx_word' id='word_1_399' title='bbox 729 2382 900 2429; x_wconf 83' lang='lat' dir='ltr'>gustum</span> <span class='ocrx_word' id='word_1_400' title='bbox 926 2378 1019 2416; x_wconf 84' lang='lat' dir='ltr'>ilico</span> <span class='ocrx_word' id='word_1_401' title='bbox 1044 2378 1270 2429; x_wconf 87' lang='lat' dir='ltr'>periclitor.</span> <span class='ocrx_word' id='word_1_402' title='bbox 1324 2377 1366 2417; x_wconf 80' lang='lat' dir='ltr'>Si</span> <span class='ocrx_word' id='word_1_403' title='bbox 1391 2377 1593 2415; x_wconf 72' lang='lat' dir='ltr'>valetudo</span> <span class='ocrx_word' id='word_1_404' title='bbox 1619 2389 1768 2427; x_wconf 84' lang='lat' dir='ltr'>suppe-</span> 
     </span>
     <span class='ocr_line' id='line_1_41' title="bbox 169 2431 1832 2482; baseline -0.002 -12"><span class='ocrx_word' id='word_1_405' title='bbox 169 2435 291 2478; x_wconf 89' lang='lat' dir='ltr'>teret,</span> <span class='ocrx_word' id='word_1_406' title='bbox 309 2432 445 2470; x_wconf 90' lang='lat' dir='ltr'>tutius</span> <span class='ocrx_word' id='word_1_407' title='bbox 462 2436 571 2470; x_wconf 88' lang='lat' dir='ltr'>esset</span> <span class='ocrx_word' id='word_1_408' title='bbox 586 2432 667 2471; x_wconf 89' lang='lat' dir='ltr'>iter</span> <span class='ocrx_word' id='word_1_409' title='bbox 681 2445 755 2482; x_wconf 89' lang='lat' dir='ltr'>per</span> <span class='ocrx_word' id='word_1_410' title='bbox 771 2431 951 2471; x_wconf 84' lang='lat' dir='ltr'>Galliam</span> <span class='ocrx_word' id='word_1_411' title='bbox 973 2446 980 2478; x_wconf 81' lang='lat'><em>3</em></span> <span class='ocrx_word' id='word_1_412' title='bbox 1014 2445 1161 2471; x_wconf 89' lang='lat' dir='ltr'>verum</span> <span class='ocrx_word' id='word_1_413' title='bbox 1178 2432 1221 2470; x_wconf 91' lang='lat' dir='ltr'>id</span> <span class='ocrx_word' id='word_1_414' title='bbox 1237 2432 1311 2470; x_wconf 88' lang='lat' dir='ltr'>fiet</span> <span class='ocrx_word' id='word_1_415' title='bbox 1327 2431 1399 2470; x_wconf 86' lang='lat' dir='ltr'>vbi</span> <span class='ocrx_word' id='word_1_416' title='bbox 1416 2431 1531 2469; x_wconf 74' lang='lat' dir='ltr'>volet</span> <span class='ocrx_word' id='word_1_417' title='bbox 1547 2431 1769 2470; x_wconf 87' lang='lat' dir='ltr'>Dominus.</span> <span class='ocrx_word' id='word_1_418' title='bbox 1788 2446 1832 2468; x_wconf 79' lang='lat'>20</span> 
     </span>
     <span class='ocr_line' id='line_1_42' title="bbox 171 2485 1770 2529; baseline -0.001 -5"><span class='ocrx_word' id='word_1_419' title='bbox 171 2485 349 2525; x_wconf 87' lang='lat' dir='ltr'>Interim</span> <span class='ocrx_word' id='word_1_420' title='bbox 391 2486 622 2524; x_wconf 89' lang='lat' dir='ltr'>Dominum</span> <span class='ocrx_word' id='word_1_421' title='bbox 665 2486 806 2525; x_wconf 89' lang='lat' dir='ltr'>Iesum</span> <span class='ocrx_word' id='word_1_422' title='bbox 849 2490 1003 2525; x_wconf 74' lang='lat' dir='ltr'>testem</span> <span class='ocrx_word' id='word_1_423' title='bbox 1045 2486 1155 2525; x_wconf 85' lang='lat' dir='ltr'>facio</span> <span class='ocrx_word' id='word_1_424' title='bbox 1198 2487 1323 2524; x_wconf 88' lang='lat' dir='ltr'>huius</span> <span class='ocrx_word' id='word_1_425' title='bbox 1365 2485 1659 2529; x_wconf 73' lang='lat' dir='ltr'>conscientiae.</span> <span class='ocrx_word' id='word_1_426' title='bbox 1704 2498 1770 2523; x_wconf 84' lang='lat' dir='ltr'>me</span> 
     </span>
     <span class='ocr_line' id='line_1_43' title="bbox 169 2539 1770 2591; baseline -0.001 -13"><span class='ocrx_word' id='word_1_427' title='bbox 169 2540 371 2591; x_wconf 91' lang='lat' dir='ltr'>quicquid</span> <span class='ocrx_word' id='word_1_428' title='bbox 389 2541 622 2591; x_wconf 88' lang='lat' dir='ltr'>scripturus</span> <span class='ocrx_word' id='word_1_429' title='bbox 638 2553 745 2586; x_wconf 89' lang='lat' dir='ltr'>sum,</span> <span class='ocrx_word' id='word_1_430' title='bbox 765 2541 943 2591; x_wconf 84' lang='lat' dir='ltr'>simplici</span> <span class='ocrx_word' id='word_1_431' title='bbox 961 2553 1220 2591; x_wconf 78' lang='lat' dir='ltr'>synccroque</span> <span class='ocrx_word' id='word_1_432' title='bbox 1238 2540 1378 2578; x_wconf 89' lang='lat' dir='ltr'>animo</span> <span class='ocrx_word' id='word_1_433' title='bbox 1397 2539 1588 2577; x_wconf 74' lang='lat' dir='ltr'>scribere.</span> <span class='ocrx_word' id='word_1_434' title='bbox 1634 2539 1770 2577; x_wconf 85' lang='lat' dir='ltr'>Nemo</span> 
     </span>
     <span class='ocr_line' id='line_1_44' title="bbox 171 2593 1769 2645; baseline 0 -13"><span class='ocrx_word' id='word_1_435' title='bbox 171 2594 414 2632; x_wconf 90' lang='lat' dir='ltr'>mortalium</span> <span class='ocrx_word' id='word_1_436' title='bbox 432 2594 542 2645; x_wconf 83' lang='lat' dir='ltr'>leget</span> <span class='ocrx_word' id='word_1_437' title='bbox 560 2595 668 2633; x_wconf 91' lang='lat' dir='ltr'>hanc</span> <span class='ocrx_word' id='word_1_438' title='bbox 687 2595 910 2645; x_wconf 88' lang='lat' dir='ltr'>epistolam</span> <span class='ocrx_word' id='word_1_439' title='bbox 929 2596 1007 2633; x_wconf 91' lang='lat' dir='ltr'>nisi</span> <span class='ocrx_word' id='word_1_440' title='bbox 1026 2608 1103 2633; x_wconf 90' lang='lat' dir='ltr'>nos</span> <span class='ocrx_word' id='word_1_441' title='bbox 1121 2594 1219 2633; x_wconf 89' lang='lat' dir='ltr'>duo.</span> <span class='ocrx_word' id='word_1_442' title='bbox 1267 2594 1309 2633; x_wconf 79' lang='lat' dir='ltr'>Si</span> <span class='ocrx_word' id='word_1_443' title='bbox 1328 2593 1429 2643; x_wconf 91' lang='lat' dir='ltr'>quid</span> <span class='ocrx_word' id='word_1_444' title='bbox 1449 2593 1601 2644; x_wconf 72' lang='lat' dir='ltr'>placet,</span> <span class='ocrx_word' id='word_1_445' title='bbox 1622 2597 1740 2632; x_wconf 76' lang='lat' dir='ltr'>vtere</span> <span class='ocrx_word' id='word_1_446' title='bbox 1761 2606 1769 2639; x_wconf 90' lang='grc'>;</span> 
     </span>
     <span class='ocr_line' id='line_1_45' title="bbox 170 2648 1136 2699; baseline 0.001 -13"><span class='ocrx_word' id='word_1_447' title='bbox 170 2648 205 2686; x_wconf 88' lang='lat' dir='ltr'>si</span> <span class='ocrx_word' id='word_1_448' title='bbox 225 2648 328 2698; x_wconf 89' lang='lat' dir='ltr'>quid</span> <span class='ocrx_word' id='word_1_449' title='bbox 348 2648 555 2699; x_wconf 85' lang='lat' dir='ltr'>displicet,</span> <span class='ocrx_word' id='word_1_450' title='bbox 577 2653 684 2699; x_wconf 89' lang='lat' dir='ltr'>puta</span> <span class='ocrx_word' id='word_1_451' title='bbox 704 2662 789 2687; x_wconf 91' lang='lat' dir='ltr'>non</span> <span class='ocrx_word' id='word_1_452' title='bbox 809 2662 897 2687; x_wconf 85' lang='lat' dir='ltr'>esse</span> <span class='ocrx_word' id='word_1_453' title='bbox 918 2649 1136 2699; x_wconf 89' lang='lat' dir='ltr'>scriptum.</span> 
     </span>
    </p>
   </div>
   <div class='ocr_carea' id='block_1_8' title="bbox 173 2743 1770 3049">
    <p class='ocr_par' dir='ltr' id='par_1_10' title="bbox 173 2743 1770 3049">
     <span class='ocr_line' id='line_1_46' title="bbox 219 2743 1770 2788; baseline 0 -11"><span class='ocrx_word' id='word_1_454' title='bbox 219 2747 314 2778; x_wconf 87' lang='grc'>1351.</span> <span class='ocrx_word' id='word_1_455' title='bbox 341 2750 392 2788; x_wconf 82' lang='lat'>46.</span> <span class='ocrx_word' id='word_1_456' title='bbox 411 2745 547 2784; x_wconf 86' lang='lat' dir='ltr'>dcntcs]</span> <span class='ocrx_word' id='word_1_457' title='bbox 559 2745 701 2777; x_wconf 81' lang='lat' dir='ltr'>Cf.Hor.</span> <span class='ocrx_word' id='word_1_458' title='bbox 714 2746 748 2776; x_wconf 77' lang='lat' dir='ltr'>S.</span> <span class='ocrx_word' id='word_1_459' title='bbox 764 2746 930 2785; x_wconf 82' lang='lat'>2.1.77,8.</span> <span class='ocrx_word' id='word_1_460' title='bbox 1006 2754 1099 2776; x_wconf 88' lang='lat'>1020.</span> <span class='ocrx_word' id='word_1_461' title='bbox 1133 2746 1224 2785; x_wconf 76' lang='lat' dir='ltr'>54n),</span> <span class='ocrx_word' id='word_1_462' title='bbox 1255 2744 1325 2775; x_wconf 83' lang='lat' dir='ltr'>and</span> <span class='ocrx_word' id='word_1_463' title='bbox 1355 2743 1438 2775; x_wconf 72' lang='lat' dir='ltr'>then</span> <span class='ocrx_word' id='word_1_464' title='bbox 1471 2744 1618 2785; x_wconf 76' lang='lat' dir='ltr'>perhaps</span> <span class='ocrx_word' id='word_1_465' title='bbox 1648 2755 1692 2776; x_wconf 85' lang='lat' dir='ltr'>on</span> <span class='ocrx_word' id='word_1_466' title='bbox 1724 2745 1770 2787; x_wconf 79' lang='lat' dir='ltr'>by</span> 
     </span>
     <span class='ocr_line' id='line_1_47' title="bbox 219 2787 1770 2830; baseline -0.001 -8"><span class='ocrx_word' id='word_1_467' title='bbox 219 2790 315 2822; x_wconf 84' lang='lat'>1352.</span> <span class='ocrx_word' id='word_1_468' title='bbox 342 2800 371 2830; x_wconf 84' lang='lat'>5.</span> <span class='ocrx_word' id='word_1_469' title='bbox 398 2789 561 2829; x_wconf 86' lang='lat' dir='ltr'>vtroque]</span> <span class='ocrx_word' id='word_1_470' title='bbox 580 2789 669 2829; x_wconf 89' lang='lat' dir='ltr'>Epp.</span> <span class='ocrx_word' id='word_1_471' title='bbox 694 2798 787 2828; x_wconf 77' lang='lat'>1324,</span> <span class='ocrx_word' id='word_1_472' title='bbox 810 2790 901 2828; x_wconf 82' lang='lat'>1338.</span> <span class='ocrx_word' id='word_1_473' title='bbox 1002 2798 1082 2820; x_wconf 82' lang='lat' dir='ltr'>sca:</span> <span class='ocrx_word' id='word_1_474' title='bbox 1111 2798 1149 2819; x_wconf 88' lang='lat' dir='ltr'>as</span> <span class='ocrx_word' id='word_1_475' title='bbox 1164 2787 1340 2825; x_wconf 79' lang='lat' dir='ltr'>Sadolcto,</span> <span class='ocrx_word' id='word_1_476' title='bbox 1356 2787 1541 2829; x_wconf 63' lang='lat' dir='ltr'>trax&#39;clling</span> <span class='ocrx_word' id='word_1_477' title='bbox 1555 2788 1643 2819; x_wconf 88' lang='lat' dir='ltr'>from</span> <span class='ocrx_word' id='word_1_478' title='bbox 1659 2789 1770 2820; x_wconf 85' lang='lat' dir='ltr'>Rome</span> 
     </span>
     <span class='ocr_line' id='line_1_48' title="bbox 219 2831 1770 2875; baseline 0.001 -12"><span class='ocrx_word' id='word_1_479' title='bbox 219 2844 268 2875; x_wconf 86' lang='lat'>15.</span> <span class='ocrx_word' id='word_1_480' title='bbox 294 2831 460 2871; x_wconf 85' lang='lat' dir='ltr'>calculus]</span> <span class='ocrx_word' id='word_1_481' title='bbox 481 2832 541 2863; x_wconf 86' lang='lat' dir='ltr'>Sce</span> <span class='ocrx_word' id='word_1_482' title='bbox 562 2832 616 2872; x_wconf 90' lang='lat' dir='ltr'>Ep</span> <span class='ocrx_word' id='word_1_483' title='bbox 651 2834 743 2871; x_wconf 81' lang='lat'>1267.</span> <span class='ocrx_word' id='word_1_484' title='bbox 772 2841 843 2863; x_wconf 89' lang='lat' dir='ltr'>10n.</span> <span class='ocrx_word' id='word_1_485' title='bbox 1004 2836 1041 2863; x_wconf 87' lang='lat' dir='ltr'>to</span> <span class='ocrx_word' id='word_1_486' title='bbox 1065 2832 1275 2873; x_wconf 80' lang='lat' dir='ltr'>Carpentras</span> <span class='ocrx_word' id='word_1_487' title='bbox 1298 2832 1333 2862; x_wconf 91' lang='lat' dir='ltr'>in</span> <span class='ocrx_word' id='word_1_488' title='bbox 1360 2831 1456 2871; x_wconf 83' lang='lat' dir='ltr'>April</span> <span class='ocrx_word' id='word_1_489' title='bbox 1486 2841 1580 2872; x_wconf 71' lang='lat'>1527.</span> <span class='ocrx_word' id='word_1_490' title='bbox 1607 2837 1699 2864; x_wconf 31' lang='lat' dir='ltr'>went*</span> <span class='ocrx_word' id='word_1_491' title='bbox 1724 2833 1770 2874; x_wconf 76' lang='lat' dir='ltr'>by</span> 
     </span>
     <span class='ocr_line' id='line_1_49' title="bbox 220 2874 1769 2917; baseline 0.001 -10"><span class='ocrx_word' id='word_1_492' title='bbox 220 2880 268 2910; x_wconf 83' lang='lat'>16.</span> <span class='ocrx_word' id='word_1_493' title='bbox 294 2875 417 2917; x_wconf 82' lang='lat' dir='ltr'>pestis]</span> <span class='ocrx_word' id='word_1_494' title='bbox 434 2876 495 2907; x_wconf 84' lang='lat' dir='ltr'>See</span> <span class='ocrx_word' id='word_1_495' title='bbox 512 2876 575 2916; x_wconf 92' lang='lat' dir='ltr'>Ep.</span> <span class='ocrx_word' id='word_1_496' title='bbox 598 2884 691 2915; x_wconf 85' lang='lat'>1324.</span> <span class='ocrx_word' id='word_1_497' title='bbox 714 2884 808 2916; x_wconf 75' lang='lat'>11311.</span> <span class='ocrx_word' id='word_1_498' title='bbox 1003 2886 1060 2906; x_wconf 82' lang='lat' dir='ltr'>sea</span> <span class='ocrx_word' id='word_1_499' title='bbox 1088 2875 1177 2906; x_wconf 80' lang='lat' dir='ltr'>from</span> <span class='ocrx_word' id='word_1_500' title='bbox 1206 2874 1467 2907; x_wconf 72' lang='lat' dir='ltr'>Civitavoochia</span> <span class='ocrx_word' id='word_1_501' title='bbox 1496 2879 1533 2907; x_wconf 84' lang='lat' dir='ltr'>to</span> <span class='ocrx_word' id='word_1_502' title='bbox 1560 2875 1645 2907; x_wconf 85' lang='lat' dir='ltr'>Nice</span> <span class='ocrx_word' id='word_1_503' title='bbox 1674 2875 1769 2917; x_wconf 85' lang='lat' dir='ltr'>(Sad.</span> 
     </span>
     <span class='ocr_line' id='line_1_50' title="bbox 219 2917 1768 2963; baseline 0.001 -12"><span class='ocrx_word' id='word_1_504' title='bbox 219 2930 268 2963; x_wconf 91' lang='lat'>17.</span> <span class='ocrx_word' id='word_1_505' title='bbox 296 2918 529 2961; x_wconf 77' lang='lat' dir='ltr'>hypocausta]</span> <span class='ocrx_word' id='word_1_506' title='bbox 548 2918 597 2950; x_wconf 80' lang='lat' dir='ltr'>Cf.</span> <span class='ocrx_word' id='word_1_507' title='bbox 619 2919 683 2960; x_wconf 84' lang='lat' dir='ltr'>Ep.</span> <span class='ocrx_word' id='word_1_508' title='bbox 708 2920 800 2958; x_wconf 74' lang='lat'>1248.</span> <span class='ocrx_word' id='word_1_509' title='bbox 827 2928 899 2950; x_wconf 81' lang='lat' dir='ltr'>lon.</span> <span class='ocrx_word' id='word_1_510' title='bbox 1004 2919 1044 2950; x_wconf 90' lang='lat' dir='ltr'>E.</span> <span class='ocrx_word' id='word_1_511' title='bbox 1074 2920 1108 2950; x_wconf 91' lang='lat' dir='ltr'>ii.</span> <span class='ocrx_word' id='word_1_512' title='bbox 1137 2920 1206 2959; x_wconf 84' lang='grc'>65).</span> <span class='ocrx_word' id='word_1_513' title='bbox 1259 2918 1308 2950; x_wconf 79' lang='lat' dir='ltr'>Cf.</span> <span class='ocrx_word' id='word_1_514' title='bbox 1339 2917 1412 2949; x_wconf 79' lang='lat' dir='ltr'>also</span> <span class='ocrx_word' id='word_1_515' title='bbox 1440 2919 1666 2959; x_wconf 78' lang='lat' dir='ltr'>Herminjard</span> <span class='ocrx_word' id='word_1_516' title='bbox 1691 2922 1768 2960; x_wconf 74' lang='lat'>483.</span> 
     </span>
     <span class='ocr_line' id='line_1_51' title="bbox 218 2962 1770 3005; baseline -0.001 -9"><span class='ocrx_word' id='word_1_517' title='bbox 218 2974 269 2996; x_wconf 85' lang='lat'>20.</span> <span class='ocrx_word' id='word_1_518' title='bbox 295 2974 356 3005; x_wconf 87' lang='lat' dir='ltr'>per</span> <span class='ocrx_word' id='word_1_519' title='bbox 379 2962 544 3001; x_wconf 83' lang='lat' dir='ltr'>Galliam]</span> <span class='ocrx_word' id='word_1_520' title='bbox 572 2963 634 2993; x_wconf 90' lang='lat' dir='ltr'>i.c.</span> <span class='ocrx_word' id='word_1_521' title='bbox 668 2962 714 3003; x_wconf 89' lang='lat' dir='ltr'>by</span> <span class='ocrx_word' id='word_1_522' title='bbox 737 2962 936 2999; x_wconf 85' lang='lat' dir='ltr'>Marscillcs,</span> <span class='ocrx_word' id='word_1_523' title='bbox 1006 2962 1077 2994; x_wconf 80' lang='lat' dir='ltr'>The</span> <span class='ocrx_word' id='word_1_524' title='bbox 1107 2962 1221 2997; x_wconf 76' lang='lat' dir='ltr'>roads.</span> <span class='ocrx_word' id='word_1_525' title='bbox 1253 2966 1324 2999; x_wconf 80' lang='lat' dir='ltr'>too,</span> <span class='ocrx_word' id='word_1_526' title='bbox 1357 2962 1509 2993; x_wconf 69' lang='lat' dir='ltr'>between</span> <span class='ocrx_word' id='word_1_527' title='bbox 1540 2963 1671 2995; x_wconf 78' lang='lat' dir='ltr'>Franco</span> <span class='ocrx_word' id='word_1_528' title='bbox 1701 2964 1770 2995; x_wconf 80' lang='lat' dir='ltr'>and</span> 
     </span>
     <span class='ocr_line' id='line_1_52' title="bbox 173 3005 1770 3049; baseline 0.001 -12"><span class='ocrx_word' id='word_1_529' title='bbox 173 3006 325 3048; x_wconf 83' lang='lat' dir='ltr'>through</span> <span class='ocrx_word' id='word_1_530' title='bbox 353 3007 468 3049; x_wconf 81' lang='lat' dir='ltr'>Lyons</span> <span class='ocrx_word' id='word_1_531' title='bbox 495 3006 564 3038; x_wconf 86' lang='lat' dir='ltr'>and</span> <span class='ocrx_word' id='word_1_532' title='bbox 594 3006 753 3047; x_wconf 83' lang='lat' dir='ltr'>Avignon</span> <span class='ocrx_word' id='word_1_533' title='bbox 782 3006 829 3046; x_wconf 83' lang='lat' dir='ltr'>(cf</span> <span class='ocrx_word' id='word_1_534' title='bbox 870 3006 934 3047; x_wconf 90' lang='lat' dir='ltr'>Ep.</span> <span class='ocrx_word' id='word_1_535' title='bbox 1006 3006 1101 3047; x_wconf 75' lang='lat' dir='ltr'>Italy</span> <span class='ocrx_word' id='word_1_536' title='bbox 1133 3005 1202 3037; x_wconf 84' lang='lat' dir='ltr'>had</span> <span class='ocrx_word' id='word_1_537' title='bbox 1237 3005 1321 3037; x_wconf 83' lang='lat' dir='ltr'>been</span> <span class='ocrx_word' id='word_1_538' title='bbox 1355 3006 1489 3048; x_wconf 64' lang='lat' dir='ltr'>greatly</span> <span class='ocrx_word' id='word_1_539' title='bbox 1523 3007 1702 3049; x_wconf 72' lang='lat' dir='ltr'>improved</span> <span class='ocrx_word' id='word_1_540' title='bbox 1735 3007 1770 3038; x_wconf 85' lang='lat' dir='ltr'>of</span> 
     </span>
    </p>
   </div>
   <div class='ocr_carea' id='block_1_9' title="bbox 231 3074 983 3109">
    <p class='ocr_par' dir='ltr' id='par_1_11' title="bbox 231 3074 983 3109">
     <span class='ocr_line' id='line_1_53' title="bbox 231 3074 983 3109; baseline -0.008 -2"><span class='ocrx_word' id='word_1_541' title='bbox 231 3078 328 3109; x_wconf 82' lang='lat'><strong>452·5</strong></span> <span class='ocrx_word' id='word_1_542' title='bbox 961 3074 983 3101; x_wconf 75' lang='lat' dir='ltr'>s</span> 
     </span>
    </p>
   </div>
  </div>
 </body>
</html>
