2012 3370
157 135 278 184 1328]
578 132 738 172 FRoM
766 130 1023 172 WILLIAM
1053 129 1322 169 BUDAEUS
1670 128 1744 165 155

154 248 344 295 tempore
369 247 414 283 et
439 242 597 283 difficili
620 255 673 281 ne
699 254 947 287 recusarem,
976 241 1208 279 auctoritas
1228 244 1271 279 et
1290 238 1515 290 imperium
1539 235 1749 287 Principis

154 298 258 337 mihi
279 298 468 349 cupienti
488 296 670 342 obstitit,
694 296 768 346 qui
789 295 967 334 subinde
988 296 1033 334 in
1054 294 1232 334 eandem
1253 293 1402 332 vrbem
1424 291 1613 331 aduenit.

209 352 477 403 Quapropter
494 350 546 390 de
565 364 632 389 me
649 350 694 388 in
713 363 936 388 commune
953 349 1171 388 literarum
1190 348 1411 399 negocium
1429 345 1534 385 nihil
1552 349 1617 385 est
1635 343 1751 395 quod
1767 358 1807 391 95

154 410 203 445 tu
226 419 379 458 speres,
404 405 561 445 nedum
584 405 628 442 in
650 404 773 442 lexici
797 408 1108 456 coagmentum.
1166 403 1261 442 Etsi
1283 401 1388 441 nihil
1411 405 1476 440 est
1500 403 1612 439 certe
1635 397 1752 449 quod

153 460 366 507 libentius,
415 458 640 499 iucundius
687 459 1011 509 promptiusque
1058 458 1326 508 susciperem,
1376 455 1411 494 si
1459 454 1564 494 mihi
1611 452 1751 492 ocium

153 517 411 566 suppeteret.
468 513 573 552 Post
601 513 680 552 hac
709 512 888 551 fortasse
918 512 1063 551 videro
1093 511 1197 563 quid
1226 514 1441 562 praestare
1470 522 1537 548 me
1567 519 1752 559 aequum

153 569 210 608 sit
233 581 309 620 pro
334 568 457 614 virili,
482 566 690 619 siquando
715 566 884 605 vberius
909 565 1178 617 prouidentia
1202 579 1255 604 ex
1279 564 1409 603 animi
1434 564 1516 602 mei
1540 561 1754 602 sententia

153 635 318 662 mecum
339 622 470 673 egerit
488 635 498 669 3
534 625 579 660 et
597 620 723 660 simul
743 634 839 659 cum
860 624 1002 659 aetate
1022 620 1101 659 hac
1121 623 1268 658 nostra
1287 617 1621 669 indulgente<r>,
1643 628 1753 667 quae
1773 629 1834 653 100

153 690 300 717 vereor
320 677 413 728 ipsa
434 688 487 715 ne
509 675 610 714 olim
632 675 806 726 insignis
829 674 1035 714 bellorum
1058 673 1249 713 cladibus
1271 672 1418 712 futura
1441 672 1497 711 sit
1516 684 1525 710 ε
1564 670 1608 709 id
1637 668 1754 721 quod

153 731 319 770 vtinam
341 730 520 770 ominari
541 743 608 769 me
630 729 746 768 Deus
766 728 875 768 nolit
894 728 903 768 1
960 728 1078 768 Vale.

207 784 378 824 Parisiis
399 783 602 836 postridie
624 783 782 823 Iduum
803 783 1115 823 Decembrium.

206 839 410 878 Deloinus
438 851 506 878 me
534 838 675 877 visens
702 837 846 877 literas
875 841 972 877 tuas
1001 836 1132 888 legit;
1177 835 1252 887 qui
1280 834 1467 874 eiusdem
1497 846 1604 885 pene
1633 844 1752 884 argu-

154 893 287 932 menti
319 892 543 944 epistolam
576 892 773 931 habuisse
806 905 832 931 a
864 895 907 931 te
940 891 1062 937 dixit,
1098 890 1166 930 cui
1199 890 1317 929 breui
1355 888 1635 939 rescripturus
1673 889 1752 925 est.
1774 900 1833 934 105

154 947 257 987 Vale
280 960 438 995 rursus,
464 947 529 986 vir
553 946 606 986 de
629 946 761 986 literis
786 947 907 985 nouis
932 944 1136 997 exemplis
1160 944 1440 984 meritissime.

636 1077 820 1130 13291338
879 1074 947 1115 To
980 1072 1175 1114 ADRIAN
1209 1071 1287 1114 VI.

201 1159 487 1205 Exomologesis,
506 1170 605 1205 1524,
622 1160 665 1195 f0.
683 1159 732 1193 E‘3
747 1163 800 1193 νο.
1452 1155 1569 1191 Basle.

200 1219 274 1253 HN
290 1232 298 1253 ι
326 1218 442 1252 Lond.
460 1218 560 1252 xxiii.
576 1229 595 1252 2
615 1231 623 1252 ι
651 1217 724 1252 LB.
740 1219 821 1261 641.
1319 1225 1362 1248 22
1380 1213 1586 1247 December
1602 1222 1703 1257 1522.

197 1293 254 1332 [In
269 1292 328 1324 the
340 1291 586 1332 Exomoloqesis
598 1293 668 1332 (see
680 1302 713 1333 p.
732 1293 806 1332 121)
821 1291 880 1324 the
895 1292 1010 1324 editor
1022 1290 1176 1334 prefixed
1189 1295 1227 1323 to
1240 1290 1309 1322 this
1321 1290 1425 1322 letter
1437 1289 1496 1321 the
1509 1288 1622 1321 words
1638 1286 1646 1299 ‘
1658 1288 1754 1319 Haeo

150 1335 299 1378 epistola
328 1336 433 1367 missa
461 1338 516 1367 est
543 1336 655 1377 priore
685 1335 877 1377 diplomate
906 1336 1012 1367 misso
1034 1334 1175 1376 quidem
1205 1334 1265 1366 sed
1294 1333 1451 1365 nondum
1474 1332 1612 1364 reddito
1623 1331 1630 1344 ⁷
1643 1343 1652 1369 ;
1696 1330 1755 1362 the

153 1378 162 1391 ⁶
176 1380 271 1421 prius
288 1379 444 1420 diploma
457 1378 465 1392 ’
485 1378 587 1420 being
604 1378 783 1420 evidently
801 1378 866 1420 Ep.
890 1388 983 1419 1324.
1026 1378 1081 1420 By
1098 1389 1119 1410 a
1136 1376 1478 1418 misunderstanding
1496 1375 1556 1407 the
1572 1374 1702 1406 editors
1720 1373 1755 1405 of

153 1423 186 1454 Η
201 1422 386 1464 appended
401 1422 460 1454 the
476 1422 588 1454 words
603 1425 641 1454 to
656 1422 722 1464 Ep.
742 1431 837 1463 1310,
853 1421 965 1454 which
980 1421 1142 1464 precedes
1157 1421 1227 1453 this
1241 1420 1346 1452 letter
1358 1420 1395 1452 in
1411 1419 1470 1451 the
1485 1417 1731 1458 Exomoloqesis
1746 1428 1754 1454 3

151 1466 222 1498 and
240 1466 348 1504 there,
366 1466 402 1498 in
421 1465 574 1499 defiance
594 1465 629 1498 of
647 1465 707 1497 the
726 1464 872 1498 obvious
890 1475 998 1503 sense,
1019 1465 1103 1507 they
1121 1465 1211 1497 have
1229 1464 1385 1496 hitherto
1402 1460 1606 1501 remained]

296 1563 331 1593 S.
352 1563 393 1592 P.
416 1562 462 1592 N.
497 1562 714 1591 ADRIANO
748 1562 900 1592 SEXTO
934 1560 1151 1591 ERASMVS
1183 1558 1537 1590 ROTERODAMVS
1570 1557 1606 1587 S.

207 1635 481 1675 BEATISSIME
507 1635 649 1682 Pater,
675 1635 849 1686 pietatis
873 1635 918 1673 in
943 1638 986 1673 te
1012 1647 1130 1673 meae
1155 1636 1464 1684 promptaeque
1489 1643 1588 1682 erga
1612 1628 1754 1669 sedem

152 1690 280 1730 istam
320 1689 587 1729 obedientiae
627 1689 779 1741 pignus
818 1690 972 1728 iterum
1014 1689 1140 1727 mitto
1181 1700 1255 1739 per
1294 1686 1511 1738 publicum
1552 1684 1754 1723 nuncium

154 1745 341 1784 ciuitatis
374 1744 629 1790 Basiliensis‚
663 1744 698 1782 si
729 1743 839 1782 forte
871 1743 1036 1782 libellus
1068 1755 1194 1794 quem
1227 1741 1390 1793 pridem
1423 1740 1530 1786 misi,
1564 1738 1755 1778 redditus

154 1812 240 1838 non
256 1802 334 1838 est.
390 1798 500 1837 Tum
518 1798 634 1837 aliud
652 1797 707 1837 ad
723 1811 898 1836 manum
915 1811 1002 1836 non
1018 1801 1111 1836 erat
1130 1810 1137 1835 ι
1174 1796 1247 1834 vbi
1263 1808 1351 1835 sese
1369 1795 1536 1834 vberior
1553 1792 1757 1832 obtulerit

153 1853 331 1900 occasio,
371 1866 458 1892 non
496 1852 719 1892 defuturus
759 1866 852 1891 sum
892 1852 1028 1890 officio
1068 1864 1175 1890 meo.
1233 1849 1350 1888 Nihil
1388 1849 1453 1888 his
1491 1846 1755 1898 temporibus
1775 1863 1791 1896 5

154 1911 296 1959 potest
321 1920 411 1946 esse
435 1907 735 1952 turbulentius,
763 1907 807 1944 in
832 1906 987 1957 quibus
1012 1904 1305 1944 difficillimum
1330 1904 1386 1942 sit
1411 1902 1609 1942 omnibus
1633 1901 1754 1940 satis-

153 1962 303 2001 facere.
362 1961 452 2012 Ego
495 1965 607 2000 certe
649 1961 855 1999 hactenus
897 1959 1082 1999 satisfeci
1125 1958 1407 1998 conscientiae
1448 1970 1580 2003 meae,
1624 1968 1753 2007 quam

153 2029 274 2068 spero
301 2029 367 2054 me
393 2016 559 2055 Christo
584 2015 714 2054 etiam
741 2014 1091 2066 approbaturum.
1149 2013 1298 2064 Neque
1322 2011 1501 2063 simplex
1526 2015 1592 2050 est
1615 2022 1755 2048 rerum

154 2073 416 2122 tempestas;
457 2070 598 2116 armis,
624 2069 906 2120 opinionibus,
932 2068 1098 2115 studiis,
1124 2067 1395 2113 factionibus,
1421 2065 1529 2105 odiis
1553 2063 1757 2104 conuulsa

153 2128 256 2164 sunt
280 2124 436 2163 omnia.
492 2123 678 2163 Mundus
702 2137 835 2163 vnum
860 2127 904 2163 te
927 2126 1108 2175 spectat,
1134 2123 1209 2175 qui
1232 2121 1357 2161 rebus
1381 2120 1580 2160 humanis
1603 2118 1755 2158 sereni·
1777 2135 1817 2159 xo

155 2183 292 2219 tatem
315 2178 505 2218 reducas.

210 2233 254 2273 Si
274 2237 351 2272 tua
371 2233 577 2272 sanctitas
598 2232 775 2279 iubebit,
799 2232 964 2271 audebo
986 2231 1156 2271 secretis
1176 2231 1308 2270 literis
1328 2229 1514 2270 indicare
1536 2227 1756 2268 consilium

156 2300 311 2335 meum,
339 2287 374 2326 si
400 2300 487 2326 non
512 2286 711 2339 prudens,
740 2290 852 2326 certe
878 2286 1000 2326 fidele
1021 2300 1029 2334 3
1073 2300 1158 2338 quo
1186 2285 1346 2325 malum
1374 2284 1453 2323 hoc
1480 2283 1539 2322 sic
1566 2281 1756 2333 extingui

156 2342 290 2393 possit
312 2345 362 2381 vt
383 2355 470 2381 non
491 2341 614 2381 facile
635 2341 872 2393 repullulet.
931 2341 1019 2381 Nec
1042 2341 1154 2380 enim
1177 2340 1320 2392 magni
1342 2338 1471 2378 refert
1493 2338 1551 2377 sic
1574 2335 1757 2388 opprimi

156 2396 371 2443 violentia,
405 2400 455 2435 vt
485 2409 585 2435 mox
616 2400 814 2447 erumpat
844 2396 1003 2435 maiore
1034 2409 1130 2434 cum
1162 2393 1362 2446 periculo,
1394 2390 1755 2444 quemadmodum
1779 2407 1814 2440 15

154 2450 293 2490 solent
326 2450 435 2489 male
470 2453 619 2489 curata
653 2450 837 2489 hulcera.
895 2450 948 2489 In
982 2450 1145 2501 magnis
1180 2448 1510 2500 tempestatibus
1545 2459 1570 2484 a
1604 2444 1758 2496 quouis

154 2505 285 2544 etiam
322 2518 366 2544 se
402 2505 563 2544 moneri
598 2505 823 2556 patiuntur
860 2504 1096 2556 quamlibet
1132 2504 1258 2555 periti
1294 2502 1610 2554 gubernatores.
1668 2498 1756 2537 Nec

524 2576 618 2608 1328.
644 2576 699 2614 96.
725 2585 842 2618 speras
852 2578 886 2610 β.
1027 2584 1101 2606 100.
1126 2574 1364 2616 indulgentius
1384 2576 1418 2607 β.

204 2664 298 2696 1328.
324 2672 379 2703 94.
404 2662 550 2695 eandem
588 2662 726 2702 vrbem]
764 2662 917 2704 Perhaps
990 2662 1089 2694 when
1114 2662 1173 2693 the
1200 2661 1299 2693 Basle
1324 2660 1441 2702 public
1467 2669 1661 2701 messenger
1685 2668 1755 2689 was

158 2706 262 2740 Blois.
989 2706 1062 2738 also
1078 2707 1114 2737 in
1132 2706 1243 2738 Rome
1262 2705 1340 2745 (Ep.
1364 2705 1457 2744 1416.
1479 2705 1544 2743 37).

207 2759 280 2791 104.
307 2748 489 2788 Deloinus]
505 2749 566 2782 See
583 2749 648 2791 Ep.
664 2759 742 2790 494.
1075 2747 1226 2787 libellus]
1247 2747 1442 2779 Arnobius:
1480 2757 1534 2778 see
1566 2746 1630 2787 Ep.
1658 2755 1751 2786 1304.

206 2805 276 2835 105.
302 2792 503 2834 epistolam]
519 2793 590 2824 Not
606 2796 742 2824 extant.
990 2793 1054 2833 Ep.
1082 2794 1174 2832 1338.
1203 2792 1266 2832 3-6
1288 2791 1400 2822 shows
1424 2790 1504 2822 that
1527 2790 1613 2822 both
1637 2790 1754 2831 copies

204 2838 298 2870 1329.
326 2845 355 2877 3.
381 2836 537 2868 ciuitatis
553 2834 764 2874 Basilicnsis]
776 2835 849 2867 The
862 2835 919 2867 ob·
989 2835 1136 2867 reached
1153 2835 1213 2866 the
1231 2835 1334 2876 Pope.

157 2881 229 2921 ject
246 2880 280 2912 of
297 2880 367 2911 this
387 2879 511 2921 appeal
536 2882 573 2911 to
593 2879 716 2917 Rome,
736 2879 791 2911 for
810 2878 921 2910 which
1039 2888 1088 2910 12.
1115 2877 1311 2916 consilium]
1330 2877 1392 2910 See
1411 2877 1476 2919 Ep.
1501 2886 1581 2918 1352
1601 2876 1730 2908 introd.
1747 2888 1754 2907 :

159 2923 201 2955 cf.
219 2923 252 2955 ll.
272 2925 369 2966 34—8,
392 2923 464 2955 and
486 2923 551 2964 Ep.
580 2932 672 2963 1330.
692 2934 767 2963 2—3.
792 2922 809 2954 Ι
833 2922 921 2954 have
990 2922 1062 2953 also
1084 2921 1149 2964 Ep.
1179 2930 1271 2963 1335.
1299 2931 1352 2962 3n.
1407 2921 1474 2953 For
1496 2920 1617 2953 earlier
1638 2930 1755 2961 essays

159 2969 222 2999 not
239 2967 326 2999 been
343 2966 420 2998 able
439 2969 476 2998 to
495 2966 661 2998 discover.
705 2967 740 2998 lt
758 2976 866 2997 seems
886 2970 922 2997 to
991 2977 1034 2997 011
1075 2965 1133 2997 tho
1163 2975 1257 2997 samo
1288 2964 1425 3005 subject
1456 2975 1511 2997 see
1543 2964 1633 3005 Epp.
1671 2972 1754 3003 1149

161 3009 249 3042 have
279 3010 364 3042 bcen
393 3011 427 3041 in
457 3020 612 3052 progrcss
640 3011 732 3041 since
762 3009 920 3051 August:
989 3009 1242 3051 introd.,1275.
1266 3019 1340 3041 2011.
