2012 3370
239 149 318 187 318
714 147 969 187 LETTERS
1001 148 1073 187 or
1103 148 1368 189 ERASMUs
1717 151 1841 199 [1523

240 271 325 297 non
346 257 449 296 facit
466 257 653 295 fructum
678 256 851 302 bonum,
877 255 1116 295 exciditur.'
1186 256 1340 296 Itidem
1364 257 1533 303 Paulus,
1558 256 1566 271 ‘
1586 256 1841 296 Mortificate

156 327 216 360 215
240 313 431 351 membra
458 316 600 350 vestra
625 323 735 361 quae
761 315 863 349 sunt
888 323 1013 361 super
1038 315 1196 350 terram
1217 325 1225 358 ;
1269 313 1586 357 scortationem,
1613 311 1840 350 immundi-

239 368 359 413 ciem,
384 366 616 411 libidinem,
645 366 1033 416 concupiscentiam
1062 365 1219 404 malam
1247 371 1291 404 et
1319 365 1588 405 auariciam'.
1636 365 1698 404 Ac
1726 378 1840 413 mox,

243 421 252 436 ‘
272 422 550 471 Expoliantes
572 433 648 458 vos
670 423 858 458 veterem
881 419 1096 459 hominem
1118 433 1215 459 cum
1237 421 1404 459 actibus
1425 421 1511 459 suis
1528 420 1550 458 ’.
1603 419 1838 466 Exhausit;

239 475 454 526 quomodo
478 487 623 513 rursus
648 474 831 525 implet?
881 474 889 489 ‘
905 473 1078 513 Induite
1105 488 1181 513 vos
1198 475 1219 522 ’,
1245 476 1398 526 inquit,
1433 475 1567 513 ‘sicut
1596 475 1733 513 sancti
1762 474 1841 513 Dei

237 534 281 569 et
305 530 440 576 electi,
466 530 628 568 viscera
652 528 975 575 misericordiae,
1001 529 1323 581 benignitatem,
1349 529 1650 575 humilitatem,
1678 528 1840 567 modes-

156 600 220 622 220
237 585 356 631 tiam,
381 584 650 635 patientiam,
674 587 978 634 supportantes
1000 584 1182 622 inuicem
1205 589 1249 622 et
1272 584 1563 622 condonantes
1586 583 1709 621 vobis
1731 584 1842 622 inter

239 652 327 685 VOS,
356 640 390 677 si
417 639 512 689 quis
541 638 746 677 aduersus
779 638 964 689 aliquem
998 638 1131 678 habet
1163 639 1392 689 querelam,
1421 640 1531 676 sicut
1562 642 1605 676 et
1632 637 1841 676 Dominus

237 693 418 732 donauit
441 693 576 732 vobis.
629 692 764 743 Super
787 694 931 731 omnia
954 697 1098 731 autem
1124 693 1227 731 haee
1252 693 1506 731 charitatem
1531 692 1699 738 habete,
1726 692 1841 742 quod

237 752 303 786 est
318 747 537 786 vinculum
554 747 838 798 perfectionis,
857 751 901 786 et
916 760 1001 798 pax
1023 748 1178 786 Christi
1198 747 1363 786 exultet
1382 749 1427 786 in
1444 747 1642 786 cordibus
1659 746 1840 785 vestris.’

238 802 495 841 Huiusmodi
513 802 688 841 domum
707 802 961 840 mundatam
980 803 1118 853 scopis
1135 806 1179 840 et
1196 802 1355 840 talibus
1374 802 1635 841 ornamentis
1653 801 1841 851 vndique

156 871 216 903 225
237 857 407 908 plenam
440 870 527 896 non
560 869 704 895 rursus
737 857 966 907 occupabit
998 857 1173 907 spiritus
1206 856 1356 903 malus,
1390 869 1584 895 reuersus
1618 868 1714 894 cum
1748 855 1841 894 aliis

237 916 401 962 septem
432 912 525 962 ipso
557 911 784 962 peioribus.
846 910 992 949 Habet
1023 912 1152 961 igitur
1184 910 1442 962 Euangelica
1474 910 1685 949 medicina
1717 923 1840 948 suum

236 967 398 1013 vinum,
416 965 532 1017 quod
548 965 768 1004 emordeat
786 966 946 1003 saniem
963 964 1187 1003 vulnerum
1206 970 1462 1004 nostrorum.
1514 964 1522 979 ‘
1542 965 1624 1003 Abi
1643 968 1742 1015 post
1759 977 1839 1010 me,

237 1020 411 1067 Satana,
447 1033 533 1059 non
566 1020 680 1070 sapis
714 1032 764 1058 ea
796 1032 906 1070 quae
941 1019 1020 1057 Dei
1054 1023 1168 1065 sunt,
1204 1019 1277 1058 sed
1310 1032 1420 1070 quae
1454 1023 1556 1058 sunt
1588 1019 1838 1065 hominum,'

237 1076 385 1114 vinum
405 1079 483 1113 est.
533 1074 658 1113 Nunc
678 1074 776 1112 Vide
797 1074 936 1112 oleum
953 1087 960 1112 :
1000 1074 1008 1088 ⁶
1026 1073 1236 1113 Confidite
1257 1076 1358 1124 quia
1378 1087 1454 1125 ego
1475 1075 1559 1112 vici
1579 1073 1787 1112 mundum
1804 1073 1812 1088 '
1830 1085 1839 1118 ;

153 1151 170 1173 2
176 1149 219 1182 30
237 1128 247 1144 ‘
266 1129 452 1180 Capillus
481 1130 633 1179 eapitis
653 1129 784 1167 vestri
803 1141 890 1167 non
909 1128 1066 1179 peribit
1081 1128 1090 1143 ²
1107 1141 1115 1173 ;
1163 1128 1171 1143 ⁶
1190 1128 1334 1168 Nolite
1362 1130 1525 1175 timere,
1546 1127 1697 1179 pusille
1724 1140 1839 1179 grex,

235 1184 438 1235 quoniam
459 1187 650 1222 vestrum
670 1186 735 1222 est
753 1195 931 1234 regnum
955 1182 1197 1222 coelorum.'
1250 1183 1408 1222 Paulus
1431 1183 1564 1222 habet
1588 1183 1730 1221 eibum
1754 1195 1840 1234 quo

234 1237 355 1277 fouet
374 1250 510 1289 nuper
530 1250 755 1276 conuersos
776 1237 832 1276 ad
852 1237 1082 1284 Christum,
1104 1250 1157 1276 ne
1176 1237 1424 1277 relabantur
1443 1239 1488 1276 in
1508 1237 1679 1276 morbos
1700 1236 1839 1276 adhuc

235 1292 493 1339 imbecilles;
542 1292 676 1331 habet
706 1296 750 1331 et
783 1292 965 1331 solidum
998 1292 1154 1338 cibum,
1189 1293 1263 1343 qui
1296 1292 1540 1331 corroboret
1571 1304 1642 1331 eos
1674 1304 1839 1342 semper

236 1346 503 1398 proficientes
532 1359 666 1397 vsque
694 1347 750 1385 ad
777 1359 1020 1385 mensuram
1048 1346 1325 1398 plenitudinis
1353 1347 1522 1386 Christi.
1580 1346 1729 1385 Robur
1757 1345 1837 1385 col-

154 1414 215 1447 235
236 1402 426 1452 legerant
451 1401 504 1440 de
530 1401 685 1452 quibus
711 1402 918 1452 scriptum
944 1404 1010 1440 est
1035 1402 1080 1440 in
1105 1400 1225 1440 Actis
1251 1401 1519 1452 Apostolieis,
1551 1400 1559 1415 ‘
1579 1400 1710 1439 Ibant
1735 1413 1835 1451 gau-

236 1455 385 1495 dentes
414 1468 440 1494 a
468 1459 698 1507 conspectu
727 1455 901 1502 consilii,
931 1455 1047 1506 quod
1080 1455 1197 1506 digni
1229 1456 1367 1494 habiti
1395 1459 1536 1494 essent
1562 1467 1639 1506 pro
1667 1455 1838 1493 nomine

236 1510 333 1549 Iesu
348 1510 649 1549 contumeliam
663 1511 755 1561 pati
775 1509 798 1548 ’.
841 1509 990 1549 Robur
1003 1509 1228 1561 collegerat
1241 1511 1315 1561 qui
1328 1510 1451 1557 dixit,
1469 1509 1478 1525 ‘
1499 1509 1652 1549 Omnia
1664 1522 1837 1560 possum

235 1566 280 1604 in
301 1578 350 1604 eo
371 1566 445 1616 qui
467 1578 533 1603 me
553 1564 710 1603 fortem
730 1564 872 1603 reddit
892 1564 914 1603 '.
965 1564 1147 1603 Proinde
1168 1565 1377 1603 Dominus
1398 1564 1517 1603 Iesus
1537 1565 1582 1603 in
1603 1563 1837 1615 Euangelio

235 1619 433 1658 hortatur
461 1619 516 1657 ad
544 1632 663 1658 esum
690 1620 813 1670 panis
841 1632 863 1657 e
891 1618 1006 1657 coelo
1034 1618 1227 1669 profecti,
1257 1620 1376 1658 cuius
1409 1631 1503 1657 esus
1541 1622 1734 1670 praestat
1759 1619 1835 1656 im-

153 1686 219 1717 240
235 1673 557 1712 mortalitatem.
610 1673 823 1712 Hortatur
845 1673 901 1711 ad
924 1686 1043 1712 esum
1067 1674 1204 1712 carnis
1227 1686 1341 1720 suae,
1367 1673 1422 1711 ad
1445 1676 1598 1724 potum
1621 1673 1838 1724 sanguinis

237 1728 302 1766 sui
322 1740 329 1766 :
370 1727 570 1765 nimirum
595 1726 647 1766 de
671 1726 866 1766 doctrina
889 1739 966 1765 sua
989 1727 1187 1773 sentiens,
1213 1740 1322 1778 quae
1346 1731 1396 1766 vt
1419 1727 1541 1778 panis
1564 1730 1764 1778 vegetum
1789 1739 1837 1765 ac

236 1781 460 1821 robustum
481 1781 622 1820 reddit
643 1782 846 1828 animum,
869 1785 920 1819 vt
940 1781 1088 1819 vinum
1109 1781 1257 1821 efficax
1278 1781 1461 1820 inebriat
1481 1794 1615 1832 Vsque
1636 1781 1691 1819 ad
1712 1781 1837 1819 huius

235 1837 352 1875 Vitae
382 1839 691 1887 contemptum,
722 1840 773 1874 vt
802 1848 898 1874 earo
929 1835 1108 1874 solidam
1137 1836 1269 1875 habet
1298 1836 1557 1882 alimoniam,
1588 1839 1638 1874 vt
1667 1835 1837 1886 sanguis

235 1890 411 1929 vitalem
433 1890 564 1929 habet
585 1891 686 1929 vim.
739 1890 994 1941 Quanquam
1017 1894 1161 1929 autem
1183 1891 1320 1929 omnis
1341 1890 1488 1929 diuina
1509 1889 1727 1941 Scriptura
1747 1890 1835 1928 vim

153 1959 214 1991 245
235 1945 367 1984 habet
393 1944 615 1991 medicam,
644 1949 790 1983 tamen
816 1944 980 1983 nullum
1006 1944 1285 1996 pharmacum
1312 1944 1444 1984 habet
1470 1944 1678 1984 efficacius
1705 1957 1835 1995 quam

236 1999 553 2050 Euangelicum.
607 1998 727 2037 Idem
750 2000 795 2037 in
818 1999 1014 2038 omnibus
1038 2003 1103 2038 est
1125 2000 1311 2051 spiritus,
1337 1999 1410 2038 sed
1432 2000 1476 2037 in
1499 1999 1564 2037 his
1587 2011 1676 2037 esse
1698 1998 1836 2037 voluit

234 2054 279 2092 in
296 2066 381 2104 quo
399 2054 623 2104 praecipue
640 2054 729 2092 Vim
746 2067 867 2092 suam
885 2057 1086 2100 exereret,
1105 2067 1158 2093 ne
1176 2053 1339 2092 nullum
1357 2058 1467 2092 esset
1484 2053 1708 2092 discrimen
1724 2053 1836 2092 inter

236 2108 450 2146 ministros
470 2111 514 2146 et
533 2107 779 2154 Dominum,
800 2108 911 2146 inter
930 2107 1103 2146 lacunas
1123 2112 1168 2147 et
1186 2108 1363 2147 fontem.

291 2161 643 2212 Operaeprecium
666 2166 732 2201 est
754 2166 899 2200 autem
923 2162 1186 2202 considerare
1209 2166 1373 2214 quanta
1396 2163 1452 2201 sit
1474 2162 1539 2200 vis
1562 2161 1687 2200 huius
1709 2161 1833 2212 phar-

153 2230 219 2263 250
235 2217 357 2254 maci.
418 2215 676 2266 Respublica
706 2229 858 2267 eorpus
888 2216 1106 2267 quoddam
1138 2221 1215 2256 est.
1275 2216 1416 2255 Huius
1446 2220 1587 2268 pestes
1618 2229 1667 2255 ac
1697 2215 1835 2254 morbi

235 2274 336 2309 sunt
355 2269 457 2309 mali
476 2283 612 2309 mores
632 2283 640 2309 :
677 2270 832 2321 quibus
852 2270 1026 2309 diuersis
1046 2271 1286 2322 regionibus
1305 2270 1605 2322 praecellentes
1625 2270 1835 2321 sapientia

235 2325 315 2363 viri
324 2323 436 2376 leges
450 2337 526 2363 ceu
541 2324 727 2363 remedia
738 2324 950 2376 quaedam
963 2329 1273 2376 opposuerunt;
1295 2325 1415 2364 velut
1427 2324 1544 2376 apud
1554 2324 1833 2363 Athenienses

234 2378 374 2426 Solon,
397 2378 513 2430 apud
534 2378 890 2418 Lacedaemonios
912 2378 1142 2430 Lycurgus,
1167 2379 1283 2430 apud
1305 2379 1522 2418 Cretenses
1542 2378 1694 2425 Minos,
1718 2378 1833 2429 apud

234 2433 452 2472 Romanos
477 2433 717 2472 decemuiri.
770 2433 923 2472 Nullus
948 2437 1094 2472 tamen
1118 2433 1270 2472 horum
1294 2433 1439 2485 potuit
1463 2432 1623 2472 efficere
1649 2436 1699 2471 vt
1722 2432 1833 2483 leges

153 2502 213 2534 255
233 2500 341 2538 quas
374 2487 644 2534 condidisset,
680 2487 786 2526 aliae
819 2501 988 2539 quoque
1024 2488 1218 2527 nationes
1251 2487 1620 2539 amplecterentur.
1685 2486 1745 2525 Ac
1780 2500 1832 2525 ne

233 2542 422 2580 tentauit
445 2541 617 2592 quidem
641 2542 721 2581 hoc
743 2542 911 2581 illorum
935 2542 1174 2593 quisquam,
1200 2555 1252 2581 ne
1276 2546 1443 2594 praeter
1465 2541 1635 2580 inanem
1660 2553 1831 2591 operam

233 2595 523 2646 impudentiae
551 2609 721 2647 quoque
747 2596 1012 2636 lucrifaceret
1039 2597 1293 2647 opinionem.
1350 2596 1478 2636 Solon
1505 2595 1681 2634 decenni
1708 2595 1832 2634 exilio

234 2649 342 2701 leges
369 2663 467 2689 suas
492 2650 677 2690 obtrusit
702 2652 776 2689 vni
801 2651 981 2690 ciuitati.
1036 2651 1173 2698 Plato,
1201 2652 1266 2690 vir
1290 2655 1381 2690 tarn
1408 2650 1559 2689 doctus
1585 2663 1633 2688 ac
1659 2649 1831 2701 perinde

322 2758 395 2789 232.
421 2748 535 2779 adhuc
553 2749 628 2781 add.
662 2752 692 2783 β.
875 2753 948 2791 236.
974 2749 1110 2780 concilii
1126 2761 1158 2789 -γ,
1342 2757 1414 2792 247.
1441 2749 1572 2783 vimB:
1599 2748 1693 2780 viam
1710 2760 1740 2777 a.

280 2873 354 2904 214.
382 2862 525 2902 Paulus]
540 2863 608 2896 Col.
627 2873 657 2904 3.
677 2873 704 2904 5.
1107 2874 1181 2903 229.
1208 2862 1395 2902 Confidite]
1411 2863 1506 2896 John
1525 2865 1572 2896 16.
1592 2873 1645 2903 33.

280 2908 353 2937 216.
382 2905 478 2945 mox]
493 2906 563 2938 Col.
582 2917 611 2947 3.
628 2917 659 2945 9.
1109 2918 1182 2948 230.
1210 2906 1377 2948 Capillus]
1391 2907 1488 2938 Luke
1501 2916 1553 2939 21.
1575 2908 1623 2938 18.

281 2950 354 2980 218.
380 2949 511 2990 inquit]
529 2949 599 2981 Col.
620 2960 649 2990 3.
673 2959 789 2990 12—15.
1152 2950 1285 2989 Nolite]
1301 2950 1398 2982 Luke
1417 2959 1465 2981 12.
1484 2959 1535 2990 32.

280 2999 355 3034 224.
382 2992 509 3032 scopis]
521 2992 624 3023 Matt.
642 3001 692 3025 12.
705 3005 759 3035 44,
772 2993 868 3025 Luke
883 3001 932 3024 11.
947 3002 1000 3034 25.
1109 3004 1181 3034 235.
1208 2992 1322 3032 Actis]
1344 3002 1371 3033 5.
1391 3002 1444 3032 41.

281 3045 354 3077 227.
383 3034 464 3074 Abi]
484 3036 586 3068 Matt.
612 3038 659 3068 16.
682 3046 736 3076 23,
758 3036 858 3068 Mark
876 3039 906 3069 8.
929 3046 981 3077 33.
1108 3047 1180 3079 237.
1209 3036 1335 3068 Omnia
1350 3035 1507 3076 possum]
1524 3035 1610 3067 Phil.
1628 3046 1660 3076 4.
1682 3043 1731 3076 13.
