2012 3370
176 124 298 171 1400]
767 120 841 159 10
871 119 1115 165 1111111015
1146 120 1167 158 I
1689 121 1768 159 359

172 242 265 268 eam
291 233 473 280 gentem,
500 232 643 268 tantas
668 240 768 278 opes
793 228 986 279 aggessit,
1014 231 1063 266 vt
1087 241 1198 266 nunc
1225 227 1278 265 ob
1304 227 1405 265 haec
1431 227 1549 277 graui
1574 226 1768 266 laborent

172 283 346 322 inuidia.
404 283 583 322 Ioannes
615 282 669 321 ob
701 282 867 332 linguae
898 282 1139 320 libertatem
1172 281 1403 320 decollatus
1436 285 1527 320 est:
1577 281 1650 319 sed
1682 295 1766 320 non

172 351 317 376 omnes
341 342 442 377 sunt
466 337 666 382 Herodes,
693 349 768 374 nec
793 349 938 374 omnes
962 336 1123 374 habent
1146 335 1445 374 Herodiadem.
1503 334 1763 382 Ambrosius,
1784 345 1845 384 265

172 392 392 443 episcopus
440 390 773 436 Mediolanensis,
824 403 950 428 ausus
999 394 1063 428 est
1110 389 1393 428 Theodosium
1442 389 1661 429 Caesarem
1710 390 1765 429 ob

171 446 381 485 crudelem
404 459 452 484 ac
473 445 796 496 praecipitatam
818 445 861 482 in
882 443 1271 482 Thessalonicenses
1293 444 1548 482 sententiam
1571 457 1596 482 a
1617 444 1765 494 templi

170 499 313 539 limine
357 500 580 546 secludere,
626 502 807 549 postque
852 511 1000 536 saeuas
1045 498 1370 549 obiurgationes,
1417 502 1515 548 post
1558 497 1764 537 indictam

170 554 516 600 satisfactionem,
533 554 577 592 in
592 553 901 604 poenitentium
917 552 1092 590 classem
1107 552 1302 603 relegare.
1360 552 1421 590 Ac
1437 552 1549 590 tanti
1565 552 1765 603 principis

170 609 368 647 maiestas
389 609 513 647 cessit
532 607 755 646 autoritati
774 606 990 657 praesulis.
1039 606 1242 644 Tentauit
1260 606 1373 644 idem
1394 606 1593 657 Babylas,
1615 606 1762 645 Antio·
1784 622 1849 654 270

170 662 327 701 chenus
355 663 587 713 episcopus,
618 661 819 699 aduersus
848 673 987 711 regem
1014 660 1250 698 innocentis
1280 660 1506 698 homicidio
1537 660 1761 710 pollutum.

170 716 229 755 Et
271 716 520 756 interfectus
557 720 649 762 est3
710 714 783 754 sed
820 719 1013 753 mortuus
1046 713 1327 752 formidabilis
1362 727 1450 752 esse
1484 715 1636 764 coepit,
1677 728 1763 753 non

167 770 303 809 solum
327 771 495 810 ethnico
523 770 701 816 Caesari,
722 769 1003 808 verumetiam
1023 767 1301 807 daemonibus
1321 768 1395 818 qui
1412 772 1504 806 tuin
1527 768 1665 807 adhuc
1686 782 1762 819 pro

168 824 248 863 diis
268 825 527 864 colebantur.

221 879 311 930 Ego
341 892 440 918 vero
469 879 527 918 sic
557 879 672 924 mihi,
704 878 796 916 Rex
827 877 999 928 optime,
1031 877 1082 915 de
1112 876 1248 916 Caroli
1278 876 1478 923 Caesaris,
1510 876 1561 914 de
1590 880 1679 922 tuo,
1711 876 1763 916 de
1782 892 1842 924 275

167 932 294 984 Regis
334 933 509 985 Angliae
550 933 716 984 ingenio
758 931 1004 983 persuadeo,
1047 936 1097 970 vt
1137 944 1223 969 non
1264 930 1456 969 dubitem
1499 944 1575 968 vos
1616 943 1761 969 omnes

165 987 404 1026 salubribus
452 987 633 1026 consiliis
681 987 1048 1037 obtemperaturos
1096 985 1224 1024 fuisse
1271 985 1536 1036 iampridem,
1586 985 1620 1023 si
1669 985 1763 1036 quis

166 1042 350 1080 monitor
370 1041 558 1080 modeste
578 1041 682 1080 liber
702 1045 745 1079 et
764 1041 891 1079 libere
912 1040 1129 1079 modestus
1148 1040 1372 1078 extitisset.
1431 1039 1573 1089 Atque
1594 1040 1762 1077 interim

164 1095 310 1146 ingens
332 1096 489 1147 vbique
511 1096 633 1146 copia
654 1099 719 1134 est
740 1096 918 1134 istorum
940 1095 1015 1146 qui
1036 1095 1273 1145 principum
1297 1094 1461 1132 animos
1482 1093 1687 1144 instigent
1709 1093 1763 1132 ad

165 1149 436 1188 bellandum:
482 1150 682 1188 nimirum
712 1150 755 1188 hi
784 1162 964 1200 quorum
996 1148 1228 1187 commodis
1257 1147 1430 1199 expedit
1459 1160 1524 1186 res
1554 1147 1763 1186 humanas
1781 1156 1848 1186 280

163 1217 252 1242 esse
269 1204 554 1255 perturbatas.
603 1204 721 1242 Alius
740 1205 937 1254 suggerit,
960 1203 968 1218 ‘
984 1203 1059 1242 Ille
1078 1207 1120 1241 te
1145 1203 1380 1241 contemnit
1396 1202 1419 1248 ³,
1443 1208 1449 1215 ⁵
1466 1201 1541 1240 Ille
1560 1201 1638 1240 hoc
1657 1202 1701 1240 in
1719 1206 1762 1240 te

162 1257 261 1297 iecit
302 1271 490 1297 scomma
509 1258 547 1296 ἐ
601 1258 719 1303 alius,
760 1258 910 1296 ‘Hanc
946 1262 1112 1309 partem
1149 1258 1183 1295 si
1219 1256 1418 1295 adieceris
1460 1256 1611 1294 ditioni
1647 1259 1760 1302 tuae,

162 1311 284 1350 facile
306 1325 439 1363 quum
462 1312 577 1350 voles
600 1312 770 1350 adiicies
792 1316 836 1350 et
856 1312 972 1350 illam
989 1311 1011 1349 ’.
1073 1311 1107 1350 O
1131 1311 1346 1349 consultor
1361 1310 1598 1348 inconsulte
1619 1310 1625 1347 !
1651 1323 1761 1360 quur

163 1367 348 1417 suggeris
372 1379 594 1417 quousque
618 1367 783 1417 possint
807 1365 983 1416 proferri
1008 1365 1183 1404 ditionis
1207 1365 1376 1410 limites,
1399 1365 1542 1415 potius
1567 1377 1697 1414 quam
1717 1365 1761 1402 in

162 1424 349 1460 mentem
374 1433 548 1459 reuocas
573 1433 704 1471 quam
730 1421 922 1471 angustis
946 1420 1138 1459 terminis
1165 1419 1265 1458 olim
1291 1419 1398 1457 ditio
1424 1432 1533 1469 quae
1559 1431 1671 1457 nunc
1698 1422 1763 1457 est
1780 1427 1840 1466 285

161 1475 570 1513 circunscribebatur
591 1480 605 1511 ’ἐ
666 1474 777 1522 Quin
797 1474 1000 1513 admones
1021 1474 1176 1525 quibus
1196 1473 1333 1512 modis
1353 1473 1469 1524 quod
1489 1473 1611 1511 adest
1631 1477 1762 1523 queat

161 1529 448 1568 administrari
466 1533 580 1568 recte
599 1530 742 1580 potius
761 1542 891 1580 quam
911 1528 1087 1580 proferri
1109 1531 1124 1566 ’3
1183 1527 1429 1566 Proferendi
1447 1527 1603 1566 limites
1622 1527 1762 1565 nullus

161 1587 226 1622 est
253 1583 361 1623 finis.
420 1584 481 1622 Ac
505 1597 605 1622 vero
634 1585 774 1622 verius
802 1588 867 1622 est
895 1583 1011 1633 quod
1040 1583 1208 1634 scripsit
1231 1582 1401 1628 Seneca,
1428 1581 1553 1620 Multi
1580 1583 1759 1632 impera·

161 1641 274 1676 tores
289 1637 394 1677 fines
410 1638 503 1677 aliis
519 1638 802 1684 abstulerunt,
821 1638 901 1676 sibi
917 1650 1042 1676 nemo
1059 1638 1296 1676 constituit.
1353 1637 1577 1676 Caeterum
1593 1637 1637 1674 111
1655 1636 1760 1674 bene

161 1692 499 1731 administrando
530 1705 631 1731 vera
662 1693 901 1743 principum
932 1692 1024 1730 laus
1055 1696 1132 1730 est.
1191 1691 1431 1729 Alexander
1461 1691 1653 1741 Magnus,
1687 1690 1760 1728 vbi
1779 1705 1846 1737 290

161 1750 339 1785 ventum
365 1751 475 1785 esset
500 1747 556 1785 ad
582 1747 811 1792 Oceanum,
839 1746 1097 1785 desiderauit
1123 1745 1304 1784 alterum
1331 1745 1476 1784 orbem
1497 1758 1504 1790 3
1548 1744 1759 1791 videlicet,

160 1800 270 1839 illius
297 1801 521 1840 ambitioni
549 1801 733 1839 mundus
760 1801 826 1840 hic
854 1805 946 1839 erat
973 1804 1191 1851 angustus.
1251 1799 1453 1837 Hercules
1480 1798 1593 1837 vltra
1621 1798 1759 1837 Gades

160 1868 245 1893 non
276 1859 341 1894 cst
373 1868 628 1906 progressus.
687 1856 810 1895 Nunc
843 1855 1067 1893 ambitioni
1098 1858 1268 1893 nostrae
1300 1853 1439 1892 nullae
1472 1857 1573 1891 sunt
1605 1852 1758 1899 Gades,

159 1909 299 1947 nullus
324 1910 529 1948 Oceanus.
588 1909 743 1948 Verum
768 1909 971 1948 aduersus
994 1910 1172 1947 istorum
1197 1908 1418 1959 pestiferas
1442 1921 1566 1946 voces
1590 1911 1761 1958 oportet

159 1964 323 2002 animos
352 1964 686 2003 Christianorum
715 1965 954 2015 principum
984 1963 1138 2003 Christi
1167 1963 1359 2008 decretis,
1391 1962 1509 2001 velut
1538 1961 1758 2008 antidotis,
1776 1977 1837 2007 295

158 2017 381 2068 diligenter
405 2032 493 2056 esse
518 2019 822 2069 praemunitos,
849 2023 979 2068 atque
1005 2017 1059 2056 ad
1086 2017 1385 2068 Euangelieam
1412 2016 1612 2067 regulam,
1640 2016 1759 2053 velut

159 2072 214 2110 ad
235 2085 424 2123 scopum,
447 2073 590 2111 omnia
611 2073 787 2124 dirigere
809 2073 994 2112 consilia.

214 2126 398 2173 Quaeres
421 2126 601 2166 forsitan
626 2140 736 2178 quur
759 2127 839 2166 tibi
864 2127 1191 2178 occupatissimo
1216 2130 1307 2165 tam
1333 2125 1541 2177 prolixam
1567 2125 1757 2164 cecinam

159 2180 417 2219 cantionem.
459 2181 553 2220 Imo
568 2182 735 2220 cunctis
749 2182 936 2232 optarim
952 2181 1062 2219 hanc
1079 2180 1340 2219 cantilenam
1357 2192 1448 2218 esse
1463 2179 1754 2224 decantatam,

158 2247 234 2273 nec
267 2235 322 2274 ob
354 2235 470 2274 aliud
502 2236 582 2274 nisi
614 2236 730 2287 quod
762 2249 829 2275 me
861 2236 1090 2275 discruciat
1121 2235 1293 2286 publica
1325 2234 1474 2273 mundi
1506 2234 1728 2273 calamitas
1747 2245 1756 2279 3
1776 2248 1842 2279 300

157 2289 357 2340 quodque
384 2290 657 2329 vehementer
683 2291 853 2341 cupiam
879 2303 944 2329 res
971 2290 1233 2330 Christianas
1259 2289 1417 2340 vbique
1443 2287 1757 2339 tranquilliores

157 2356 258 2390 esse,
289 2343 362 2382 sed
392 2345 617 2395 praecipue
645 2344 830 2384 Gallias:
877 2358 963 2396 qua
991 2344 1153 2383 ditione
1181 2345 1321 2383 nescio
1351 2356 1405 2381 an
1435 2343 1643 2381 haetenus
1672 2340 1758 2379 vlla

155 2397 285 2437 fuerit
321 2397 389 2436 vel
423 2400 609 2438 sanctior
645 2399 712 2438 vel
747 2398 976 2438 florentior.
1035 2398 1159 2446 Quod
1195 2399 1228 2437 si
1264 2397 1477 2436 tumultus
1514 2395 1758 2435 huiusmodi

156 2453 291 2491 rarius
310 2453 554 2500 existerent,
576 2453 710 2492 veluti
730 2454 904 2500 diluuia,
927 2458 1209 2492 terraemotus
1229 2456 1306 2491 aut
1327 2452 1538 2496 bulimiae,
1561 2463 1625 2487 res
1646 2454 1754 2488 esset

156 2506 427 2546 tolerabilior.
485 2508 609 2547 Nunc
641 2509 729 2547 sine
761 2508 843 2546 fine
878 2507 1036 2546 talibus
1068 2507 1250 2546 dissidiis
1282 2506 1525 2545 concutitur
1556 2503 1754 2542 mundus.
1775 2518 1834 2550 305

158 2560 217 2599 Ac
256 2561 407 2600 medici
444 2562 617 2612 quidem
655 2575 878 2613 corporum
916 2563 960 2600 in
998 2563 1121 2600 nouis
1158 2561 1316 2600 morbis
1353 2560 1512 2598 exortis
1549 2559 1756 2608 sagaciter

155 2615 379 2664 inquirunt
401 2615 501 2654 mali
525 2629 674 2655 causas
693 2630 701 2663 ;
741 2617 896 2667 quibus
919 2616 1190 2667 deprehensis
1212 2628 1298 2653 non
1320 2616 1383 2653 ita
1406 2626 1559 2663 magno
1582 2613 1756 2662 negocio

157 2667 394 2707 medentur.
452 2669 539 2708 Nec
570 2670 650 2709 hoc
681 2671 884 2716 contenti,
917 2671 1103 2709 rationes
1133 2670 1379 2719 excogitant
1410 2668 1565 2718 quibus
1595 2665 1672 2704 fiat
1703 2679 1755 2704 ne

157 2723 288 2773 pestis
337 2722 485 2762 eadem
535 2724 713 2763 subinde
761 2724 1042 2763 recrudescat.
1102 2723 1220 2771 Quur
1267 2724 1311 2761 in
1359 2723 1494 2760 tantis
1542 2722 1754 2771 totiesque

801 2830 875 2859 299.
903 2823 1061 2860 optarem
1080 2820 1106 2849 δ.

202 2919 274 2957 263.
300 2914 462 2947 laborent
486 2913 637 2954 inuidia]
664 2914 713 2947 Cf.
745 2914 803 2946 thc
832 2924 920 2946 mar·
989 2914 1125 2956 general
1142 2913 1302 2955 question
1319 2924 1373 2945 see
1389 2913 1421 2945 J.
1440 2913 1479 2945 A.
1499 2913 1647 2952 Fronde,
1664 2913 1697 2945 H
1702 2914 1753 2946 ist.

155 2959 248 3000 ginal
266 2961 367 2991 notes
384 2958 420 2989 in
440 2959 564 2991 Morc’s
591 2958 722 2999 Vtopia,
742 2958 795 2989 cd.
817 2959 849 2991 J.
874 2959 918 2989 H.
989 2958 1026 2999 of
1041 2958 1208 2999 Emstami,
1227 2957 1280 2988 ch.
1302 2967 1330 2997 3.

157 3002 311 3044 Lupton,
348 3002 441 3043 1895,
478 3014 508 3044 p.
548 3002 632 3042 287:
681 3002 749 3033 and
783 3013 827 3033 011
862 3002 920 3033 the
1036 3003 1108 3034 288.
1135 3002 1374 3044 Seiiei·a]l3e11.
1396 3011 1421 3042 7.
1443 3010 1470 3042 7.
1489 3010 1516 3042 5.
