2012 3370
26 153 148 203 1452]
390 151 462 191 ΤΟ
479 151 806 191 WILLIBALD
835 151 1246 191 PIRCKHEIMER
1535 153 1611 192 471

23 262 214 302 fortassis
246 274 295 300 eo
327 274 393 300 me
427 260 652 300 conferam.
715 260 766 299 In
798 260 932 312 Aprili
965 262 1225 302 contuleram
1260 275 1325 301 mc
1359 263 1612 302 Bisantium.

23 316 297 367 Magistratus
320 315 444 355 simul
467 319 511 354 et
534 315 732 354 Canonici
756 314 1003 354 obtulerunt
1025 317 1236 368 ampliter.
1288 317 1367 368 Egi
1389 317 1547 368 gratias
1569 321 1615 355 et
1631 330 1673 362 45

22 370 219 421 respondi
243 370 345 409 mihi
368 370 471 408 satis
493 382 582 408 esse
605 369 661 407 ad
683 369 916 420 simplicem
940 371 1102 409 victum
1123 384 1131 409 ε
1171 384 1238 410 me
1262 371 1385 410 malle
1409 384 1502 410 meo
1525 371 1613 410 otio

24 428 69 463 et
88 424 161 463 illo
183 423 314 463 libero
336 423 481 462 fauore
505 424 569 462 vti
591 436 721 474 quam
744 427 872 474 pacta
895 424 1197 464 munificentia.
1250 425 1443 476 Expecto
1465 437 1611 476 prope-

22 478 135 517 diem
148 477 356 516 famulum
371 490 511 516 meum
525 490 577 516 ex
589 477 741 528 Anglia
754 481 798 516 et
811 477 1059 517 Brabantia.
1089 478 1199 517 Tum
1211 483 1425 519 statuetur
1437 479 1612 530 aliquid,

24 532 76 571 Id
107 532 309 583 quicquid
340 532 432 578 erit,
465 534 513 569 tu
544 544 630 570 non
660 531 886 582 ignorabis.
946 531 1121 571 Vtinam
1153 546 1271 572 meus
1303 533 1486 572 calculus
1517 546 1613 572 con-

22 587 192 637 iugatus
210 590 310 625 tuae
329 585 539 637 podagrae
558 585 683 624 simul
701 585 922 625 exularent
940 586 1056 637 apud
1080 586 1209 626 Indos
1227 589 1234 624 1
1636 601 1677 634 50

76 640 281 691 Experior
321 639 436 691 quod
475 639 633 687 scribis,
675 652 820 679 omnes
859 639 945 679 fere
984 640 1149 679 litteras
1189 645 1265 680 aut
1304 642 1498 693 intercipi
1538 646 1615 680 aut

19 695 235 746 resignari.
282 693 436 745 Scripsi
454 693 616 744 pridem
635 693 744 733 Duci
763 693 954 745 Georgio,
974 694 1029 733 ab
1046 695 1138 746 ipso
1156 699 1425 746 prouocatus.
1475 695 1614 743 Quum

21 761 107 787 non
123 747 409 799 responderet,
426 747 538 787 idem
556 752 853 800 argumentum
870 761 944 800 per
961 748 1092 788 alium
1109 750 1217 788 misi.
1262 749 1350 788 Nec
1367 762 1615 801 responsum

23 805 101 842 est.
151 802 337 841 Rursum
356 814 490 853 nuper
509 803 655 853 scripsi
675 802 768 841 aliis
787 802 839 841 de
858 802 996 842 rebus.
1047 803 1132 842 Eas
1148 804 1336 855 suspicor
1356 816 1613 855 suppressas,

21 869 283 907 quamquam
301 856 361 894 ibi
379 855 484 895 nihil
504 860 596 895 erat
611 856 727 908 quod
742 856 798 895 ad
814 856 1048 896 Lutherum
1066 859 1310 908 pertineret.
1367 858 1480 896 Bene
1507 858 1613 896 vale.
1637 873 1674 905 55

76 910 277 949 Basileae.
305 910 447 949 Tertio
472 910 540 949 die
565 910 691 950 Iunii.

76 964 167 1003 Has
188 977 275 1004 non
297 964 423 1016 relegi
443 977 451 1011 ;
491 965 694 1016 ignosces.

1228 1020 1353 1061 Nosti
1373 1033 1560 1060 manum.

75 1095 354 1135 Ornatissimo
375 1094 587 1134 Bilibaldo
607 1095 931 1142 Pirckheimero‚
954 1097 1138 1137 senatori
1160 1097 1511 1149 Nurenbergensi.

429 1240 551 1279 1453.
614 1237 683 1279 To
715 1238 938 1280 WILLIAM
971 1239 1211 1282 WARHAM.

66 1335 284 1381 Hieronymi
301 1335 491 1380 Epistolae
506 1337 560 1375 iii,
580 1348 614 1381 p.
634 1347 666 1380 3.
1382 1337 1499 1371 Basle.

65 1394 189 1428 Jortin
204 1394 243 1428 ii.
262 1402 343 1437 540.
1312 1404 1328 1439 5
1350 1396 1447 1431 dune
1469 1404 1569 1440 1524.

63 1472 150 1513 [The
168 1472 304 1514 prefaco
323 1476 361 1505 to
379 1472 438 1505 the
457 1473 553 1505 third
572 1473 710 1506 volume
729 1474 764 1506 of
782 1474 842 1507 the
860 1485 936 1506 new
956 1474 1091 1507 Froben
1109 1474 1242 1507 edition
1262 1474 1298 1506 of
1314 1474 1465 1511 Jerome,
1489 1479 1618 1515 1524-(1

19 1517 89 1554 (see
102 1516 166 1558 Ep.
187 1518 296 1556 1465),
311 1516 381 1548 and
394 1517 455 1548 the
467 1516 538 1550 last
550 1517 689 1549 volume
703 1518 739 1550 of
752 1518 813 1550 the
827 1518 964 1551 Letters
980 1530 988 1556 ;
1016 1518 1126 1550 which
1138 1519 1167 1550 is
1180 1518 1288 1550 dated
1302 1529 1347 1550 on
1362 1517 1422 1550 the
1435 1517 1618 1559 title-pago

19 1559 157 1602 August
181 1568 275 1601 1524,
297 1560 368 1592 and
389 1560 451 1593 has
473 1571 518 1593 on
538 1571 571 1602 p.
595 1569 636 1599 27
643 1569 659 1600 3
682 1572 703 1593 a
723 1561 828 1594 letter
847 1563 884 1594 in
906 1561 1072 1594 Froben's
1093 1572 1195 1594 name
1217 1561 1324 1594 dated
1346 1571 1383 1602 31
1410 1561 1497 1602 Aug.
1544 1561 1617 1593 The

20 1603 242 1636 mouth-date
264 1603 300 1635 of
322 1603 392 1636 this
414 1603 551 1645 preface
572 1605 602 1636 is
625 1604 684 1637 the
706 1615 801 1637 same
822 1605 859 1637 in
881 1605 929 1637 all
950 1605 1010 1638 the
1032 1605 1130 1638 three
1152 1608 1420 1647 contemporary
1441 1604 1617 1641 editions3

21 1647 85 1679 but
99 1647 128 1679 is
145 1647 329 1688 corrupted
347 1647 394 1688 by
409 1647 539 1683 Jortin.
556 1658 594 1680 as
609 1648 646 1680 in
662 1648 726 1690 Ep.
750 1657 844 1689 1451,
860 1649 937 1681 into
952 1649 1047 1691 July.

63 1690 111 1722 As
125 1690 210 1723 with
224 1690 374 1732 Cyprian
389 1691 467 1732 (Ep.
488 1694 599 1731 1000),
614 1692 751 1724 Conrad
762 1692 913 1725 Pellican
927 1692 1149 1726 contributed
1164 1702 1210 1725 an
1222 1693 1326 1725 index
1340 1696 1378 1725 to
1393 1691 1453 1724 the
1468 1691 1615 1728 Lenem,

21 1733 131 1766 which
147 1734 177 1765 is
192 1734 331 1775 printed
346 1738 386 1766 at
401 1734 461 1766 the
476 1735 544 1766 end
560 1735 596 1767 of
612 1735 672 1767 the
688 1735 783 1768 third
798 1736 939 1768 volume
955 1748 962 1768 :
991 1746 1046 1768 see
1062 1736 1136 1768 also
1152 1736 1217 1777 Ep.
1239 1738 1320 1777 1465
1338 1735 1485 1775 introd.]

19 1831 413 1860 REVERENDISSIMO
438 1832 486 1860 IN
513 1832 699 1862 CHRISTO
724 1834 855 1862 PATRI
880 1834 935 1862 AO
961 1835 1004 1862 D.
1032 1834 1075 1862 D.
1103 1834 1361 1862 GVLLHELMO
1387 1834 1615 1870 VVARAMO,

124 1886 473 1914 ARCHIEPISCOPO
494 1887 838 1925 CANTVARIENSI,
860 1888 1014 1917 TOTIVS
1035 1889 1231 1917 ANGLIAE
1252 1889 1437 1917 PRIMATI
1457 1888 1512 1917 ET

309 1940 480 1969 LEGATO
503 1942 633 1977 NATO,
657 1943 857 1970 ERASMVS
877 1943 1206 1971 ROTERODAMVS
1227 1943 1263 1971 S.
1283 1943 1325 1971 D.

75 1999 127 2039 IN
162 2000 241 2039 hoc
276 2000 474 2040 volumen
508 2003 791 2054 congessimus
824 2003 986 2042 libellos
1021 2007 1097 2042 aut
1130 2003 1330 2055 epistolas
1365 2003 1518 2055 quibus
1554 2004 1617 2042 vir

20 2053 288 2094 doctissimus
325 2055 587 2094 diuersorum
624 2056 845 2097 hominum
883 2057 1203 2109 quaestionibus
1240 2057 1475 2103 satisfecit;
1529 2070 1615 2096 non

21 2108 150 2147 alium
176 2108 366 2148 ordinem
391 2111 560 2161 sequuti
585 2124 715 2163 quam
741 2113 814 2163 qui
838 2112 1042 2151 librorum
1067 2116 1145 2151 est.
1200 2111 1321 2150 Vnde
1346 2112 1616 2163 quaestiones

20 2162 262 2203 huiusmodi
303 2163 587 2214 proferuntur.
660 2165 847 2205 Paucula
889 2166 1099 2218 quaedam
1141 2179 1250 2218 quae
1292 2167 1450 2218 partim
1491 2166 1616 2205 huius

20 2218 180 2269 generis
196 2230 283 2257 non
300 2222 434 2265 erant,
454 2220 612 2270 partim
628 2233 681 2259 ne
699 2222 880 2272 speciem
899 2221 1071 2273 quidem
1089 2220 1307 2260 habebant
1324 2219 1613 2271 epistolarum,
1638 2232 1651 2263 5

20 2272 304 2318 semouimus3
362 2272 455 2311 aliis
496 2273 766 2326 adiungenda
805 2276 946 2322 tomis,
991 2275 1145 2327 quibus
1187 2275 1321 2326 magis
1363 2279 1614 2326 congruunt.

21 2325 332 2365 Admiscuimus
363 2330 508 2366 autem
538 2327 636 2367 huic
667 2329 872 2369 volumini
902 2330 1187 2381 praefationes
1218 2342 1327 2380 quae
1357 2330 1401 2368 in
1432 2328 1617 2380 vulgatis

20 2379 233 2419 codicibus
270 2381 314 2420 in
346 2380 608 2433 frontispicio
642 2396 856 2423 sacrorum
891 2384 1155 2423 voluminum
1187 2383 1491 2435 praefiguntur,
1531 2395 1616 2433 quo

21 2434 197 2484 posthac
226 2438 271 2473 et
299 2435 606 2475 emendatiores
635 2437 886 2485 habeantur,
918 2443 962 2477 et
991 2438 1159 2477 scholiis
1189 2437 1347 2476 additis
1376 2436 1614 2488 intelligibi-

20 2487 171 2534 liores;
215 2488 288 2527 sed
316 2502 386 2527 eas
414 2489 628 2530 duntaxat
656 2505 765 2543 quae
792 2506 889 2532 vere
919 2493 1168 2543 Hieronymi
1196 2497 1308 2531 sunt.
1366 2492 1477 2530 Sunt
1504 2491 1615 2529 enim
1639 2502 1678 2524 10

21 2542 130 2581 inter
145 2542 222 2581 has
238 2544 532 2596 ψευδεπίγραφοι
550 2546 789 2593 nonnullae,
812 2560 918 2598 quas
938 2547 1240 2586 adnotauimus
1261 2545 1446 2596 quidem,
1469 2557 1616 2583 verum

21 2608 106 2634 non
127 2596 368 2643 adiecimus,
400 2611 452 2635 ne
477 2599 579 2649 quid
604 2599 670 2638 hic
694 2605 804 2639 esset
832 2601 1030 2640 alienum.
1091 2600 1313 2640 Caeterum
1337 2603 1615 2650 posteaquam

70 2694 162 2725 1452.
187 2694 241 2732 48.
267 2694 330 2726 0³:
361 2695 576 2727 Barabantia
592 2696 631 2728 Ρ.
714 2706 763 2736 57.
791 2698 853 2729 ()‘·³:
884 2697 979 2739 religi
997 2698 1035 2729 Ι).
1110 2699 1159 2736 58.
1186 2698 1289 2729 Nosti
1305 2707 1446 2728 manum
1464 2708 1526 2728 om.
1546 2697 1616 2729 LB.

23 2743 74 2775 59.
101 2736 331 2771 Ornatissimo
348 2762 354 2769 .
375 2762 383 2770 .
403 2763 410 2770 .
432 2738 709 2781 Nurenbergcnsi
726 2752 788 2773 om.
809 2742 858 2773 0².

70 2864 162 2896 1452.
191 2871 247 2901 44.
273 2863 486 2904 Bisantium]
509 2863 572 2896 Sco
597 2864 661 2905 Ep.
691 2874 786 2904 1440.
898 2873 948 2906 53.
976 2875 1036 2906 per
1053 2865 1175 2906 alium]
1194 2865 1259 2907 Ep.
1283 2874 1375 2907 1325.

21 2915 78 2945 4n.
940 2909 1012 2941 Nec
1027 2910 1245 2950 responsum]
1269 2909 1334 2951 Ep.
1364 2918 1448 2949 1340
1471 2909 1531 2942 did
1555 2913 1620 2942 not

66 2949 120 2987 48.
144 2948 332 2990 famulum]
366 2950 510 2982 Livinus
545 2950 693 2993 Algoet:
743 2951 785 2982 cf.
852 2952 953 2984 mach
970 2952 1157 2984 Erasmus:
1188 2963 1243 2984 see
1259 2952 1324 2994 Ep.
1347 2961 1427 2992 1313
1444 2953 1574 2986 introd.

24 2990 112 3033 Epp.
137 3001 231 3032 1430.
250 3002 330 3030 21n,
353 3002 445 3034 1437.
471 2995 586 3025 181—2.
897 3003 947 3035 54.
974 3006 1084 3037 nuper
1099 2997 1234 3037 scripsi]
1255 2996 1326 3028 Tho
1349 2996 1462 3033 letter,
1481 3001 1544 3028 not
1560 3008 1617 3028 cx-

72 3042 122 3073 52.
149 3035 291 3077 Scripsi}
311 3037 375 3078 Ep.
401 3045 493 3077 1313.
853 3042 944 3076 tant,
958 3039 1069 3071 which
1086 3039 1194 3071 called
1213 3039 1306 3071 forth
1323 3040 1386 3081 Ep.
1409 3043 1502 3081 1448.
