2012 3370
168 135 288 185 1347]
624 133 696 172 To
726 133 978 174 Jonocus
1010 134 1300 174 eAvumus
1684 137 1760 176 243

163 245 261 283 odio
293 248 362 283 tot
394 244 514 283 malis
547 247 754 283 saturato,
824 243 954 282 Porro
987 246 1222 283 cruciatum
1255 250 1345 284 tam
1378 246 1585 285 immitem
1620 260 1761 286 secum

163 298 303 338 adfert
329 299 525 344 calculus,
552 302 601 336 vt
626 299 905 348 quantumuis
930 298 1121 337 validum
1147 313 1196 338 ae
1221 300 1445 338 robustum
1471 314 1623 352 corpus
1647 303 1761 340 intra

162 353 354 391 triduum
382 364 689 402 nonnunquam
718 353 966 399 interimat3
1013 357 1056 391 et
1086 354 1119 392 si
1149 367 1192 392 se
1221 355 1416 393 remittat
1445 355 1576 402 dolor,
1608 356 1652 394 in
1680 355 1760 394 hoc

162 409 356 454 remittit,
387 411 436 446 vt
464 419 563 445 mox
591 407 755 444 saeuiat
783 408 980 445 atrocius.
1040 406 1151 454 Quid
1179 408 1258 446 hoc
1287 412 1351 447 est
1379 409 1495 447 aliud
1522 422 1652 461 quam
1680 409 1758 448 fre-

161 466 340 512 quenter
357 464 571 512 regustare
590 464 769 498 mortem
793 464 808 498 ·?
858 461 959 508 Quis
978 465 1122 500 autem
1142 467 1315 513 cuperet
1332 464 1594 511 reuiuiscere‚
1614 464 1759 515 paulo-

163 520 260 566 post
279 517 434 555 iterum
456 515 685 553 moriturus
708 518 722 552 ?

218 569 398 608 Proinde
439 582 588 620 graues
630 572 799 607 autores
841 582 927 608 non
969 571 1057 608 sine
1100 583 1228 609 causa
1270 576 1451 610 mortem
1492 574 1758 623 repentinam

162 624 363 663 dixerunt
393 637 481 663 esse
513 635 723 662 summam
755 624 871 661 vitae
902 623 1165 662 felicitatem.
1227 624 1366 664 Huius
1397 627 1592 677 exempla
1623 628 1759 666 multa

161 682 466 717 commemorat
481 677 641 716 Plinius
656 677 705 716 110
721 678 812 723 Vir),
831 678 971 728 capite
987 688 1008 727 5
1014 689 1051 727 3.
1095 678 1177 717 Sed
1193 679 1329 717 multo
1346 680 1468 729 plura
1483 682 1759 731 quotidianae

159 733 274 771 vitae
300 745 421 771 casus
448 731 737 783 suppeditant.
794 731 1049 782 Quanquam
1075 733 1186 770 inter
1211 733 1287 771 hos
1313 733 1517 773 feliciores
1543 735 1756 782 videntur,

158 788 231 837 qui
247 787 488 825 vehementi
503 785 658 837 gaudio
675 787 862 824 animam
879 787 1021 825 subito
1038 786 1247 825 efflarunt.
1294 787 1376 827 Sed
1392 788 1514 839 longe
1530 789 1758 829 felicissimi

158 842 231 891 qui
247 845 344 891 post
360 840 517 879 multos
533 853 666 879 annos
681 840 859 879 feliciter
875 844 1007 887 actos,
1024 842 1068 879 in
1084 854 1127 879 re
1142 841 1329 880 iucunda
1344 844 1503 893 pariter
1519 847 1562 881 et
1578 844 1757 883 honesta

158 894 301 934 subito
343 894 600 934 defecerunt.
673 894 1044 942 Quemadmodum
1087 897 1327 946 accepimus
1369 897 1626 947 quibusdam
1667 912 1754 937 rem

158 949 348 988 diuinam
388 948 644 988 facientibus
685 953 762 988 aut
803 950 1166 996 concionantibus,
1210 955 1288 989 aut
1328 964 1468 990 rerum
1511 952 1755 992 coelestium

157 1003 507 1055 contemplationi
535 1004 725 1051 intentis,
756 1005 1023 1055 repentinam
1054 1009 1234 1043 mortem
1267 1005 1480 1045 accidisse.
1542 1006 1652 1046 Sunt
1683 1009 1757 1058 qui

156 1057 317 1096 felicius
338 1059 586 1096 existimant
610 1058 716 1096 bene
737 1059 880 1097 viuere
900 1071 1030 1109 quam
1052 1058 1125 1097 diu
1145 1072 1153 1097 ;
1204 1063 1305 1098 sunt
1324 1073 1469 1099 rursus
1495 1062 1568 1111 qui
1589 1061 1757 1113 longae-

156 1113 337 1151 uitatem
354 1113 398 1150 in
416 1113 612 1150 maximis
630 1112 751 1150 bonis
767 1117 1008 1151 numerant.
1056 1113 1146 1164 Ego
1164 1126 1231 1152 me
1248 1114 1360 1152 inter
1376 1114 1517 1153 felices
1534 1128 1757 1155 numerare

155 1179 241 1204 non
267 1167 569 1217 possum—Vix
588 1167 699 1205 enim
724 1167 906 1206 arbitror
924 1180 1168 1218 quenquam
1187 1169 1331 1206 viuere
1350 1170 1423 1219 qui
1443 1170 1582 1208 minus
1601 1170 1756 1210 debeat

155 1220 352 1259 fortunae
369 1234 376 1259 :
408 1222 580 1259 tametsi
594 1221 750 1259 bonam
766 1221 973 1259 malorum
987 1226 1165 1272 partem,
1182 1226 1231 1260 vt
1246 1223 1425 1273 ingenue
1441 1223 1603 1274 loquar,
1618 1238 1753 1263 meae-

155 1275 287 1324 ipsius
305 1276 608 1326 incogitantiae
632 1275 778 1314 debeo.
825 1275 889 1314 De
905 1276 1193 1326 longaeuitate
1217 1278 1336 1327 queri
1362 1290 1448 1316 non
1464 1291 1650 1328 possum,
1669 1281 1755 1318 iam

155 1329 266 1367 enim
295 1342 381 1368 non
410 1329 556 1379 procul
585 1329 736 1367 absum
766 1329 820 1367 ab
850 1342 962 1367 anno
991 1331 1265 1380 sexagesimo.
1318 1331 1506 1370 Tantum
1536 1335 1692 1372 aetatis
1721 1335 1755 1372 si

154 1384 248 1433 quis
272 1383 508 1433 astrologus
531 1387 608 1421 aut
632 1383 915 1422 chiromantes
940 1384 1043 1422 mihi
1066 1385 1209 1422 iuueni
1234 1386 1507 1435 promisisset,
1533 1400 1753 1438 nunquam

152 1436 316 1475 fueram
339 1437 587 1476 crediturus.
639 1437 700 1475 Ac
722 1441 816 1476 tum
839 1439 969 1476 etiam
992 1438 1095 1476 mihi
1118 1438 1265 1477 videor
1286 1440 1476 1478 Viuacior
1497 1442 1665 1491 quoties
1687 1455 1754 1480 me

154 1490 323 1530 confero
343 1504 440 1530 cum
459 1492 510 1530 iis
530 1492 603 1542 qui
623 1492 893 1542 paucioribus
913 1493 1114 1531 vixerunt
1134 1494 1268 1532 annis.
1317 1493 1430 1533 Ante
1451 1495 1562 1534 diem
1583 1497 1751 1542 morior,

155 1547 187 1584 si
212 1559 279 1584 me
303 1545 517 1584 conferam
542 1559 638 1584 cum
662 1546 762 1585 diuo
786 1546 1062 1597 Hieronymo,
1089 1548 1123 1585 si
1147 1561 1243 1586 cum
1268 1548 1456 1587 Varrone
1476 1563 1485 1596 3
1525 1551 1612 1600 qui,
1639 1556 1751 1590 octo-

153 1601 359 1651 gesimum
389 1613 516 1651 agens
545 1613 718 1647 annum,
751 1602 918 1651 scripsit
938 1601 1067 1640 libros
1090 1601 1154 1640 De
1175 1615 1219 1640 re
1240 1604 1412 1649 rustica,
1437 1608 1481 1642 et
1501 1605 1564 1642 ita
1586 1606 1754 1656 scripsit

155 1658 204 1693 vt
240 1668 292 1693 ex
328 1654 471 1693 labore
509 1654 707 1693 videatur
744 1655 884 1694 adhuc
921 1656 1049 1694 alacri
1087 1657 1230 1694 animo
1266 1656 1395 1696 fuisse
1432 1662 1476 1696 et
1514 1659 1753 1698 studiorum

154 1710 329 1748 sensisse
352 1708 631 1748 dulcedinem.
675 1709 780 1748 Cum
799 1711 850 1748 iis
870 1711 1013 1760 potius
1034 1723 1099 1749 me
1121 1710 1304 1757 confero,
1327 1713 1401 1762 qui
1421 1725 1517 1750 cum
1538 1726 1604 1752 me
1628 1718 1752 1753 tanto

152 1764 455 1814 praecesserint
486 1763 735 1810 eruditione,
768 1768 894 1802 tanto
926 1765 1196 1815 paucioribus
1228 1767 1349 1804 annis
1382 1767 1594 1806 vixerunt.
1655 1768 1753 1807 Non

151 1818 237 1856 iam
272 1817 422 1868 loquar
458 1817 651 1856 Lucanos
686 1822 730 1856 et
767 1818 943 1857 Persios.
1010 1818 1217 1869 Vergilius
1253 1833 1366 1858 anno
1401 1822 1752 1873 quinquagesimo

151 1873 288 1922 primo
313 1873 451 1923 periit.
508 1872 684 1911 Ouidius
710 1885 796 1911 non
822 1873 957 1911 multo
984 1874 1130 1911 maior.
1184 1873 1328 1912 Cicero
1354 1887 1466 1913 anno
1492 1878 1751 1927 sexagesimo

152 1937 209 1976 4⁰.
260 1926 318 1965 Et
339 1926 442 1965 haec
463 1927 632 1977 ingenia
652 1927 764 1965 inter
785 1927 976 1965 homines
998 1941 1187 1966 numero.

197 1980 278 2020 Sed
292 1982 425 2032 magis
438 1994 514 2019 nos
527 1985 703 2019 mouent
719 1981 913 2032 exempla
926 1982 1142 2020 viciniora.
1174 1982 1452 2022 Laurentium
1464 1984 1628 2023 Vallam
1640 1986 1751 2024 inter

151 2048 222 2073 eos
237 2048 350 2085 pono
365 2036 439 2085 qui
452 2036 754 2086 sempiternam
770 2037 1034 2086 posteritatis
1050 2049 1317 2087 promeruere
1334 2039 1583 2077 memoriam
1600 2053 1607 2078 :
1636 2040 1750 2079 Vide-

151 2093 223 2127 tur
240 2090 276 2127 is
296 2093 396 2127 ante
417 2093 679 2128 senectutem
701 2090 837 2128 obisse
854 2090 979 2129 diem.
1029 2091 1283 2130 Hermolaus
1304 2092 1532 2140 Barbarus,
1554 2094 1627 2132 sed
1647 2094 1751 2133 nihil

151 2144 291 2182 minus
309 2156 440 2194 quam
462 2143 679 2190 barbarus,
702 2143 757 2182 ad
776 2145 935 2183 iustam
959 2149 1174 2184 senectam
1198 2148 1406 2196 peruenit,
1428 2152 1475 2186 at
1494 2148 1630 2187 multo
1651 2154 1750 2188 ante

149 2197 409 2248 decrepitam
439 2199 618 2236 excessit
652 2202 852 2237 aetatem.
918 2199 1043 2238 Picus
1071 2200 1406 2248 Mirandulanus,
1432 2201 1618 2253 Angelus
1641 2203 1748 2242 Poli-

149 2253 291 2290 tianus
315 2254 440 2303 (quae
460 2254 523 2290 sui
544 2253 671 2291 seculi
692 2253 843 2291 decora
860 2253 885 2302 ἱ)
907 2255 1068 2304 vigenti
1089 2254 1228 2293 adhuc
1255 2259 1397 2294 aetate
1423 2258 1652 2306 perierunt.
1707 2258 1750 2297 Si

195 2327 265 2366 176.
293 2321 449 2358 malisss:
477 2321 646 2353 malorum
660 2336 691 2354 a..
772 2335 842 2367 177.
869 2324 1099 2364 quantumuis
1120 2338 1137 2354 (ι
1156 2337 1162 2355 :
1199 2325 1361 2366 quamuis
1383 2329 1417 2360 β.
1501 2338 1571 2370 179.
1598 2328 1750 2359 atrocius

147 2365 282 2396 saeuiat
302 2369 334 2400 β.
444 2369 514 2400 182.
543 2369 690 2397 mortem
707 2390 714 2397 .
735 2393 740 2398 .
762 2393 769 2399 .
790 2371 861 2409 183.
885 2367 1089 2399 felicitatem
1107 2380 1145 2399 a:
1176 2369 1395 2410 repentinam
1413 2373 1561 2401 mortem
1577 2381 1750 2402 sumniam

148 2408 243 2440 vitae
270 2408 474 2440 felicitatem
501 2409 665 2441 dixerunt
681 2413 714 2445 β.
939 2414 1009 2454 184.
1037 2411 1210 2446 multoss:
1241 2411 1353 2443 multa
1379 2426 1409 2444 α.
1636 2415 1749 2454 quoti-

148 2452 273 2483 dianae
289 2456 311 2487 β
328 2465 335 2483 :
365 2452 534 2484 cotidiani
551 2466 581 2487 ει.
736 2457 807 2487 186.
835 2453 952 2485 subito
968 2455 1131 2486 efflarunt
1148 2455 1302 2486 animam
1320 2459 1352 2490 β.
1494 2460 1564 2500 187.
1591 2460 1627 2488 et
1645 2472 1662 2487 (ι
1677 2458 1725 2488 ΝΞ
1741 2471 1747 2489 :

151 2499 259 2536 atque
277 2499 299 2531 β
314 2496 372 2527 ΝΘ.
505 2500 575 2538 189.
604 2496 806 2528 coelestium
824 2508 937 2528 rerum
956 2501 989 2532 β.
1119 2503 1190 2539 196.
1216 2522 1222 2529 .
1264 2498 1417 2530 Tantum
1432 2512 1449 2529 (1
1468 2511 1474 2530 :
1504 2525 1511 2538 ,
1527 2504 1700 2541 quantum
1714 2504 1747 2536 β.

151 2550 221 2583 197.
249 2538 476 2570 chiromantis
488 2540 534 2572 H.
618 2552 689 2581 199.
714 2540 756 2572 iis
771 2553 811 2572 a:
840 2540 893 2572 his
906 2545 939 2575 β.
1022 2553 1095 2575 200.
1122 2546 1167 2576 fi:
1201 2541 1405 2574 Hieronimo
1422 2556 1451 2573 cx.
1533 2556 1605 2576 202.
1632 2543 1749 2576 labore

146 2594 178 2620 υ,
195 2584 230 2614 in
251 2584 400 2624 maraine
419 2583 593 2616 additum:
625 2583 678 2615 his
697 2586 730 2619 β.
866 2584 1010 2616 sensisse
1029 2585 1225 2616 studiorum
1244 2589 1277 2620 β.
1415 2598 1485 2628 203.
1511 2586 1554 2617 iis
1568 2600 1586 2617 a
1603 2599 1610 2618 :
1637 2586 1691 2618 his
1713 2590 1746 2623 β.

146 2629 248 2656 tanto
264 2636 318 2656 me
332 2630 365 2660 β.
531 2631 604 2660 206.
630 2627 844 2668 sexagesimo
861 2632 900 2667 40
915 2640 931 2657 (ι
950 2640 956 2659 z
983 2629 1026 2668 64
1041 2631 1063 2663 Β
1080 2640 1086 2659 :
1115 2637 1221 2659 ann
1235 2629 1279 2659 N.
1446 2633 1518 2663 208.
1547 2630 1612 2661 Sed
1629 2641 1678 2663 om
1712 2635 1746 2667 β.

147 2682 165 2699 α
191 2668 243 2699 N:
272 2668 394 2700 Valam
419 2679 512 2710 pono
532 2670 625 2701 inter
647 2680 705 2701 eos
727 2675 760 2705 β.
1098 2684 1170 2712 209.
1198 2672 1400 2703 memoriam
1420 2678 1691 2713 promeruerunt
1712 2678 1745 2710 β.

147 2725 165 2741 α
183 2712 239 2743 II:
276 2712 422 2744 Videtur
441 2716 474 2747 β.
703 2725 776 2747 210.
802 2713 830 2744 is
851 2724 912 2745 om.
936 2717 969 2748 β.
1222 2714 1408 2754 Βειώειῑυε,
1434 2716 1494 2747 scd
1518 2716 1604 2748 nihil
1627 2718 1746 2752 minus

145 2765 251 2796 quam
268 2755 445 2793 barbarus,
460 2767 523 2788 om.
539 2759 572 2791 β.
725 2768 797 2790 211.
824 2762 998 2788 senectam
1015 2771 1032 2788 ιι
1050 2770 1057 2788 z
1086 2761 1301 2790 senectutem
1316 2762 1348 2793 β.
1508 2763 1546 2791 at
1561 2773 1578 2791 α
1597 2773 1603 2792 :
1632 2764 1694 2796 sed
1711 2766 1744 2798 β.

145 2810 218 2832 212.
245 2802 289 2834 B:
319 2798 514 2830 Policianus
528 2812 559 2830 (ι.

194 2913 264 2942 192.
291 2904 383 2934 inter
397 2903 528 2942 felices]
544 2903 593 2935 (ff.
611 2904 631 2934 l.
650 2906 726 2945 48¹¹·
1026 2915 1098 2937 210.
1128 2906 1351 2945 Hermolaus]
1398 2907 1467 2938 For
1512 2908 1609 2941 these
1649 2909 1746 2940 three

195 2950 264 2985 196.
290 2947 520 2986 sexagesimol
537 2945 586 2977 (¹f.
606 2947 626 2977 l.
648 2955 747 2978 221n.
980 2949 1133 2980 scholars
1160 2959 1215 2980 see
1245 2950 1308 2991 Ep.
1343 2952 1412 2982 126.
1447 2954 1612 2990 128—9nn.
1661 2953 1744 2984 Her-

189 2992 262 3022 208.
292 2990 441 3028 Vallam]
457 2990 517 3022 See
530 2991 594 3032 Ep.
607 3000 658 3022 20.
678 3001 772 3023 10211.
800 2991 908 3023 When
981 2992 1114 3023 molaus
1133 2993 1286 3034 scarcely
1306 2994 1452 3026 reached
1469 3004 1524 3036 40,
1546 2996 1646 3027 Piens
1665 2996 1744 3027 died

148 3031 189 3063 he
206 3032 297 3071 died,
315 3033 356 3065 he
373 3044 442 3065 was
460 3033 569 3065 about,
588 3044 636 3075 51.
978 3039 1016 3067 at
1035 3046 1088 3076 31,
1108 3036 1301 3068 Politianus
1319 3042 1357 3068 at
1372 3048 1426 3079 40.

898 3102 975 3132 ΒΖ

1784 469 1846 500 180

1783 740 1839 780 185

1780 1020 1842 1050 190

1780 1291 1835 1323 195

1772 1563 1839 1585 200
