2012 3370
239 186 318 222 550
713 182 966 222 LETTERS
999 183 1070 221 OF
1100 183 1363 224 ERASMUS
1713 187 1837 236 [1524

237 306 290 332 ex
303 297 431 344 paeto
444 305 529 331 non
543 292 704 330 aedere.
748 292 815 330 Ad
828 291 931 331 haec
945 293 1017 343 qui
1033 292 1195 331 Romae
1208 292 1464 343 profitentur
1477 292 1620 331 literas
1634 293 1838 340 ethnicas,

237 348 314 398 ipsi
346 351 583 398 ἐθινικώτερωι,
614 347 716 385 mire
744 345 933 385 fremunt
959 348 1002 385 in
1031 359 1125 393 meg
1158 347 1411 393 inuidentes,
1442 352 1489 385 vt
1519 352 1710 398 apparet,
1741 347 1838 387 Ger-

160 409 216 447 185
239 402 385 441 manis.
439 401 593 452 Itaque
615 400 650 439 si
671 400 777 439 nihil
799 400 1063 447 aedidjssem,
1088 401 1374 451 praebuissem
1399 415 1546 440 ansani
1569 407 1613 441 et
1635 402 1842 454 theologis

237 460 281 494 et
304 455 521 494 monachis
545 458 589 494 et
610 454 691 493 illis
715 454 1056 494 Romanensibus
1079 455 1229 506 figulis,
1255 469 1436 507 querum
1460 455 1612 507 Alpha,
1637 457 1682 495 ni
1704 456 1840 501 fallor,

238 514 302 548 est
333 509 401 555 N„
438 513 487 547 vt
518 509 683 548 facilius
716 509 1019 560 persuaderent
1054 509 1328 561 pontificibus
1362 523 1411 549 ac
1448 510 1688 550 monarchis
1726 511 1841 562 quod

239 563 488 613 persuadere
519 563 786 602 conabantur
806 578 814 610 ;
853 568 1068 614 postremo
1094 564 1170 603 hos
1194 564 1374 603 furiosos
1405 564 1684 616 Euangelicos
1706 565 1839 604 habu-

238 619 361 656 issem
384 618 626 668 iniquiores.
680 618 791 657 Nam
812 619 901 669 ipsc
922 631 1010 658 rem
1031 620 1216 658 tractaui
1239 619 1560 658 modestissime.
1614 619 1672 658 Et
1696 624 1841 659 tamen

162 688 218 718 ¹90
237 672 353 723 quod
386 672 536 719 scribo,
573 685 658 711 non
694 673 830 712 scribo
863 673 1066 712 aduersus
1100 674 1230 712 animi
1261 675 1548 713 sententiam:
1592 687 1840 726 quanquam

237 727 290 765 ab
334 726 413 766 hac
461 739 632 779 quoque
683 727 863 766 libenter
914 727 1185 774 discessurus,
1236 728 1307 766 vbi
1357 728 1682 779 persuadebitur
1726 728 1840 780 quod

236 782 392 820 rectius
415 786 493 820 est.

291 835 301 851 ‘
320 835 402 875 Sed
416 836 587 875 interim
607 835 616 851 '
632 836 785 888 inquis,
806 836 814 851 ‘
834 836 955 875 addis
971 838 1134 876 animos
1149 837 1344 888 tyrannis
1358 842 1407 877 vt
1421 839 1618 878 saeuiant
1638 837 1661 876 '.
1706 837 1842 877 Nemo

236 890 479 943 diligentius
517 890 769 930 dehortatus
809 896 873 930 est
912 904 937 930 a
975 892 1167 937 saeuitia,
1208 904 1333 930 nemo
1371 891 1542 931 liberius
1581 904 1712 944 quam
1750 905 1840 944 ego.

158 960 215 991 195
238 945 294 984 Et
327 945 361 983 si
395 945 630 996 papisticae
665 950 805 984 sectae
839 958 971 984 essem
1007 946 1337 992 addictissimus,
1373 950 1519 984 tamen
1554 946 1841 985 dissuaderem

236 1000 476 1046 saefflciam,
503 999 619 1051 quod
644 1000 723 1038 hac
749 1001 820 1038 via
844 1000 972 1038 latius
998 1001 1223 1051 spargitur.
1279 1000 1460 1039 Proinde
1487 1001 1742 1052 perspiciens
1762 1001 1841 1039 hoc

237 1053 426 1092 lulianus
445 1054 585 1092 vetuit
605 1053 740 1092 occidi
758 1054 1032 1093 Christianos.
1080 1054 1281 1106 Theologi
1301 1054 1544 1102 credebant,
1565 1057 1600 1094 si
1619 1055 1842 1094 Bruxellae

235 1108 566 1147 combussissent
590 1121 723 1147 vnum
749 1113 879 1159 atque
904 1108 1099 1155 alterum,
1126 1108 1215 1147 fore
1240 1113 1288 1147 vt
1314 1122 1460 1148 omnes
1484 1109 1812 1149 emendarentur
1834 1124 1841 1155 ;

235 1175 284 1201 ea
316 1175 428 1201 mors
461 1162 619 1201 multos
651 1162 753 1201 feeit
785 1162 1064 1202 Lutheranos.
1127 1162 1210 1203 Sed
1240 1164 1313 1202 isti
1345 1164 1520 1215 quidam
1554 1163 1842 1203 vociferantur

152 1232 216 1253 200
235 1216 356 1256 obrui
384 1217 678 1268 Euangelium,
708 1218 742 1255 si
769 1218 864 1268 quis
891 1217 1075 1256 obsistat
1093 1218 1282 1268 ipsorum
1303 1219 1513 1257 vesaniae.
1570 1218 1668 1258 Non
1687 1218 1743 1257 ad
1762 1219 1841 1257 hoc

235 1271 350 1310 valet
375 1271 670 1323 Euangelium,
698 1276 748 1310 vt
772 1284 994 1322 peccemus
1019 1273 1205 1323 impune,
1232 1272 1305 1310 sed
1330 1285 1382 1311 ne
1407 1285 1629 1324 peccemus
1653 1274 1782 1312 etiam
1809 1274 1840 1311 si

235 1326 360 1365 liceat
382 1327 569 1377 impune.

288 1379 446 1419 Verum
468 1380 582 1420 hisce
605 1380 657 1419 de
680 1380 806 1419 rebus
829 1380 924 1431 plus
948 1382 1064 1420 satis.
1117 1381 1235 1420 Misit
1258 1381 1314 1419 ad
1336 1394 1403 1420 me
1427 1381 1679 1433 Campegius
1702 1382 1839 1427 Card..

236 1435 299 1473 vir
323 1434 516 1486 profecto
540 1434 742 1486 singulari
766 1435 1049 1483 humanitate,
1077 1436 1151 1486 qui
1176 1449 1341 1474 mecum
1368 1440 1511 1487 ageret
1536 1436 1588 1475 de
1613 1436 1771 1483 multis,
1799 1441 1838 1475 et

151 1503 212 1535 205
233 1490 344 1528 inter
372 1494 540 1528 caetera
567 1489 619 1527 de
647 1493 690 1528 te
719 1489 802 1528 alio
830 1490 1033 1541 quopiam
1061 1490 1293 1529 euoeando.
1351 1489 1570 1542 Respondi
1597 1504 1664 1530 me
1693 1495 1841 1542 optare

235 1542 407 1594 quidem
432 1548 557 1582 tuum
580 1543 698 1582 istud
722 1544 938 1595 ingenium
963 1557 1052 1583 esse
1076 1543 1256 1583 liberum
1282 1544 1336 1582 ab
1361 1545 1454 1583 istis
1481 1545 1838 1591 contentionibus

235 1597 308 1636 sed
328 1598 550 1649 desperare
570 1602 614 1636 te
634 1603 932 1649 suscepturum
951 1598 1225 1649 palinodiam.

289 1652 407 1690 Haec
430 1657 507 1691 tuo
530 1652 665 1691 fretus
689 1653 857 1703 ingenio
881 1651 1013 1691 effudi
1035 1654 1080 1691 in
1103 1654 1242 1692 sinum
1267 1658 1404 1699 tuum,
1431 1654 1488 1691 mi
1513 1653 1707 1705 Philippe
1728 1667 1736 1700 ;
1776 1654 1840 1692 tui

236 1706 429 1745 candoris
452 1707 531 1745 erit
555 1719 700 1745 curare
722 1719 775 1745 ne.-
798 1711 1053 1758 spargantur
1076 1707 1131 1745 ad
1152 1707 1381 1759 improbos.
1436 1707 1576 1755 Quum
1599 1708 1842 1747 Ioachimus

150 1775 215 1798 210
234 1761 301 1800 hic
328 1760 509 1807 adesset,
531 1761 589 1799 sic
616 1773 732 1799 eram
752 1774 778 1799 a
797 1760 946 1799 morbo
965 1760 1204 1812 languidus,
1227 1765 1276 1800 vt
1296 1762 1370 1800 vix
1388 1761 1542 1801 ferrem
1561 1762 1695 1801 Vllum
1716 1762 1839 1802 collo·

234 1815 383 1866 quium
412 1814 466 1854 ob
496 1814 705 1854 stomachi
735 1814 1027 1854 debilitatem:
1072 1819 1117 1854 et
1141 1815 1409 1855 incommode
1436 1816 1592 1855 accidit
1618 1820 1668 1855 vt
1693 1816 1841 1856 eodem

234 1873 424 1920 tempore
445 1882 512 1908 me
533 1868 731 1908 obrueret
751 1869 863 1908 Baro
884 1869 1060 1920 quidam
1081 1869 1279 1916 Polonus,
1303 1869 1354 1908 de
1375 1883 1460 1921 quo
1480 1869 1570 1921 lege
1591 1869 1840 1921 catalogum

234 1927 429 1962 nostrum
447 1928 637 1962 auctum.
687 1921 730 1962 Si
749 1922 954 1962 voluisset
974 1937 1156 1970 manere,
1177 1923 1402 1963 fuissemus
1421 1924 1544 1975 plura
1564 1923 1842 1964 confabulati.

234 1976 317 2016 Sed
335 1981 480 2016 tecum
501 1978 657 2023 omnia,
681 1978 715 2015 si
736 1977 992 2016 aduenisses.
1044 1978 1158 2017 Bene
1179 1978 1287 2017 vale.

150 2048 211 2079 215
288 2031 466 2082 Raptim
488 2031 616 2070 Basil.
641 2032 817 2082 postrid.
839 2045 974 2071 nonas
996 2032 1210 2083 Septemb.
1234 2033 1313 2072 An.
1337 2044 1586 2072 M.D.XX1111.

621 2184 742 2222 1497.
806 2180 874 2222 To
909 2180 1108 2222 GEORGE
1144 2180 1455 2223 SPALATINUS.

281 2279 405 2314 Gotha
423 2279 498 2314 MS.
518 2280 635 2314 chart.
656 2279 698 2313 B.
718 2279 774 2319 26,
794 2278 819 2313 f.
843 2290 919 2313 121.
1542 2282 1660 2316 Basle.

1410 2341 1433 2373 6
1452 2338 1669 2384 September
1690 2348 1790 2384 1524.

279 2426 324 2466 [A
336 2435 425 2467 copy
438 2425 485 2465 by
496 2425 599 2457 Vitus
612 2426 782 2458 Warbeck
793 2427 829 2457 in
842 2426 894 2458 his
904 2425 1045 2458 volume
1057 2429 1096 2457 at
1108 2425 1235 2462 Gotha,
1249 2426 1389 2457 written
1402 2436 1428 2457 c.
1447 2427 1530 2467 1526
1543 2438 1550 2457 :
1568 2436 1623 2458 see
1636 2426 1725 2468 Epp.
1744 2428 1839 2463 1128,

237 2478 330 2509 1445.
378 2469 571 2510 Evidently
593 2473 861 2511 contemporary
881 2469 968 2502 with
989 2469 1054 2510 Ep.
1082 2469 1190 2509 1496;
1225 2469 1295 2501 and
1317 2479 1362 2501 no
1384 2469 1498 2502 doubt
1518 2469 1579 2502 the
1600 2469 1706 2502 letter
1727 2469 1839 2502 which

235 2511 278 2545 Η.
298 2512 460 2545 Urbanus
477 2512 554 2554 (Ep.
576 2522 635 2553 142
643 2522 669 2554 5.
691 2517 769 2552 2on)
786 2513 856 2545 had
870 2513 1028 2546 received
1041 2512 1133 2545 from
1147 2512 1351 2554 Spalatinus
1366 2513 1436 2545 and
1450 2513 1570 2545 shown
1586 2517 1624 2545 to
1640 2513 1692 2545 his
1707 2513 1838 2546 friends

234 2559 274 2588 at
293 2555 416 2588 Erfurt
431 2556 478 2597 by
492 2565 537 2587 20
552 2556 641 2588 Now
662 2557 798 2595 (MRE2.
818 2558 853 2595 ii,
868 2567 902 2599 p.
922 2558 1013 2597 300).
1058 2555 1095 2589 It
1109 2566 1179 2588 was
1196 2556 1272 2588 first
1286 2557 1425 2598 printed
1442 2557 1490 2598 by
1505 2556 1539 2589 0.
1557 2556 1726 2599 Schlegel,
1742 2557 1838 2589 Hist.

234 2599 320 2632 vitae
340 2599 471 2639 Georqii
489 2599 677 2640 Spalatini,
702 2602 796 2639 1693,
817 2611 850 2642 p.
872 2610 960 2641 214:
993 2600 1084 2633 from
1108 2599 1222 2632 whom
1242 2599 1384 2632 Crenius
1404 2600 1456 2639 (Τ.
1478 2600 1517 2632 Τ.
1537 2599 1690 2640 Crusius)
1710 2604 1837 2642 quotes

233 2643 268 2675 11.
294 2652 400 2684 15—20
423 2643 675 2682 (Amtmadzaers.
702 2643 818 2685 philol.
841 2655 875 2681 v,
902 2645 997 2682 1699,
1022 2654 1055 2685 p.
1081 2652 1148 2684 240
1172 2646 1208 2684 n)
1223 2647 1262 2676 to
1284 2643 1459 2676 illustrate
1475 2644 1535 2676 the
1551 2644 1708 2676 attitude
1723 2644 1760 2675 of
1775 2643 1836 2676 the

236 2686 434 2718 Reformers
451 2687 602 2719 towards
618 2686 814 2728 Erasmus]

284 2826 356 2862 183.
383 2822 532 2862 Romae]
574 2822 646 2854 The
688 2823 891 2864 Academy:
948 2833 1004 2854 see
1116 2832 1186 2864 195.
1214 2823 1421 2864 papistieae]
1437 2823 1488 2856 Cf.
1506 2825 1573 2866 Ep.
1592 2834 1686 2865 1459.
1710 2835 1791 2865 9411.

238 2866 303 2908 Ep.
324 2875 419 2907 1479.
440 2875 517 2906 19n.
1115 2877 1186 2908 197.
1214 2867 1414 2907 Bruxellae]
1427 2867 1490 2900 See
1504 2867 1570 2908 Ep.
1588 2869 1682 2908 1384.
1701 2878 1755 2900 2n.

285 2912 358 2949 184.
382 2909 576 2950 Germanis]
610 2910 678 2942 For
704 2910 776 2942 this
803 2909 933 2951 rivalry
961 2910 1003 2940 cf.
1112 2919 1186 2949 203.
1213 2909 1435 2962 Campegius]
1453 2910 1503 2943 Of.
1522 2911 1588 2953 Ep.
1610 2912 1704 2952 1466.
1726 2922 1782 2952 7n.

239 2953 359 3027 Ep18161
370 2954 516 3038 Iggi61l7i1slj
529 2996 579 3029 Of.
596 2996 661 3038 Ep.
683 3007 776 3038 1437.
796 3007 868 3037 223.
1112 2963 1187 3029 Ξῖξ.
1213 2954 1598 3037 ἒίἳὲξιυῗῗὲἰὲξέεξεὲ
1611 2964 1838 3038 ῙΙὲιὶῗᾷἰηὲθθ

288 3040 357 3079 187.
384 3038 443 3077 N.]
463 3039 655 3080 Evidently
673 3040 831 3077 Colocci;
864 3052 918 3072 see
939 3040 1004 3081 Ep.
1068 3040 1133 3080 Ep.
1156 3049 1249 3081 1242.
1268 3050 1347 3082 2511.

244 3092 337 3124 1479.
359 3084 435 3113 2811.
1158 3083 1419 3126 Ca-talogiim]1,
1436 3095 1493 3125 pp.
1512 3093 1607 3124 31-3.
