2012 3370
188 124 308 174 1407]
663 123 822 164 FROM
850 123 878 163 J
883 124 1005 164 OHN
1034 124 1297 166 ANGELUS
1702 129 1778 167 377

185 236 437 284 perpetuum
474 233 693 272 dissidium
728 236 996 272 renascentes
1032 236 1100 272 tot
1136 234 1275 272 litium
1313 233 1528 273 molestias
1564 234 1782 274 intantum

183 286 402 334 abhorreo,
429 287 603 339 refugio,
632 287 840 333 criminor,
871 292 919 326 vt
946 288 1048 338 quid
1076 289 1267 326 acerbius
1292 289 1473 327 insecter
1498 288 1557 326 nil
1584 288 1779 328 habeam.

182 340 295 380 Nam
312 342 417 380 nihil
434 354 623 393 vnquam
641 341 798 380 lectum
817 345 882 380 est
900 342 1084 380 crebrius
1102 343 1145 380 in
1164 343 1360 381 Vniuerso
1378 356 1521 381 sacrae
1539 343 1783 393 Scripturae
1803 361 1842 393 50

183 408 354 446 corpore
372 408 501 447 quam
524 396 532 410 ⁵
550 396 641 434 Pax
659 395 808 434 vobis.’
855 396 943 435 Nec
960 396 1114 434 iniuria
1135 410 1142 442 ;
1177 397 1239 434 ait
1257 397 1367 436 enim
1389 397 1470 443 ille,

394 467 515 506 Pacis
535 479 652 505 amor
673 465 789 505 Deus
813 470 890 513 est,
916 479 1064 517 pacem
1090 480 1338 506 veneremur
1362 472 1569 506 amantes.

234 537 316 578 Sed
337 538 390 577 de
407 538 458 576 iis
477 537 695 584 hactenus,
718 550 850 587 quum
871 538 926 576 sis
947 537 1014 576 vel
1035 538 1223 576 omnium
1246 538 1489 576 mortalium
1510 538 1584 590 qui
1604 538 1656 578 de
1676 551 1782 590 pace

180 592 370 631 nonnihil
388 593 612 631 memoriae
630 591 921 643 prodiderunt,
938 593 1117 642 scriptor
1134 592 1504 631 luculentissinms.
1552 592 1778 632 Descendi-

180 658 272 684 mus
297 646 341 684 in
367 646 475 685 hanc
502 646 760 685 sentenciam
788 646 1023 696 complures
1050 646 1113 684 tui
1139 646 1321 684 nominis
1347 647 1641 693 amantissimi,
1670 646 1780 687 Galli
1800 666 1836 698 55

179 712 322 738 omnes
356 701 429 751 qui
461 701 504 739 in
536 700 667 738 literis
700 700 870 739 Graecis
902 701 987 738 iam
1021 713 1109 738 seso
1142 700 1326 750 aliquem
1360 700 1599 750 profectum
1632 701 1779 740 fecisse

177 753 368 800 credunt,
402 759 451 793 vt
481 754 734 805 singularem
766 758 887 792 tuam
918 759 962 792 et
992 754 1279 792 incredibilem
1311 754 1550 793 doctrinam
1582 768 1630 793 ac
1662 756 1776 794 indc-

177 806 333 847 fessum
381 808 618 848 studiorum
666 821 793 847 causa
839 808 1055 860 ingenium
1103 808 1312 861 supplices
1360 808 1684 855 obtestaremur,
1734 810 1777 848 in

175 862 356 911 gratiam
379 863 567 901 omnium
589 867 632 901 et
651 863 764 914 genii
784 862 932 902 Gallici
954 863 1021 901 cui
1042 875 1206 913 semper
1226 876 1279 901 ex
1300 862 1443 902 animo
1465 863 1570 901 bene
1592 863 1776 914 cupiisti,

176 916 417 956 traduceres
438 917 685 968 frugiferum
707 917 826 955 illum
848 917 1037 956 libellum
1059 917 1269 956 Theodori
1291 917 1343 955 de
1366 917 1581 956 mensibus
1602 931 1608 956 :
1650 930 1777 968 quem
1795 931 1838 960 60

175 970 254 1009 etsi
281 984 412 1022 prope
440 971 717 1022 assequimur,
747 976 893 1010 tamen
921 971 1061 1010 nullus
1090 984 1175 1009 non
1204 971 1434 1010 dictionem
1463 975 1585 1010 tuam
1613 971 1657 1010 in
1685 975 1776 1010 tam

175 1025 397 1064 commodo
439 1025 618 1064 authore
659 1026 855 1064 certatim
897 1025 1115 1077 efflagitat.
1186 1025 1275 1064 Nos
1315 1025 1426 1076 fugit
1467 1025 1570 1076 quid
1612 1026 1776 1065 causari

176 1079 344 1128 poteris,
381 1079 463 1119 nisi
496 1080 681 1131 idipsum
717 1080 833 1131 quod
869 1080 1005 1119 multo
1041 1079 1305 1131 grauioribus
1341 1080 1585 1131 disciplinis,
1623 1093 1776 1131 nempe

174 1133 431 1185 theologicis,
469 1147 637 1173 omnem
672 1148 844 1186 operam
878 1134 1100 1185 impendas
1133 1134 1270 1185 iisque
1302 1137 1423 1173 totus
1456 1134 1679 1173 incumbas
1713 1135 1773 1173 in-

172 1187 413 1239 hereasque.
477 1188 662 1227 Accedet
695 1192 739 1227 et
773 1192 942 1227 matura
975 1192 1182 1233 senectus9
1218 1188 1431 1239 legitimae
1465 1189 1775 1240 deprecationis
1793 1195 1833 1232 (³5

171 1241 225 1280 ad
254 1241 364 1281 hanc
393 1243 656 1294 prouinciam
686 1243 927 1282 obeundam
959 1243 1042 1291 (vel
1072 1243 1187 1294 quod
1217 1247 1282 1281 est
1309 1243 1353 1281 in
1382 1242 1624 1294 prouerbio)
1656 1255 1775 1282 sacra

170 1296 382 1335 anchora:
428 1310 536 1348 quac
566 1301 614 1335 vt
642 1301 810 1336 matura
840 1302 915 1342 cst,
946 1298 1007 1336 ita
1036 1297 1114 1335 hoc
1143 1296 1279 1335 multo
1308 1297 1541 1336 maturiora
1569 1297 1772 1336 exercita-

170 1354 314 1389 menta
335 1350 414 1389 sibi
434 1351 634 1401 proponit
655 1364 703 1389 ac
726 1351 937 1390 vendicat.
988 1351 1122 1389 Priori
1143 1351 1450 1389 causificationi
1470 1351 1527 1389 sic
1547 1351 1772 1401 responde-

171 1403 320 1449 bimus,
358 1417 451 1443 eam
487 1405 658 1443 demum
694 1418 782 1444 esse
824 1418 969 1444 veram
1005 1405 1262 1455 theologiam
1308 1418 1417 1455 quae
1456 1418 1622 1443 summo
1659 1405 1771 1444 Chri-

169 1458 403 1498 stianorum
439 1459 726 1498 emolumento
761 1459 865 1498 nihil
894 1472 980 1498 non
1015 1459 1188 1498 molitur
1221 1459 1434 1511 paritque,
1465 1459 1593 1511 idque
1623 1459 1666 1497 in
1696 1460 1771 1498 im·
1792 1473 1834 1503 70

170 1513 495 1552 marcessibilem
538 1513 618 1552 Dei
661 1514 966 1565 omnipotentis
1008 1513 1198 1565 gloriam.
1269 1513 1382 1553 Nam
1426 1514 1542 1564 quod
1585 1513 1774 1553 humana

169 1567 380 1607 emittitur
398 1567 729 1619 inuulgaturque
748 1568 931 1614 solertia,
952 1568 1032 1607 nisi
1050 1568 1130 1606 Dei
1151 1568 1313 1618 Optimi
1332 1568 1509 1606 Maximi
1528 1568 1775 1619 praeualido

170 1621 303 1660 veluti
323 1621 524 1661 fulciatur
546 1622 815 1674 pedamento,
840 1623 918 1661 hoc
940 1623 1080 1673 ipsum
1102 1626 1146 1661 et
1166 1622 1289 1661 facile
1312 1623 1470 1661 corruit
1492 1626 1536 1661 et
1556 1622 1600 1661 in
1623 1622 1771 1673 sempi-

168 1678 334 1714 ternam
364 1677 608 1728 deperditur
638 1677 908 1716 obliuionem.
967 1677 1101 1715 Alteri
1130 1690 1230 1715 vero
1259 1677 1524 1715 excusationi
1553 1690 1638 1715 non
1668 1677 1772 1716 diffi-

168 1729 302 1769 culter
326 1734 370 1769 et
394 1731 580 1770 maximo
604 1731 762 1770 honore
786 1735 862 1770 tuo
886 1731 1202 1770 reluctabimur.
1259 1730 1429 1777 Quanto
1454 1731 1565 1770 enim
1589 1731 1673 1769 ista
1697 1735 1773 1770 tua
1792 1746 1809 1776 7
1817 1745 1831 1776 5

168 1788 362 1823 senectus
396 1785 476 1824 sibi
511 1785 646 1824 multo
681 1786 914 1824 maturiora
950 1785 1141 1836 selegerit
1176 1785 1319 1823 studia
1355 1785 1568 1835 (quamuis
1603 1785 1682 1823 hoc
1717 1785 1773 1824 sit

168 1838 337 1878 abunde
355 1843 584 1885 maturum,
604 1843 697 1878 tum
716 1853 764 1878 ea
782 1852 866 1891 qua
884 1840 1033 1878 ceteris
1050 1843 1241 1878 antestas
1257 1840 1301 1877 in
1318 1839 1534 1878 vertendis
1552 1839 1773 1878 autoribus

167 1893 428 1939 excellentia,
468 1898 563 1932 tum
601 1894 856 1933 inexhausta
894 1893 1103 1933 Theodori
1143 1893 1254 1932 Gaze
1291 1906 1432 1932 rerum
1472 1893 1771 1944 multiplicium

166 1948 436 1999 cognitione),
468 1952 605 1994 tanto,
637 1948 752 2000 quod
780 1948 859 1987 hac
888 1948 931 1987 in
959 1961 1003 1986 re
1030 1952 1100 1987 tot
1129 1947 1251 1986 bonis
1279 1948 1380 1987 viris
1409 1948 1464 1986 sis
1493 1947 1770 1999 obsequutus,

166 2001 419 2041 beneuolum
448 2003 581 2054 magis
609 2006 651 2041 et
678 2002 908 2041 candidum
935 2002 1239 2054 adprobaueris
1266 2002 1470 2041 animum.
1530 2001 1664 2049 Quem
1693 2002 1772 2041 etsi
1792 2009 1833 2039 80

164 2056 208 2094 in
241 2057 481 2107 praesentia
514 2070 721 2108 propense
755 2070 900 2096 omnes
933 2056 1228 2096 exosculamur
1260 2056 1656 2108 amplectimurque,
1692 2056 1771 2095 hoc

164 2110 256 2161 ipso
290 2111 540 2161 praestabiS,
577 2115 627 2150 vt
660 2111 894 2150 feruentius
928 2111 1068 2150 adhuc
1104 2110 1240 2150 multo
1275 2115 1318 2150 et
1352 2110 1692 2162 amplexabimur
1728 2115 1771 2150 et

165 2177 294 2216 quam
331 2165 672 2205 constantissime
708 2178 853 2205 omnes
887 2165 1265 2216 patrocinabimur,
1303 2165 1338 2204 si
1373 2164 1500 2204 modo
1537 2165 1769 2212 Gallorum,

164 2219 478 2271 qualescunque
503 2232 661 2266 sumus,
688 2220 839 2271 quauis
863 2221 907 2259 in
930 2233 974 2259 rc
997 2219 1226 2271 indigueris
1251 2219 1501 2270 patrocinio.

218 2273 364 2313 Preter
394 2274 487 2313 illos
517 2275 562 2313 in
592 2287 636 2313 re
666 2274 853 2313 literaria
886 2274 1147 2325 coryphaeos
1178 2274 1251 2325 qui
1282 2274 1363 2313 tibi
1396 2274 1501 2312 bene
1535 2273 1686 2312 volunt
1718 2286 1769 2312 ex
1790 2281 1828 2321 85

162 2328 318 2374 animo,
336 2328 572 2375 Budaeum,
590 2328 791 2375 Fabrum,
810 2329 1049 2374 Deloinum,
1068 2329 1274 2374 Ruzeum,
1293 2328 1535 2373 Beraldum,
1554 2327 1768 2366 Ruellium

163 2382 373 2421 medicum
403 2383 474 2432 (ad
503 2396 630 2434 quem
657 2383 803 2422 oblato
832 2384 1035 2435 quopiam
1065 2387 1317 2434 argumento
1348 2382 1414 2421 vel
1444 2395 1516 2420 cur
1546 2394 1767 2433 nunquam

162 2437 386 2488 scripseris,
417 2437 485 2476 vel
514 2451 586 2476 cur
615 2442 764 2476 contra
792 2438 924 2476 literis
952 2442 995 2476 te
1024 2451 1109 2476 non
1138 2437 1448 2487 prouocauerit,
1480 2436 1767 2474 studiosorum

162 2503 246 2529 non
273 2504 430 2541 paucos
458 2492 684 2530 vehemens
711 2505 758 2530 ac
788 2505 941 2543 magna
968 2496 1083 2531 tenet
1115 2491 1371 2539 admiratio),
1402 2494 1502 2528 sunt
1529 2494 1571 2528 ct
1592 2490 1662 2527 alii
1682 2502 1768 2528 non

209 2635 257 2668 53.
285 2628 326 2658 dc
343 2629 442 2669 pace]
458 2628 507 2659 Cf.
527 2628 590 2669 Ep.
614 2638 707 2668 1432.
730 2637 842 2666 1¹43·
996 2627 1097 2659 Baslc
1138 2628 1173 2658 in
1219 2632 1313 2667 1530,
1361 2627 1405 2667 by
1448 2626 1485 2657 B.
1530 2625 1652 2658 Lusius
1693 2627 1763 2659 and

205 2672 259 2703 60.
285 2671 455 2703 Theodori
493 2671 535 2703 dc
573 2672 765 2711 mensibus]
802 2671 927 2703 Gaza's
995 2671 1032 2702 T.
1054 2671 1198 2707 Platter,
1218 2671 1288 2702 and
1309 2670 1354 2711 by
1373 2670 1414 2701 R.
1437 2670 1572 2702 Winter
1590 2669 1764 2711 (chrand

162 2715 303 2746 tvreatise
329 2724 374 2746 on
400 2714 461 2746 the
488 2715 599 2746 Greek
626 2715 810 2746 calendar:
853 2716 927 2746 first
992 2715 1038 2745 iii.
1062 2716 1136 2754 348,
1159 2722 1244 2753 3573
1277 2714 1408 2745 Panzer
1426 2714 1470 2744 vi.
1493 2722 1567 2754 315,
1589 2716 1676 2754 317).

161 2758 300 2798 printed
328 2758 375 2798 by
402 2757 512 2789 Aldus
539 2762 577 2789 at
606 2758 742 2795 Venice,
771 2767 810 2798 25
842 2758 923 2789 Dec.
1039 2762 1089 2796 (15.
1117 2758 1293 2797 senectus]
1318 2757 1484 2788 Erasmus
1509 2767 1579 2788 was
1603 2767 1680 2788 now
1709 2767 1759 2798 57.

164 2810 244 2842 1495
265 2801 438 2843 (Legrand
454 2802 476 2833 i.
499 2804 563 2842 17).
604 2801 770 2833 Erasmus
786 2801 847 2833 did
863 2805 927 2833 not
993 2800 1043 2832 ef.
1065 2801 1155 2841 Epp.
1181 2809 1272 2841 1025.
1299 2802 1374 2837 1611,
1399 2809 1491 2840 1103.
1513 2809 1591 2840 2411.

160 2845 299 2886 comply
320 2844 406 2876 with
427 2844 487 2877 the
508 2844 594 2876 wish
616 2845 694 2876 here
717 2845 925 2886 oxprcssed;
1039 2846 1090 2875 80.
1117 2844 1284 2883 Fabrum]
1309 2845 1371 2876 800
1388 2843 1451 2886 Ep.
1474 2852 1544 2883 315.

160 2888 226 2921 but
241 2888 302 2921 the
319 2889 443 2930 vigour
460 2888 496 2920 of
514 2888 573 2920 the
591 2888 742 2920 demand
759 2889 788 2920 is
805 2888 924 2920 shown
1082 2887 1283 2927 Doloinum]
1300 2888 1362 2920 800
1380 2887 1444 2929 Ep.
1463 2897 1540 2928 494.

159 2931 207 2974 by
233 2932 294 2964 the
322 2932 396 2964 fact
425 2932 506 2964 that
534 2943 556 2964 a
584 2932 794 2964 translation
822 2931 923 2964 made
1082 2931 1256 2971 Ruzeum]
1272 2932 1335 2965 See
1353 2931 1417 2972 Ep.
1436 2940 1512 2972 493.
1531 2940 1634 2972 420n.

158 2975 207 3016 by
232 2975 289 3008 Jo.
319 2975 499 3012 Peri-ellus,
529 2975 637 3012 Paris,
665 2976 697 3008 S.
729 2975 922 3012 Colinaeus,
1083 2974 1286 3014 Beraldum]
1303 2975 1365 3007 See
1383 2975 1446 3016 Ep.
1466 2983 1541 3015 925.

159 3028 178 3059 3
206 3019 299 3051 June
332 3027 425 3060 1535,
455 3030 526 3051 was
554 3020 653 3051 twice
682 3019 858 3061 rcprinted
887 3023 925 3051 at.
1087 3018 1274 3059 Ruellium]
1291 3019 1354 3051 800
1371 3018 1435 3060 Ep.
1456 3020 1528 3059 346.
1552 3028 1625 3050 1111.
