2033 3395
126 145 249 194 1255]
701 141 775 181 To
804 139 1066 181 CHAR-LEs
1096 138 1132 179 v
1687 142 1712 180 5

123 262 265 294 passage
282 252 317 285 in
338 252 397 284 the
419 251 619 290 Paraclesis,
635 251 714 283 that
738 251 797 282 the
815 250 913 282 Bible
933 250 1059 282 should
1082 250 1122 281 be
1144 250 1225 281 read
1242 253 1305 281 not
1322 249 1450 291 merely
1474 249 1520 290 by
1540 250 1713 287 students,

124 295 188 327 but
214 295 263 337 by
288 295 337 327 all
359 295 485 327 classes
511 295 547 326 of
581 294 726 335 people:
760 294 861 333 (f⁰.a
841 296 892 333 a⁴)
919 293 992 325 ‘Me
1019 293 1159 335 quidem
1183 297 1304 324 autore
1327 293 1418 334 leget
1441 293 1603 334 agricola,
1624 293 1716 334 leget

122 338 231 378 faber,
238 306 357 380 yleget
390 338 556 377 latomus,
590 338 682 379 leget
718 340 847 377 textor,
882 337 998 378 legent
1028 340 1064 369 et
1094 337 1290 368 meretrices
1320 340 1355 367 et
1384 336 1538 375 lenones,
1567 336 1715 377 denique

119 382 235 423 legent
252 385 288 414 et
303 381 469 413 Turcae’.
510 380 660 412 Furthcr
676 381 705 412 it
721 380 846 412 should
864 379 906 411 be
924 380 1026 412 made
1043 380 1226 411 accessible
1243 383 1281 411 to
1299 379 1395 411 them
1413 381 1448 411 in
1466 379 1715 411 translations.

121 425 222 464 (f⁰.a
201 424 285 465 3)
301 425 396 464 Quur
419 406 618 456 indecorum
643 424 782 456 videtur
805 425 833 455 si
857 425 1041 464 quisquam
1063 427 1165 455 sonet
1190 423 1417 464 Euangelium
1442 433 1482 454 03
1504 423 1623 464 lingua
1646 432 1715 463 qua

121 471 225 500 natus
249 470 302 499 est
325 471 361 499 et
385 478 491 509 quam
516 468 707 509 intelligit?
756 467 876 499 Gallus
900 467 1045 506 Gallica,
1069 467 1259 498 Britannus
1284 467 1498 505 Britannica,
1523 466 1716 497 Germanus

120 511 338 550 Germanica,
361 510 471 542 Indus
495 509 627 543 Indica.
676 510 761 542 Mihi
787 512 895 552 magis
920 510 1121 542 indecorum
1146 510 1202 541 vel
1225 510 1408 541 ridiculum
1435 510 1552 550 potius
1576 509 1716 540 videtur

119 554 213 595 quod
228 554 356 586 idiotae
370 557 405 586 et
420 554 652 592 mulierculae,
666 554 793 604 psitaci
805 553 976 594 exemplo,
990 553 1147 585 Psalmos
1161 563 1241 584 suos
1256 556 1291 584 et
1306 553 1350 584 Pr
1352 554 1544 584 ecationem
1559 552 1714 584 Domini-

118 607 195 629 cam
213 598 335 629 Latine
351 600 582 636 murmurant,
599 608 707 638 quum
723 598 818 638 ipsae
834 597 928 638 quod
942 599 1070 629 sonant
1085 606 1156 629 non
1171 596 1402 637 intelligant.
1448 596 1529 634 .(f0.
1547 598 1597 635 a⁷)
1613 596 1714 627 Nunc

119 641 223 673 multi
243 644 326 672 sunt
348 642 636 682 quinquagenarii
657 641 717 682 qui
738 641 895 672 nesciant
918 640 1002 681 quid
1024 641 1186 671 vouerint
1209 640 1244 671 in
1267 639 1455 680 baptismo,
1478 640 1538 679 qui
1560 649 1603 671 ne
1625 649 1712 670 som-

119 685 247 716 niarint
261 684 401 726 quidem
415 684 498 725 quid
511 684 577 716 sibi
590 684 699 715 velint
712 684 850 715 articuli
861 683 953 723 fidei,
966 683 1051 725 quid
1064 683 1221 715 Precatio
1235 683 1432 722 Dominica,
1445 682 1527 723 quid
1542 681 1715 714 Ecclesiae

117 727 370 759 sacramenta’.
425 728 478 766 (fo
511 729 549 758 a⁸
579 730 634 767 VO)
667 726 786 759 ‘Haec
817 726 929 759 adieci
956 726 1050 768 quod
1082 726 1323 768 typographus
1354 729 1555 767 quereretur
1583 726 1714 767 alioqui

118 771 262 812 paginas
277 752 412 812 aliquot
433 771 505 803 fore
527 781 656 802 vacuas
667 770 750 810 '(cf.
767 771 831 811 Ep.
853 779 945 810 1274.
965 772 1076 810 20—2).
1115 769 1157 801 In
1173 770 1232 801 the
1246 770 1321 800 first
1336 779 1480 811 passage
1495 768 1639 810 quoted,
1653 769 1714 801 the

118 813 230 845 words
253 814 331 854 ἱερεῖ
346 817 448 846 textor
470 825 528 845 are
544 815 580 846 in
598 814 658 846 the
676 824 767 855 copy
784 814 833 855 by
851 813 956 846 Hand
975 814 1005 845 A
1023 814 1059 846 in
1076 813 1137 845 the
1155 813 1279 844 Gouda
1297 813 1366 846 MS.
1392 822 1486 853 1324,
1504 813 1528 845 f.
1549 821 1566 853 3
1586 817 1627 843 v⁰
1646 813 1715 851 (see

118 858 187 890 vol.
202 858 225 897 i,
241 868 274 898 p.
290 861 329 891 61
339 860 383 897 1),
398 857 463 889 but
478 860 540 889 not
555 858 591 889 in
605 857 665 889 the
681 857 819 899 printed
834 860 939 889 texts.
977 857 1050 889 The
1066 867 1123 889 MS.
1140 857 1213 888 also
1229 857 1333 888 omits
1348 860 1377 888 et
1392 856 1507 888 before
1525 856 1715 889 meretrices.

118 901 186 933 For
202 911 224 932 a
241 901 392 933 German
408 901 628 941 translation,
646 901 795 942 perhaps
813 900 861 942 by
878 900 1073 940 Botzheim,
1090 901 1134 933 cf.
1153 900 1218 941 Ep.
1242 901 1334 941 1285.
1357 899 1450 940 38n.]

235 995 561 1026 INVICTISSIMO
587 995 789 1026 CAESARI
815 995 1015 1034 CAROLO,
1044 995 1150 1025 EIVS
1177 995 1381 1026 NOMINIS
1408 996 1602 1034 QVINTO,

510 1065 555 1095 D.
592 1064 809 1095 ERASMVS
842 1064 1198 1095 ROTERODAMVS
1232 1065 1331 1095 S.D.

174 1128 307 1168 HAVD
349 1142 567 1181 quaquam
607 1131 791 1181 ignarus,
835 1129 980 1169 Carole
1022 1130 1174 1169 Caesar
1217 1129 1506 1176 inuictissime,
1549 1133 1714 1180 quanta

118 1183 261 1234 religio
282 1188 530 1235 quantaque
551 1185 789 1223 reuerentia
810 1184 1028 1231 debeatur,
1046 1197 1178 1235 quum
1201 1184 1398 1223 omnibus
1421 1185 1548 1223 sacris
1567 1184 1713 1230 literis,

117 1250 224 1288 quas
251 1238 372 1276 nobis
399 1239 537 1277 sancti
564 1238 711 1277 Patres
739 1238 874 1277 diuini
900 1238 1096 1277 Numinis
1125 1238 1272 1277 afflatu
1300 1238 1590 1289 prodiderunt,
1619 1242 1713 1277 tum

118 1292 341 1342 praecipue
359 1293 410 1330 iis
430 1306 539 1343 quae
560 1293 682 1331 nobis
702 1293 814 1331 bona
834 1292 916 1331 fide
935 1292 1136 1339 referunt,
1159 1306 1268 1344 quae
1289 1293 1416 1332 Pater
1436 1293 1503 1331 ille
1525 1292 1714 1332 coelestis

120 1345 175 1384 ad
209 1347 343 1384 totius
379 1347 491 1385 orbis
527 1347 707 1385 salutem
743 1359 818 1397 per
852 1346 1007 1385 Filium
1043 1360 1166 1385 suum
1203 1347 1344 1385 Iesum
1381 1347 1447 1386 vel
1483 1347 1611 1398 gessit
1646 1346 1713 1386 vel

117 1400 398 1451 proloquutus
430 1405 523 1447 est;
573 1401 781 1451 simulque
815 1401 1005 1439 conscius
1038 1401 1305 1452 indignitatis
1339 1401 1545 1452 propriae,
1581 1414 1713 1452 quum

117 1458 216 1493 ante
251 1467 384 1493 annos
419 1455 583 1506 aliquot
618 1455 801 1506 primum
831 1455 1056 1494 admolirer
1090 1468 1264 1494 manum
1295 1455 1498 1506 Epistolis
1527 1455 1715 1494 Paulinis

117 1509 365 1559 paraphrasi
393 1509 827 1560 explanandis—-nam
854 1509 899 1547 id
927 1510 1031 1548 mihi
1056 1513 1150 1548 tum
1171 1510 1282 1548 vltro
1303 1510 1510 1560 suggessit
1529 1510 1714 1560 impetus

117 1562 313 1610 animi—,
335 1563 511 1602 videbar
537 1564 638 1602 mihi
660 1563 825 1602 facinus
844 1564 1015 1615 aggredi
1034 1564 1306 1603 vehementer
1336 1564 1478 1603 audax
1498 1568 1542 1603 et
1560 1564 1714 1615 impro-

118 1616 219 1655 bum
240 1630 288 1656 ac
308 1617 578 1668 periculosae,
600 1618 716 1669 quod
736 1618 871 1665 aiunt,
892 1618 1032 1657 aleae:
1068 1618 1173 1657 adeo
1194 1622 1243 1657 vt
1263 1623 1544 1669 posteaquam
1564 1619 1608 1657 in
1628 1631 1713 1656 vno

116 1670 302 1710 alteroue
337 1673 477 1723 capite
509 1672 700 1711 fecissem
734 1673 871 1723 operis
904 1672 1151 1723 periculum,
1186 1673 1312 1723 plane
1346 1673 1576 1712 contractis
1610 1672 1714 1711 velis

115 1725 347 1764 destiturus
370 1726 521 1765 fuerim
545 1727 599 1765 ab
622 1727 822 1765 instituto
846 1740 983 1773 cursu,
1009 1727 1053 1765 ni
1076 1740 1142 1766 me
1166 1728 1297 1765 mirus
1320 1728 1553 1766 amicorum
1576 1726 1711 1766 erudi-

114 1783 257 1818 tolum
292 1793 518 1819 consensus
552 1781 616 1820 vti
650 1794 864 1832 pergerem
899 1781 1163 1832 perpulisset.
1227 1781 1314 1820 Nec
1350 1782 1453 1819 mihi
1486 1781 1606 1820 licuit
1640 1793 1714 1832 per

116 1833 266 1872 horum
291 1834 614 1886 efflagitationes
639 1836 944 1886 conquiescere,
976 1836 1108 1874 donec
1134 1835 1337 1886 quiequid
1366 1839 1476 1874 esset
1500 1835 1711 1886 Apostoli-

115 1901 260 1927 carum
311 1889 599 1951 Epistolarum
650 1890 954 1935 absoluissem;
1021 1903 1117 1928 cum
1166 1890 1255 1940 ipse
1305 1903 1391 1928 non
1441 1890 1712 1940 sumpsissem

113 1943 360 1982 tractandas
386 1944 466 1982 nisi
491 1957 562 1982 eas
587 1957 696 1994 quae
722 1945 828 1982 01113
854 1944 1185 1982 controuersiam
1212 1957 1379 1983 omnem
1407 1957 1432 1982 a
1456 1943 1590 1982 Paulo
1617 1957 1713 1983 con-

114 1997 295 2047 scriptae
326 2002 438 2036 sunt.
498 1999 595 2036 Non
625 2011 788 2048 semper
817 1998 921 2036 mihi
949 2011 1146 2049 prospere
1177 1999 1302 2037 cessit
1332 1999 1563 2036 amicorum
1593 1998 1711 2037 insti-

113 2051 356 2101 gationibus
385 2052 741 2103 obsequundasse.
800 2052 883 2092 Sed
912 2052 990 2090 hac
1020 2056 1166 2091 tamen
1195 2053 1239 2091 in
1268 2066 1311 2091 re
1341 2053 1444 2091 mihi
1473 2052 1713 2103 gratulatus

112 2117 205 2143 sum
227 2118 320 2144 eam
342 2106 564 2145 audaciam
586 2106 882 2157 expectatione
903 2107 1030 2145 fuisse
1059 2106 1285 2146 feliciorem
1307 2120 1314 2145 :
1353 2111 1447 2145 13111
1469 2107 1622 2153 autori,
1646 2107 1713 2145 cui

113 2159 335 2198 minimum
365 2161 529 2211 peperit
556 2160 769 2206 inuidiae3
816 2165 909 2199 tum
940 2161 1220 2212 Euangelicae
1249 2161 1539 2212 philosophiae
1570 2161 1711 2200 candi·

112 2212 237 2259 datis,
263 2214 337 2265 qui
360 2215 463 2253 mihi
488 2215 683 2254 certatim
707 2215 864 2266 gratias
889 2220 1035 2266 agunt,
1061 2215 1176 2266 quod
1201 2216 1279 2254 hac
1306 2228 1399 2254 mea
1422 2215 1633 2254 industria
1657 2215 1711 2254 ad

111 2268 393 2318 cognitionem
415 2269 683 2320 Apostolicae
703 2270 935 2320 sapientiae
957 2270 1023 2308 vel
1044 2270 1219 2308 excitati
1240 2270 1325 2308 sint
1346 2269 1412 2308 vel
1433 2269 1582 2308 adiuti.

166 2322 248 2361 Sed
275 2322 353 2361 hac
381 2323 607 2362 defunctus
634 2324 865 2374 prouincia,
894 2337 978 2362 non
1006 2324 1287 2374 expectabam
1315 2324 1492 2374 posthac
1521 2336 1710 2374 vnquam

113 2375 215 2414 mihi
242 2389 329 2415 rem
356 2376 446 2416 fore
473 2391 569 2417 curn
598 2378 675 2416 hoc
704 2378 849 2428 scripti
876 2391 1037 2429 genere.
1096 2379 1153 2416 Et
1179 2392 1274 2417 eece
1302 2378 1353 2416 R.
1384 2378 1436 2416 D.
1466 2378 1712 2417 Matthaeus

111 2430 344 2469 Cardinalis
359 2431 625 2479 sedunensis,
644 2433 761 2471 cuius
777 2433 952 2471 hortatu
969 2432 1225 2483 perfeceram
1242 2432 1456 2483 Epistolas
1472 2433 1709 2478 canonicas,

111 2497 244 2535 quum
279 2485 397 2524 illum
435 2500 456 2524 e
493 2487 809 2525 Vuormaciensi
845 2487 1031 2525 Concilio
1069 2500 1283 2526 reuersum
1320 2486 1536 2525 salutandi
1572 2487 1710 2537 gratia

111 2540 399 2579 conuenissem
417 2540 653 2587 Bruxellae,
672 2541 807 2592 primo
825 2542 972 2579 statim
990 2541 1212 2592 colloquio,
1231 2541 1350 2580 velut
1366 2541 1444 2579 hcc
1463 2540 1708 2587 meditatus,

110 2592 260 2644 incipit
299 2594 459 2632 hortari
498 2599 547 2633 vt
586 2595 701 2646 quod
730 2595 920 2634 fecissem
959 2596 1003 2633 in
1044 2595 1258 2646 Epistolas
1287 2595 1566 2645 Apostolicas,
1597 2594 1709 2633 idem

110 2646 290 2686 facerem
320 2649 365 2686 in
395 2649 673 2699 Euangelium
703 2649 925 2688 Matthaei.
984 2649 1075 2700 Ego
1105 2650 1298 2700 protinus
1329 2662 1528 2687 excusare
1558 2649 1707 2695 multa,

111 2700 205 2750 plus
233 2702 336 2740 satis
364 2703 505 2741 audax
533 2703 661 2742 fuisse
689 2703 865 2749 facinus,
896 2703 1011 2754 quod
1039 2703 1081 2741 id
1112 2708 1342 2741 tentassem
1371 2703 1414 2740 in
1443 2703 1709 2753 Apostolicas

110 2754 253 2794 literas
273 2769 280 2794 :
312 2757 424 2795 viros
445 2757 616 2807 quidem
639 2757 805 2795 diuinos
821 2757 1061 2807 Apostolos,
1079 2757 1151 2795 sed
1173 2762 1317 2795 tamen
1339 2757 1529 2796 homines
1551 2758 1680 2796 fuisse
1699 2770 1708 2803 ;

109 2813 323 2848 caeterum
345 2810 499 2849 Christi
520 2812 786 2850 maiestatem
808 2824 897 2850 esse
917 2812 1117 2850 maiorem
1140 2824 1268 2862 quam
1291 2816 1340 2849 vt
1360 2812 1403 2849 in
1425 2812 1548 2850 huius
1570 2812 1709 2850 verbis

108 2862 221 2902 idem
242 2864 395 2904 audere
415 2864 480 2904 fas
500 2865 568 2904 sit.
625 2865 747 2913 Quod
774 2866 808 2903 si
829 2879 905 2903 nos
931 2879 1017 2904 non
1037 2866 1310 2905 submoueret
1330 2867 1466 2916 operis
1493 2867 1705 2911 maiestas,

351 2951 418 2974 111.
433 2952 466 2974 D.
480 2947 554 2974 ante
573 2951 737 2973 ERAsts
755 2955 773 2971 a
791 2954 798 2974 z
824 2952 903 2975 11115.
918 2955 946 2981 η.
1132 2943 1180 2974 16.
1208 2952 1345 2974 omnem
1358 2943 1433 2974 add.
1449 2955 1472 2974 ε.

154 3035 185 3065 7.
211 3026 378 3068 primum]
391 3030 453 3061 Sec
469 3028 533 3070 Ep.
551 3037 623 3067 710.
842 3036 894 3066 25.
921 3028 1080 3069 hortatu]
1097 3029 1146 3060 Cf.
1168 3029 1255 3070 Epp.
1279 3038 1370 3070 1155.
1395 3039 1445 3060 111,
1471 3038 1560 3068 ¹¹71·
1580 3039 1657 3067 47¹¹·

1738 1622 1776 1645 10

1735 1895 1770 1927 15

1730 2167 1747 2189 2
1752 2166 1774 2188 O

1728 2437 1768 2469 25

1728 2708 1771 2740 30
