2012 3370
173 120 294 170 1418]
725 119 796 158 TO
827 119 1094 159 CLEMENT
1123 119 1206 159 VII
1686 120 1764 160 399

172 241 320 268 ansam
351 230 616 280 eriperemus,
649 226 829 266 libenter
859 231 903 266 et
935 231 1101 266 caetera
1133 228 1353 274 mutaturi,
1387 228 1422 266 si
1453 227 1548 278 quis
1578 227 1763 267 fraterne

172 283 417 322 monuisset.

225 336 308 377 Sed
335 336 415 376 hac
433 337 486 375 de
513 349 557 375 re
585 336 793 386 copiosius
821 336 967 386 scripsi
994 335 1341 376 reuerendissimo
1370 336 1492 376 Card.
1522 335 1761 387 Campegio,

171 391 296 430 simul
334 404 386 431 ex
424 395 613 442 tempore
651 389 862 441 quaedam
899 390 1157 441 respondens
1195 390 1251 429 ad
1288 390 1489 430 Stunicae
1527 394 1763 442 postremas
1779 404 1820 436 45

171 445 416 485 calumnias.
461 445 551 496 Ego
567 456 730 495 semper
745 457 811 482 me
828 457 1006 495 meaque
1022 445 1165 483 omnia
1180 444 1356 484 submisi
1371 444 1526 484 iudicio
1542 444 1762 484 Romanae

171 499 394 546 Ecclesiae,
423 511 509 538 non
535 501 845 550 repugnaturus
873 499 1041 537 etiamsi
1066 499 1257 549 iniquam
1284 499 1336 537 de
1364 511 1431 537 me
1458 499 1569 538 ferat
1596 503 1760 539 senten-

169 555 289 594 tiam.
340 553 452 593 Nam
473 554 616 593 omnia
637 553 777 603 patiar
799 553 940 603 potius
963 565 1093 603 quam
1116 556 1167 591 vt
1188 553 1267 591 sim
1290 552 1526 592 seditiosus.
1578 552 1660 593 Sed
1682 553 1762 593 hoc

170 608 273 647 mihi
297 609 448 648 certior
467 611 532 647 est
554 606 721 654 fiducia,
747 610 848 646 tuae
873 605 1125 646 Sanctitatis
1144 607 1406 658 aequitatem
1430 620 1517 646 non
1540 619 1761 658 passuram

168 666 218 701 Vt
241 674 472 713 paucorum
494 662 652 701 insanis
675 660 781 700 odiis
804 660 948 699 dedar.
1780 675 1819 708 50

221 716 349 755 Mitto
364 716 487 755 huius
505 717 549 755 in
563 719 607 754 te
622 716 751 754 animi
766 716 918 766 pignus
937 714 1235 765 Paraphrasim
1253 715 1298 754 in
1316 714 1425 754 Acta
1443 714 1758 765 Apostolorum,

166 782 275 821 quae
292 774 385 809 tum
401 770 510 809 forte
527 770 828 808 excudebatur.
874 769 983 808 Eam
998 769 1258 808 destinaram
1276 769 1328 807 R.
1348 769 1469 808 Card.
1489 769 1758 817 Eboracensi,

166 836 251 875 quo
275 837 353 876 ego
374 824 624 875 iampridem
648 824 940 863 amantissimo
964 827 1146 874 patrono
1170 827 1280 862 vtor.
1334 822 1416 863 Sed
1440 836 1561 862 verso
1586 824 1759 864 consilio

165 878 377 918 dicabitur
389 878 450 917 illi
462 878 567 917 liber
581 879 654 929 qui
668 891 780 917 nunc
794 879 838 917 in
853 878 1049 917 manibus
1063 882 1129 916 est
1142 876 1352 916 Delibero
1367 877 1542 917 arbitrio
1557 878 1760 918 aduersus

166 932 424 972 Lutherum:
461 933 576 984 quod
607 932 668 971 illi
696 933 884 984 suspicor
916 933 1047 971 etiam
1076 933 1236 983 gratius
1265 931 1472 971 futurum.
1534 932 1686 971 Caesar
1715 937 1758 972 et
1779 947 1814 979 53

164 986 402 1038 Margareta
428 991 632 1026 reuocant
658 987 702 1026 in
730 986 1023 1025 Brabantiam.
1081 986 1175 1025 Rex
1203 985 1347 1025 Gallus
1376 986 1593 1025 montibus
1621 988 1759 1026 aureis

164 1042 322 1081 inuitat
341 1041 395 1080 ad
415 1055 471 1080 se.
520 1041 587 1080 Me
606 1054 707 1080 Vero
725 1041 831 1080 nihil
849 1041 1005 1080 auellet
1023 1053 1049 1079 a
1069 1040 1221 1087 Roma,
1242 1041 1324 1079 nisi
1344 1053 1455 1080 mors
1476 1044 1553 1080 aut
1573 1040 1758 1080 calculus

164 1099 300 1134 morte
321 1095 550 1143 crudelior3
580 1096 615 1135 si
634 1095 761 1134 modo
781 1108 948 1134 sensero
972 1099 1093 1134 tuam
1117 1095 1245 1134 istam
1271 1095 1533 1146 aequitatem
1554 1095 1757 1134 aduersus

162 1150 329 1200 iniquos
367 1150 691 1189 calumniatores
728 1149 831 1188 mihi
868 1149 1077 1200 praesidio
1113 1148 1317 1188 futuram.
1383 1149 1633 1188 Doctrinam
1670 1163 1757 1190 non

162 1203 328 1243 confido
355 1217 421 1243 me
448 1204 644 1243 omnibus
671 1204 1021 1255 approbaturum.
1077 1203 1198 1243 Certe
1224 1202 1351 1242 fidem
1378 1216 1426 1242 ac
1454 1205 1754 1255 synceritatem
1773 1212 1816 1242 60

162 1259 442 1297 conscientiae
479 1258 603 1309 plane
642 1258 806 1297 confido
845 1271 911 1296 me
949 1258 1070 1296 bonis
1108 1262 1153 1297 et
1195 1259 1341 1308 aequis
1385 1258 1581 1297 omnibus
1619 1258 1754 1298 decla-

160 1316 366 1352 raturum.

214 1366 377 1413 Precor,
411 1366 581 1405 beatiss.
613 1365 753 1413 Pater,
786 1370 835 1404 vt
866 1366 1074 1404 Dominus
1106 1365 1223 1404 Iesus
1254 1370 1297 1404 te
1328 1365 1432 1404 velit
1461 1379 1550 1405 esse
1580 1367 1679 1405 noui
1712 1372 1756 1406 et

159 1421 275 1459 aurei
305 1420 433 1459 seculi
464 1420 675 1459 vindicem
707 1424 752 1459 et
781 1421 1139 1459 instauratorem:
1186 1420 1231 1458 id
1262 1419 1378 1470 quod
1409 1419 1681 1459 vehementer
1712 1426 1756 1460 et

159 1478 358 1525 optamus
377 1478 422 1513 et
441 1474 634 1513 futurum
656 1473 906 1513 confidimus
927 1487 1086 1522 omnes,
1109 1474 1263 1525 quibus
1284 1474 1388 1514 haec
1408 1474 1584 1513 dissidia
1603 1476 1754 1514 merito
1772 1484 1811 1523 65

156 1529 393 1580 displicent.

211 1583 340 1622 Crede
362 1583 479 1630 mihi,
500 1587 578 1622 tua
598 1582 812 1623 Sanctitas
834 1583 1024 1622 omnium
1046 1581 1302 1622 Pontificum
1322 1581 1500 1634 gloriam
1521 1583 1751 1634 superabit,

156 1638 190 1676 si
227 1637 303 1676 hos
340 1637 545 1676 bellorum
582 1641 626 1676 et
662 1638 909 1688 opinionum
946 1637 1159 1676 tumultus
1196 1638 1494 1688 composuerit.
1559 1637 1751 1677 Alterum

156 1691 320 1738 efficiet,
351 1692 385 1730 si
413 1704 456 1730 se
483 1691 726 1742 praebuerit
751 1691 971 1742 aequalem
1000 1691 1266 1742 Principibus
1286 1691 1512 1738 omnibus3
1556 1691 1751 1739 alterum,

154 1746 189 1784 si
227 1758 345 1797 spem
382 1745 529 1785 fecerit
566 1759 608 1784 se
647 1745 753 1785 velle
798 1750 963 1785 mutare
1012 1745 1236 1797 quaedam,
1274 1758 1384 1797 quae
1428 1745 1547 1785 salua
1590 1747 1752 1797 pietate
1769 1762 1812 1795 70

156 1800 312 1839 mutari
335 1804 526 1850 possunt.

212 1853 401 1893 Basileae
427 1853 490 1893 Id.
519 1854 640 1894 Febr.
668 1854 747 1893 An.
776 1865 1045 1893 M.D.XX1111.

1084 1908 1285 1947 Erasmus
1314 1907 1640 1956 Roterodamus‚

1113 1962 1154 2002 S.
1178 1962 1226 2002 T.
1250 1962 1441 2001 seruulus
1464 1963 1696 2012 addictiss„

1154 2029 1247 2056 mea
1270 2029 1400 2055 manu
1423 2017 1663 2068 subscripsi.
1767 2034 1807 2067 75

207 2090 248 2129 S.
272 2089 324 2128 D.
348 2089 399 2129 N.
424 2088 619 2128 Pontifici
641 2102 737 2129 vere
758 2102 936 2136 summo,
960 2088 1166 2129 Clementi
1187 2090 1275 2128 eius
1295 2090 1478 2129 nominis
1499 2091 1694 2141 septimo.

664 2217 785 2256 1419.
848 2213 917 2255 To
948 2212 1098 2257 Lotus
1129 2212 1247 2255 BER.

199 2304 306 2338 Basle
322 2303 397 2340 MS.
418 2304 496 2339 AN.
516 2304 588 2341 III.
611 2314 663 2350 15.
687 2311 734 2340 1²¹.
1410 2304 1574 2345 <Basle.>

1295 2365 1347 2403 <c.
1365 2361 1556 2407 February
1575 2366 1698 2407 1524.)

190 2443 259 2482 [An
279 2442 476 2484 autograph
497 2447 603 2481 note;
639 2444 714 2475 first
734 2443 874 2485 printed
894 2443 930 2474 in
952 2443 1012 2475 the
1034 2441 1239 2474 Bibliotheca
1260 2442 1463 2479 Bremensi&
1490 2451 1583 2483 1719,
1606 2443 1641 2475 ii.
1666 2452 1739 2484 595.

144 2485 217 2518 The
238 2486 368 2518 editors
389 2486 426 2518 of
446 2486 528 2519 that
548 2486 751 2528 miscellany
771 2497 858 2518 were
879 2497 925 2518 no
947 2486 1060 2518 doubt
1079 2485 1175 2528 right
1193 2486 1230 2517 in
1252 2485 1411 2527 deciding
1434 2486 1515 2518 that
1535 2485 1596 2517 the
1618 2496 1742 2526 person

144 2528 330 2562 addressed
345 2530 374 2562 is
390 2529 496 2562 Louis
512 2530 590 2568 Ber,
608 2533 754 2572 provost
769 2530 805 2562 of
820 2531 873 2563 St.
891 2529 1023 2562 Peter's
1039 2533 1079 2562 at
1094 2528 1197 2561 Basle
1213 2528 1283 2560 and
1299 2539 1320 2560 a
1336 2528 1592 2570 distinguished
1609 2529 1740 2561 theolo-

165 2572 236 2611 ian,
254 2573 368 2605 whom
386 2572 552 2606 Erasmus
570 2583 640 2606 was
657 2574 693 2606 in
712 2574 772 2606 the
791 2573 891 2606 habit
909 2573 945 2605 of
963 2573 1159 2615 consulting
1175 2584 1184 2610 ;
1215 2582 1270 2604 see
1290 2572 1354 2613 Ep.
1373 2574 1438 2612 488
1458 2572 1587 2605 introd.
1606 2572 1677 2605 and
1696 2573 1738 2606 cf.

176 2626 233 2658 pp.
256 2625 351 2656 1420,
373 2625 465 2657 1422.
483 2626 604 2657 44-52.

189 2659 363 2692 Erasmus’
384 2660 559 2692 intention
578 2664 617 2692 to
635 2661 733 2693 write
752 2661 892 2702 against
909 2660 1042 2692 Luther
1062 2659 1131 2691 had
1151 2659 1236 2691 been
1256 2658 1462 2691 announced
1480 2659 1517 2691 in
1535 2658 1632 2701 Sept.
1658 2669 1740 2701 1523

185 2733 241 2763 44.
266 2724 550 2758 reuerendissimo
569 2736 631 2757 om.
654 2726 697 2757 H.
885 2733 934 2765 52.
962 2724 1003 2756 R.
1025 2735 1087 2756 om.
1110 2724 1154 2755 H.
1314 2725 1366 2754 61.
1394 2722 1652 2755 declaraturum
1679 2724 1714 2755 H
1729 2736 1737 2757 t

143 2767 422 2810 approbaturum
440 2781 470 2800 α.
654 2770 706 2807 67.
733 2768 840 2800 Crede
868 2768 963 2805 mihi,
991 2771 1055 2800 tua
1081 2767 1113 2800 S.
1141 2767 1322 2808 superabit
1346 2767 1502 2799 omnium
1528 2766 1738 2800 Pontificum

139 2811 297 2854 gloriam,
321 2811 350 2843 si
372 2836 379 2843 .
406 2835 413 2844 .
436 2836 444 2843 .
469 2820 519 2851 71.
545 2816 694 2853 possunt
713 2815 788 2853 post
805 2820 892 2843 M.n.
906 2819 1017 2843 xxnn
1035 2809 1194 2851 transfert
1213 2810 1257 2842 H.
1513 2818 1563 2849 72.
1590 2809 1675 2843 Idus
1692 2811 1735 2844 H.

142 2864 193 2895 73.
220 2854 386 2887 Erasmus
403 2879 410 2887 .
431 2879 439 2887 .
460 2879 467 2887 .
490 2857 543 2894 76.
566 2857 717 2897 septimo
733 2866 795 2887 om.
817 2855 861 2887 H.

180 2932 436 3007 t44dcopiosius
465 2931 602 2973 scripsi]
630 2930 693 2962 Sco
724 2930 787 2971 Ep.
824 2940 903 2971 1415
1023 2941 1072 3007 5d1.
1100 2930 1362 2972 Paraphrasim]
1385 2930 1448 2963 See
1476 2929 1540 2971 Ep.
1578 2939 1661 2970 1414
1688 2931 1737 2962 in-

140 2979 234 3009 inmo
263 3000 269 3007 .
976 2979 1030 3007 tro
1059 2999 1066 3007 .

189 3028 238 3059 50.
266 3019 352 3051 odiis
372 3019 492 3059 dedar]
508 3018 557 3052 Cf.
578 3018 641 3059 Ep.
667 3027 757 3059 1415.
779 3028 829 3059 33.
1023 3028 1073 3059 54.
1099 3018 1151 3051 De
1169 3018 1276 3051 libero
1294 3019 1455 3059 arbitrio]
1472 3018 1534 3051 See
1553 3017 1618 3060 Ep.
1645 3028 1736 3058 1419.
