2033 3395
112 147 234 198 1256]

536 147 694 187 FROM
722 146 876 186 JOHN
906 144 1074 186 LOUIS
1104 143 1272 184 VIVES
1674 138 1699 175 9

110 256 226 306 quod
262 257 305 295 in
342 257 593 307 Hispaniam
631 255 844 306 scripseris
879 254 934 293 ad
971 254 1226 305 Barbyrium
1264 253 1478 303 Hispanos
1515 250 1701 288 Luthero

109 309 264 357 fauere,
292 315 341 350 vt
365 310 592 349 credantur
616 310 854 349 Christiani.

910 308 1033 356 Quod
1058 308 1254 347 credibile
1278 320 1364 345 non
1389 310 1465 352 est,
1492 317 1592 343 nam
1617 316 1704 341 non

110 368 215 415 puto
250 369 293 403 te
325 364 370 403 id
403 365 642 415 scripsisse;
693 368 736 402 et
770 363 951 414 quanuis
984 375 1058 413 per
1090 363 1231 401 iocum
1265 360 1490 412 scripseris,
1525 359 1620 409 quis
1653 370 1704 396 ea
1724 373 1761 404 35

109 419 252 468 potuit
281 418 336 456 ad
364 418 482 456 illum
513 418 730 469 perferre?

790 416 953 456 Deinde
982 417 1071 468 ipse
1101 416 1334 455 collocutus
1364 427 1457 453 sum
1488 425 1584 452 cum
1614 411 1704 450 eius

108 471 207 518 filio,
236 473 310 522 qui
336 472 540 510 narrabat
567 476 732 523 patrem
760 471 954 510 incidisse
982 483 1289 522 nonnunquam
1317 470 1361 507 in
1388 479 1623 507 sermonem
1651 465 1704 503 de

108 529 164 571 te,
194 526 354 564 nullam
382 530 527 565 tamen
553 527 643 564 eius
671 526 775 565 dicti
801 525 948 565 fecisse
976 525 1263 564 mentionem:
1308 536 1393 574 quo
1421 527 1567 561 tamen
1595 523 1705 559 esset

109 579 264 626 animo,
288 593 374 618 non
397 581 584 631 potuisse
607 593 854 631 cognoscere
874 593 882 626 ;
912 592 1011 618 nam
1034 579 1123 630 ipse
1145 579 1189 617 in
1212 582 1407 617 neutram
1431 580 1596 627 partem
1620 573 1707 612 vlla

110 633 320 684 prodebat
356 635 487 686 signa.

110 688 394 739 comperisset.

548 635 606 673 Et
635 638 700 673 est
733 634 800 673 hic
838 633 993 672 sodalis
1024 636 1149 684 κῆρυξ,
1182 646 1267 671 11011
1297 632 1507 670 taciturus
1537 630 1571 667 si
1601 627 1705 679 quid
1722 644 1768 674 40

465 689 577 727 Nam
619 701 755 740 neque
797 688 934 727 tacuit
976 688 1078 726 haec
1120 688 1234 726 duo:

1294 687 1422 737 prius,
1466 684 1620 723 dixisse
1663 686 1706 720 te

111 741 370 793 Antuerpiae
406 742 658 793 bibliopolae
696 747 744 781 vt
780 742 982 781 venderet
1016 742 1144 780 libros
1180 740 1369 786 Lutheri,
1406 738 1511 777 nihil
1546 737 1707 776 veritus

110 795 326 846 diploma;
380 797 573 843 alterum,
612 797 860 843 Lutherum,
898 809 1031 847 quum
1069 800 1117 834 vt
1153 798 1405 840 recantaret,
1443 793 1707 836 incitaretur,

109 850 372 900 respondisse
386 864 471 890 non
484 852 528 889 id
542 864 630 890 esse
644 851 723 889 sibi
737 852 948 902 integrum
962 850 1211 889 inconsultis
1224 850 1274 887 iis
1288 848 1442 900 quibus
1457 845 1709 886 authoribus

109 908 153 942 et
171 904 470 956 impulsoribus
490 906 707 956 negotium
728 905 807 944 hoc
827 905 1078 956 suscepisset
1098 918 1106 951 ;
1142 903 1346 955 suspicari
1364 915 1408 941 se
1428 906 1470 941 te
1491 914 1579 940 esse
1598 900 1709 938 inter
1725 916 1745 946 4
1752 916 1766 948 5

110 957 305 1009 reliquos,
328 963 371 998 et
392 959 443 999 de
465 960 610 1010 primis
630 973 764 998 vnum
785 959 1067 998 nominatum.

165 1012 246 1052 Hic
270 1017 336 1052 est
359 1015 496 1053 omnis
514 1014 609 1053 fons
632 1014 811 1052 rumoris
834 1014 879 1052 in
899 1013 1127 1053 Germania
1150 1012 1283 1064 sparsi
1304 1025 1312 1058 ;
1352 1023 1479 1062 quem
1504 1014 1553 1048 tu
1577 1008 1707 1047 etiam

110 1079 243 1117 quum
273 1067 452 1115 adesses,
482 1068 568 1107 fere
597 1072 739 1107 totum
769 1068 949 1107 videras.

1007 1068 1119 1106 Nam
1149 1068 1223 1118 qui
1252 1066 1304 1105 de
1324 1070 1367 1105 te
1387 1066 1445 1104 sic
1466 1062 1709 1103 sentiebant

109 1125 222 1167 ante,
245 1126 453 1173 tanquam
474 1123 526 1161 de
548 1123 785 1162 Christiano
806 1122 899 1161 aliis
918 1122 1160 1160 nominibus
1180 1134 1267 1160 non
1287 1120 1473 1165 addicto,
1495 1118 1540 1157 in
1560 1116 1708 1156 eadem

108 1174 248 1215 adhuc
267 1181 369 1215 sunt
391 1177 603 1216 sententia
622 1190 631 1224 3
667 1190 715 1216 ac
734 1177 859 1228 plane
876 1176 994 1215 fama
1012 1176 1121 1215 vires
1140 1175 1323 1226 acquirit
1341 1173 1494 1213 eundo.
1542 1170 1710 1210 Nebula
1730 1188 1772 1220 50

110 1229 213 1268 haec
229 1235 307 1277 est,
324 1243 454 1281 quam
469 1232 559 1282 ipse
574 1231 720 1282 procul
735 1235 932 1282 spectans
947 1231 1161 1282 ingentem
1178 1234 1305 1281 putas
1325 1242 1334 1275 3
1366 1228 1488 1267 aliter
1503 1226 1711 1272 dicturus,

111 1284 146 1321 si
183 1285 356 1335 propius
387 1285 607 1324 admotam
647 1298 834 1324 cerneres
865 1290 908 1324 et
938 1289 1145 1336 tangeres.

1205 1284 1293 1322 Nec
1325 1283 1479 1321 mirum
1517 1280 1708 1319 homines

111 1337 164 1376 de
200 1338 326 1377 rebus
361 1352 470 1390 quae
507 1339 653 1391 procul
690 1344 888 1391 aguntur,
926 1339 984 1378 sic
1022 1338 1204 1384 mentiri,
1243 1350 1375 1388 quum
1413 1337 1480 1375 hic
1517 1333 1709 1385 quotidie

111 1397 336 1431 narrentur
362 1394 484 1432 nobis
512 1393 736 1432 Bruxellae
763 1398 807 1432 et
834 1393 1052 1432 Mecliniae
1081 1393 1161 1444 agi,
1191 1405 1301 1443 quae
1328 1404 1380 1430 ne
1408 1394 1509 1429 sunt
1536 1387 1709 1439 quidem

112 1459 302 1497 vnquam
319 1448 519 1499 cogitata.
569 1448 723 1499 Itaque
743 1448 1001 1487 commoueri
1016 1452 1059 1486 te
1079 1447 1191 1486 hisce
1208 1445 1384 1485 vocibus
1403 1443 1508 1483 nihil
1523 1445 1707 1494 oportet.
1731 1461 1768 1493 55

114 1500 195 1548 Qui
207 1501 273 1540 hic
287 1506 330 1541 te
346 1501 653 1541 Lutherianum
669 1507 840 1549 vocant,
862 1506 906 1541 et
920 1502 994 1553 qui
1006 1502 1050 1540 in
1063 1501 1290 1541 Germania
1303 1499 1475 1538 minime
1488 1496 1710 1536 Lutheria-

112 1567 228 1602 num,
249 1556 420 1607 vtrique
438 1557 566 1596 iidem
586 1562 688 1596 sunt
707 1561 750 1596 et
770 1556 948 1596 eandem
964 1569 1052 1596 rem
1068 1560 1202 1607 agunt
1222 1569 1230 1601 ;
1259 1554 1332 1594 sed
1347 1567 1422 1605 pro
1436 1552 1646 1604 qualitate
1664 1554 1710 1589 et

112 1609 270 1649 theatri
287 1614 331 1649 et
349 1615 640 1662 spectatorum
660 1615 833 1650 mutant
853 1623 1089 1662 personam,
1111 1611 1155 1649 in
1174 1609 1381 1648 inuidiam
1396 1612 1543 1647 tamen
1558 1617 1709 1645 conan-

114 1667 185 1702 tur
204 1664 384 1712 trahere,
406 1670 450 1704 et
470 1666 684 1705 munitum
704 1666 821 1705 omni
840 1665 924 1704 alia
943 1670 1064 1716 parte
1085 1665 1164 1704 hac
1185 1667 1359 1703 tentant
1375 1661 1589 1701 inuadere.

166 1718 324 1758 Aulicis
368 1720 454 1759 tuis
490 1721 635 1760 amicis
673 1720 823 1759 vellem
860 1720 1060 1759 scriberes
1097 1719 1235 1771 qualis
1271 1718 1351 1756 tibi
1388 1715 1600 1756 calumnia
1636 1726 1711 1765 per
1726 1727 1772 1757 60

110 1772 283 1813 sceleste
303 1774 494 1814 inimicos
514 1775 705 1814 homines
725 1775 974 1820 intentetur,
997 1778 1046 1813 vt
1067 1774 1123 1813 ad
1143 1774 1195 1812 D.
1216 1773 1444 1812 Heloinum
1466 1784 1473 1809 ε
1511 1774 1555 1809 et
1575 1769 1610 1808 si
1630 1767 1711 1807 tibi

331 1841 385 1872 61.
411 1840 453 1873 D.
478 1841 666 1873 Heloinum
689 1840 823 1882 scripsi,
845 1844 877 1872 vt
897 1840 935 1873 in
956 1841 1021 1882 Ep.
1046 1850 1119 1881 597.
1148 1849 1182 1880 15
1203 1852 1209 1871 :
1246 1839 1431 1870 Deloinum
1455 1849 1486 1868 a.

159 1919 175 1950 3
182 1921 210 1953 3.
237 1913 282 1945 ad
296 1913 522 1956 Barbyrium]
534 1914 607 1946 The
620 1914 732 1946 words
745 1913 876 1955 quoted

114 1966 172 1988 are
185 1960 248 1989 not
261 1960 299 1988 to
314 1957 356 1989 be
369 1958 478 1990 found
492 1959 527 1990 in
540 1968 612 1999 any
625 1960 750 1990 extant
762 1958 875 1989 letter.

161 2008 212 2039 37.
238 2000 324 2040 filio]
371 2001 512 2033 Besides
558 2001 612 2033 his
657 2001 769 2032 eldest
814 2010 878 2031 son

116 2043 240 2075 Garcia
265 2043 344 2085 (Ep.
375 2053 467 2084 1271.
490 2047 588 2085 130n)
614 2043 675 2076 the
690 2044 792 2076 Duke
808 2043 879 2075 had

117 2086 195 2117 four
224 2087 363 2119 others:
407 2088 428 2119 i.
462 2088 657 2127 Fernando,
688 2088 765 2119 who
803 2097 878 2119 suc-

115 2129 242 2161 ceeded
256 2131 331 2162 Nic.
347 2130 389 2162 de
405 2131 551 2163 Ovando
567 2132 599 2172 (†
616 2141 657 2172 29
672 2131 755 2172 May
772 2140 850 2172 1511
871 2142 879 2162 ε

115 2183 171 2204 sce
189 2173 229 2205 A.
249 2173 292 2205 de
310 2174 432 2206 Torres
449 2185 473 2216 y
490 2175 612 2216 Tapia,
630 2175 773 2207 Cromna
790 2175 830 2206 de
848 2173 881 2205 la

117 2216 226 2249 Orden
247 2217 286 2249 de
307 2217 502 2257 Alcantara,
527 2222 622 2259 1763,
644 2219 677 2251 ii.
700 2219 779 2259 658,
799 2219 879 2257 668)

116 2270 155 2291 as
180 2260 420 2292 Comendador
445 2272 568 2303 mayor
592 2262 628 2294 of
653 2261 734 2293 that
760 2261 878 2294 Order.

118 2304 172 2335 He
204 2314 274 2335 was
304 2305 340 2336 in
371 2304 431 2336 the
463 2305 695 2337 Netherlands
726 2306 762 2337 in
799 2308 881 2346 1516

118 2347 268 2385 (Brewcr
287 2349 320 2379 ii.
341 2351 442 2387 2261)
459 2360 467 2386 ;
501 2348 565 2380 but
584 2350 619 2380 in
644 2358 723 2389 1517
745 2359 878 2380 accom-

118 2390 242 2431 panied
280 2391 420 2423 Charles
457 2396 494 2422 to
533 2393 651 2433 Spain,
689 2392 801 2423 where
838 2391 881 2422 he

117 2433 201 2465 took
234 2437 314 2476 part
345 2435 381 2466 in
413 2439 582 2477 pagcants
614 2435 682 2466 and
715 2439 882 2476 tourncys

117 2477 294 2516 (Gachard
320 2478 364 2510 iii.
397 2482 470 2518 167,
496 2488 561 2519 209
576 2491 585 2517 ;
625 2480 758 2511 Sanuto
786 2479 882 2510 xxvi.

115 2530 172 2562 99,
199 2523 286 2561 100).
332 2522 394 2554 See
416 2522 489 2553 also
513 2523 577 2563 Ep.
607 2527 698 2554 1016.
724 2532 779 2553 211.
828 2523 883 2553 He

119 2573 201 2604 may
229 2563 269 2596 be
295 2565 414 2597 traced
442 2566 477 2597 in
504 2566 654 2597 Charlcs⁷
683 2569 782 2597 court
809 2565 883 2596 also

118 2607 154 2639 in
180 2607 272 2639 June
303 2617 386 2648 1520
412 2608 481 2639 and
509 2609 591 2649 May
622 2619 702 2650 1522
732 2609 884 2648 (Brewer

119 2651 164 2682 iii.
187 2652 263 2690 870,
284 2654 379 2682 2288.
400 2654 446 2691 4).
493 2653 547 2693 By
567 2653 655 2684 Nov.
683 2662 765 2693 1530
785 2651 882 2683 there

119 2704 189 2725 was
229 2704 250 2725 a
289 2705 364 2726 new
404 2695 645 2727 Comendador
685 2706 807 2737 mayor
847 2695 882 2726 of

120 2738 308 2769 Alcantara
328 2738 556 2780 (Bergenroth
576 2740 620 2771 iv.
644 2749 676 2778 2,
697 2749 729 2780 p.
752 2739 835 2778 xiv).

161 2782 196 2813 ii.
222 2782 344 2823 Dicgo,
368 2782 464 2813 Prior
489 2783 524 2813 of
550 2781 609 2814 the
636 2782 745 2813 Order
770 2783 805 2814 of
830 2784 881 2814 St.

119 2824 214 2856 John
245 2825 280 2856 in
311 2825 437 2856 Gastilo
468 2825 537 2856 and
569 2826 672 2857 Leon.
728 2826 782 2857 He
814 2835 885 2856 was

120 2878 141 2899 a
160 2868 328 2900 claimant
348 2869 401 2899 for
422 2868 481 2900 the
501 2879 557 2900 sec
578 2869 613 2900 of
633 2869 762 2900 Toledo
784 2868 883 2900 when

122 2911 173 2944 W.
211 2911 300 2953 Croy
334 2922 405 2943 was
439 2912 641 2953 appointed,
675 2912 746 2943 and
781 2913 883 2953 again

121 2958 160 2986 at
182 2954 242 2986 the
264 2958 350 2987 next
373 2965 529 2997 vacancy
553 2956 703 2995 (Brewcr
726 2956 758 2987 ii.
782 2959 884 2996 4146,

120 2999 439 3081 3ssi17’1›}{{31¹(1²3²'1{1
470 2999 617 3084 3322&
645 3009 724 3040 ¹³²³
749 2999 790 3031 ¹¹⁰
815 3010 885 3030 was

986 1913 1034 1945 iii.
1060 1912 1184 1951 Pedro,
1216 1913 1362 1953 Viceroy
1385 1911 1421 1942 of
1450 1909 1581 1951 Naples
1616 1918 1709 1950 1532,

942 1959 961 1999 †
977 1966 1058 1998 1552
1079 1960 1118 1988 at
1135 1957 1310 1988 Florence.

988 2001 1036 2032 iv.
1062 2001 1169 2039 Juan,
1212 2010 1233 2030 a
1274 1999 1496 2036 Dominican‚
1532 1996 1608 2027 who
1640 2005 1711 2026 was

946 2054 967 2075 a
994 2043 1139 2076 student
1167 2044 1202 2075 in
1231 2043 1328 2074 Paris
1356 2043 1391 2073 in
1424 2049 1563 2080 1520-1,
1591 2039 1661 2070 and
1691 2048 1711 2069 a

946 2091 1073 2129 patron
1088 2088 1123 2119 of
1137 2086 1236 2119 Ferd.
1254 2086 1405 2118 Enzinas
1421 2085 1500 2126 (Ep.
1520 2085 1611 2114 1108.
1631 2084 1711 2123 3111)

945 2130 1017 2163 and
1066 2131 1170 2162 Thos.
1224 2129 1340 2161 Barba
1391 2130 1460 2167 (see
1511 2125 1711 2163 Renouard,

948 2174 1080 2206 Badius
1097 2175 1130 2206 ii.
1154 2176 1254 2214 143);
1284 2172 1447 2205 Cardinal
1472 2172 1567 2212 1538,
1586 2170 1650 2211 Bp.
1676 2169 1712 2200 of

948 2218 1082 2260 Burgos
1099 2227 1194 2259 1539,
1209 2216 1299 2258 Abp.
1316 2216 1351 2248 of
1365 2213 1600 2257 Compostella
1617 2221 1712 2254 1550,

948 2264 966 2302 1·
987 2272 1020 2303 15
1039 2263 1133 2303 Sept.
1156 2269 1246 2300 1537.
1285 2263 1347 2293 see
1361 2260 1400 2291 A.
1417 2259 1531 2300 Lopez
1544 2257 1587 2289 de
1602 2257 1712 2294 Haro,

948 2316 1000 2346 op.
1020 2306 1089 2344 cit„
1105 2306 1125 2336 i.
1144 2314 1240 2344 222,3
1261 2303 1330 2335 and
1348 2304 1380 2335 ii.
1401 2306 1508 2343 326‚7.

993 2348 1169 2389 Probably
1194 2347 1305 2379 either
1330 2346 1513 2378 Femando
1538 2354 1578 2376 or
1603 2343 1712 2385 Die—go

949 2393 976 2423 is
996 2391 1162 2423 intended
1183 2391 1273 2423 here.

992 2443 1045 2474 42.
1073 2435 1301 2475 Antucrpiao]
1323 2434 1390 2465 For
1413 2431 1589 2465 Erasmus*
1614 2431 1713 2462 visits

949 2483 986 2510 to
1003 2479 1169 2519 Antwerp
1186 2479 1277 2510 after
1292 2478 1352 2509 the
1369 2476 1584 2518 publication
1601 2474 1636 2505 of
1653 2473 1713 2505 the

949 2523 1201 2564 procla111ation
1232 2522 1267 2560 (l.
1299 2524 1379 2563 43n)
1408 2531 1464 2552 sec
1494 2519 1582 2560 Epp.
1619 2526 1712 2557 1199,

954 2576 1048 2607 1205,
1072 2574 1151 2603 1242
1168 2565 1297 2596 introd.

992 2619 1047 2649 43.
1074 2609 1243 2650 diploma]
1268 2609 1327 2641 Sco
1351 2607 1415 2647 Ep.
1445 2615 1536 2645 1192.
1561 2609 1638 2637 eon.
1678 2603 1715 2634 It

950 2653 1147 2695 prohibited
1168 2653 1227 2684 the
1247 2652 1317 2683 salo
1338 2651 1373 2681 of
1394 2648 1554 2681 Luther's
1575 2647 1693 2679 books.

1039 2696 1258 2735 incitaretur]
1272 2699 1309 2725 at
1327 2695 1473 2725 Worms.

993 2749 1047 2778 44.
1073 2739 1305 2780 respondisse]
1325 2737 1435 2768 There
1458 2737 1485 2767 is
1507 2735 1654 2777 nothing
1677 2737 1716 2765 at

949 2784 997 2814 all
1011 2784 1079 2814 like
1097 2783 1156 2814 the
1174 2782 1328 2813 remarks
1344 2779 1476 2821 alleged
1493 2779 1586 2817 here,
1603 2779 1637 2810 in
1655 2778 1716 2809 tho

951 2826 1075 2858 official
1086 2828 1235 2857 account
1248 2825 1283 2856 of
1295 2824 1455 2855 Luthcr‘s
1468 2823 1552 2854 Acta
1570 2823 1715 2854 Worma·

950 2870 1019 2901 ciac
1056 2870 1179 2908 lta-bita,
1220 2872 1323 2901 16-26
1359 2867 1469 2908 April,
1503 2876 1541 2897 as
1577 2865 1714 2907 printed

950 2914 985 2945 in
1002 2913 1072 2945 vol.
1089 2913 1112 2944 ii
1127 2913 1162 2944 of
1179 2912 1231 2943 his
1247 2912 1356 2952 Opera
1373 2911 1506 2942 Latina.

998 2964 1049 2995 50.
1075 2956 1185 2996 fama]
1201 2956 1250 2987 Cf.
1269 2956 1366 2997 Verg.
1386 2955 1470 2986 Aen.
1485 2964 1517 2993 4.
1540 2961 1609 2993 175.

994 3003 1047 3031 (›1.
1076 3000 1278 3039 Heloinum]
1299 3000 1348 3031 Cf.
1374 2999 1462 3039 Epp.
1486 3004 1546 3036 041
1574 2995 1714 3033 introd.,

957 3048 1047 3085 1269.
