2012 3370
161 132 281 180 1450]
534 130 692 169 FROM
721 129 1000 168 RUDBERT
1031 129 1102 169 OF
1131 128 1373 169 MOSHAM
1671 131 1747 169 463

157 240 192 271 of
209 240 310 272 Mich.
332 240 505 273 Sanderus
525 241 593 280 (see
610 239 675 280 Ep.
700 248 792 279 1242.
814 240 908 279 26n),
927 238 992 270 but
1009 238 1115 270 failed
1130 251 1139 276 ;
1172 238 1272 280 being
1291 238 1376 270 then
1395 237 1544 270 Provost
1562 238 1597 270 of
1616 238 1748 279 Glogau

158 283 208 318 (P.
224 283 378 319 Kalkoff
395 283 504 325 Briefe
517 283 595 315 aber
603 282 737 320 Dutker,
752 284 847 321 1898,
859 292 891 324 p.
906 283 974 323 76).
1006 282 1049 313 In
1063 290 1147 323 1530
1157 281 1200 313 he
1216 291 1286 313 was
1302 281 1493 323 appointed
1509 281 1697 314 councillor
1712 286 1750 314 to

156 327 378 365 Ferdinand;
412 327 478 360 but
497 325 757 367 subsequently,
780 325 905 358 111ονοᾶ
927 325 975 367 by
994 336 1016 357 a
1037 325 1174 357 zealous
1194 325 1304 356 desire
1324 329 1363 357 to
1383 325 1510 357 reform
1531 324 1592 358 the
1613 324 1750 358 Church

155 369 246 402 from
268 371 401 409 within,
423 369 616 412 quarrelled
638 368 724 401 with
745 369 798 401 his
820 368 982 411 Chapter,
1005 369 1075 401 and
1096 379 1167 400 was
1189 368 1310 400 driven
1331 368 1422 400 from
1444 369 1497 401 his
1518 369 1680 409 Deanery
1703 368 1750 409 by

157 413 221 455 Bp.
238 413 366 446 Ernest
378 414 415 446 of
427 414 577 446 Bavaria
591 412 626 452 (1.
643 413 722 454 73)
712 423 749 445 in
767 421 860 453 1539.
898 412 1032 454 Taking
1046 411 1163 453 refuge
1176 415 1216 443 at
1228 412 1454 454 Nuremberg,
1470 412 1512 444 he
1525 412 1596 444 had
1610 423 1631 444 a
1644 412 1750 453 sharp

157 458 360 490 contentiori
374 457 460 490 with
474 457 534 489 the
548 456 719 489 reformed
733 455 889 488 leaders'
879 466 916 488 111
931 456 1020 488 Nov.
1042 464 1136 496 1539
1153 455 1223 486 and
1239 455 1324 487 then
1339 423 1443 488 wentg
1446 467 1491 488 011
1507 460 1545 488 to
1559 456 1619 488 the
1635 456 1750 487 Rhine

156 501 283 542 valley,
306 501 418 534 where
440 501 483 533 he
505 500 704 541 attempted
726 503 765 531 to
787 500 855 531 win
876 510 959 531 over
981 503 1019 531 to
1045 499 1098 531 his
1121 509 1198 530 own
1221 499 1325 530 views
1348 499 1409 531 the
1432 500 1538 541 Abps.
1564 500 1600 531 of
1622 499 1748 537 Mainz,

157 544 293 582 Treves,
310 544 381 577 and
396 544 554 587 Cologne.
601 543 646 575 Of
667 543 720 575 his
740 543 937 574 interviews
958 542 1044 574 with
1066 542 1162 573 them
1184 542 1227 573 hc
1248 542 1432 583 published
1454 547 1600 584 reportS,
1624 543 1666 575 M
1670 543 1748 574 iero-

156 588 304 629 synodus
326 588 510 620 Treuerina
530 587 601 619 and
623 586 883 627 Microsynodus
904 585 1122 626 Moquntina,
1144 585 1229 617 each
1252 596 1278 617 e.
1307 594 1400 626 1540
1449 586 1512 618 His
1535 586 1604 618 last
1624 590 1752 618 extant

155 630 276 664 letters
291 642 349 664 are
363 631 453 664 from
468 631 594 673 Spires,
614 639 653 670 14
668 630 749 662 Dec.
772 638 850 671 1541
870 633 910 662 to
924 629 1063 661 Nausea
1080 629 1168 668 (NE.
1186 639 1220 670 p.
1240 637 1325 669 324:
1354 639 1409 661 see
1425 629 1498 661 also
1513 630 1587 661 NE.
1606 640 1639 671 p.
1657 633 1748 669 232),

156 675 226 706 and
244 684 281 716 13
297 675 378 707 Feb.
397 684 478 716 1542
493 678 532 707 to
545 674 676 706 Beatus
690 673 880 705 Rhenanus
895 672 1014 712 (BRE.
1034 675 1123 714 357),
1137 672 1282 714 sending
1296 673 1410 713 copies
1424 673 1460 704 of
1473 673 1525 704 his
1539 673 1589 704 H
1576 683 1665 705 teria
1653 672 1751 705 alem

158 728 260 756 noua,
283 729 309 750 s.
321 718 357 756 l.‚
385 726 423 757 13
446 718 538 750 June
565 718 721 758 1540111
743 717 856 749 which
878 716 931 748 his
955 716 1161 757 conception
1178 715 1214 747 of
1235 726 1256 747 a
1273 714 1409 748 Church
1431 717 1620 748 awakened
1643 720 1682 748 to
1704 717 1751 748 its

158 743 297 794 dutie9s'
288 772 317 794 is
332 765 386 794 set
400 761 506 794 forth.
545 761 665 794 About
685 769 766 802 1542
784 760 827 792 he
843 770 913 792 was
929 759 1065 792 thrown
1081 760 1158 791 into
1173 759 1290 800 prison
1307 759 1356 801 by
1372 759 1433 791 the
1449 760 1539 801 Abp.
1565 760 1600 791 of
1623 760 1749 797 Manu,

159 805 228 836 and
244 805 342 837 there
358 805 445 837 heis
461 804 537 837 said
552 808 591 837 to
607 804 696 836 have
714 803 919 836 committed
936 803 1075 835 suicide.

202 848 265 881 See
280 848 386 881 ADB.
404 849 487 881 xxii.
507 856 580 888 393,
598 848 667 880 and
684 847 789 879 Knod
806 857 863 889 pp.
885 848 1043 888 359-60.]

213 925 253 965 S.
272 925 325 964 D.
384 925 488 965 Cum
511 937 645 976 nuper
667 924 777 963 forte
800 924 974 963 fortuna
996 924 1175 962 lectione
1198 923 1437 962 incidissem
1460 925 1504 962 in
1527 924 1750 975 epistolam

160 983 280 1018 tuam
300 979 354 1018 ad
373 979 562 1018 Marcum
583 978 826 1025 Laurinum‚
847 978 1089 1017 doctissime
1109 977 1296 1025 Erasme,
1319 977 1590 1017 vehementer
1609 979 1750 1017 animo

161 1033 457 1081 conturbabar,
483 1037 527 1073 et
549 1038 643 1073 tum
667 1037 824 1073 sortem
847 1045 986 1071 meam
1009 1037 1103 1071 tum
1127 1032 1522 1083 pusillanimitatem
1546 1037 1749 1084 pertesus,

159 1101 244 1127 non
265 1101 382 1127 secus
403 1087 730 1140 ingemiscebam
751 1100 882 1139 quam
904 1087 1054 1126 Caesar
1077 1086 1210 1125 Iulius
1232 1087 1288 1125 ad
1309 1091 1499 1125 statuam
1521 1086 1748 1126 Alexandri

158 1142 300 1194 Magni
315 1143 566 1194 ingemuisse
582 1142 728 1189 fertur,
747 1141 862 1193 quod
878 1146 970 1180 tam
986 1141 1135 1193 grandi
1151 1144 1293 1180 aetate
1309 1145 1437 1180 natus
1453 1141 1558 1179 nihil
1574 1141 1750 1192 dignum
1770 1161 1784 1192 5

159 1197 359 1236 memoria
381 1196 598 1244 effecisset,
622 1210 707 1248 qua
728 1195 966 1235 Alexander
988 1195 1132 1234 orbem
1153 1199 1361 1234 terrarum
1383 1195 1629 1247 subegisset.
1680 1195 1750 1235 Ita

157 1250 346 1302 profecto
363 1251 579 1302 catalogus
596 1252 826 1290 amicorum
842 1255 1027 1297 tuorum,
1046 1263 1173 1301 quem
1189 1251 1295 1288 mira
1311 1250 1497 1301 quadam
1513 1249 1749 1289 festiuitate

159 1305 423 1355 <describis>‚
446 1318 612 1344 summa
631 1305 755 1344 laude
776 1309 820 1344 et
840 1304 1084 1344 celebritate
1104 1317 1249 1343 eorum
1270 1317 1376 1355 quos
1395 1305 1439 1343 in
1459 1304 1659 1356 prelonga
1677 1304 1750 1343 illa

156 1359 334 1410 epistola
348 1372 559 1398 recensere
574 1359 693 1406 soles,
710 1360 899 1398 animum
915 1372 1057 1397 meum
1070 1357 1249 1397 feriebat
1264 1362 1307 1397 et
1320 1359 1515 1409 ignauiae
1530 1358 1749 1397 cuiusdam

158 1413 375 1464 arguebat,
403 1413 517 1464 quod
544 1426 640 1452 cum
664 1414 751 1452 iam
776 1417 871 1452 toto
896 1413 1078 1452 triennio
1104 1412 1207 1451 mihi
1232 1416 1309 1450 tua
1334 1412 1592 1459 humanitas,
1619 1413 1749 1451 etiam

157 1480 183 1506 a
207 1467 313 1506 facie
339 1469 508 1519 cognita
534 1467 712 1507 Louanii
737 1468 934 1519 primum,
962 1466 1113 1505 deinde
1139 1479 1165 1505 0
1191 1466 1378 1506 Caesaris
1404 1466 1552 1505 Karoli
1578 1479 1748 1506 corona-

155 1523 271 1562 tione
285 1521 493 1569 Coloniae,
510 1522 645 1561 multo
660 1522 763 1561 mihi
777 1521 984 1573 colloquio
999 1524 1103 1560 nota
1116 1524 1161 1560 et
1173 1520 1391 1559 familiaris
1405 1534 1494 1560 esse
1508 1520 1748 1568 videbatur,

156 1576 259 1615 nihil
285 1580 432 1616 tamen
458 1554 688 1616 e'ffecissem
714 1589 791 1615 nec
818 1576 1023 1615 hactenus
1051 1575 1282 1614 meditatus
1310 1588 1443 1614 essem
1471 1575 1646 1627 dignum
1673 1580 1750 1614 tua

155 1630 403 1678 eruditione,
429 1644 483 1670 ne
507 1631 731 1682 epistolam
756 1631 928 1682 quidem
953 1643 1038 1682 qua
1062 1634 1106 1669 te
1130 1631 1355 1668 inuiserem
1380 1634 1424 1668 et
1449 1631 1681 1669 amicitiam
1706 1635 1749 1669 et

154 1685 488 1724 familiaritatem
510 1685 638 1724 semel
658 1686 810 1725 initam
832 1685 900 1724 vel
922 1683 1214 1724 confirmarem
1236 1684 1303 1723 vel
1324 1697 1584 1723 renouarem.
1636 1684 1747 1724 Nam

155 1743 204 1778 vt
226 1739 554 1791 pulcherrimum
577 1739 804 1787 duxissem,
830 1740 865 1778 si
887 1739 1070 1778 nominis
1091 1739 1225 1778 nostri
1249 1738 1410 1789 aliquid
1432 1739 1542 1777 inter
1564 1739 1747 1790 insignes

155 1798 321 1833 statuas
345 1794 450 1841 illas,
479 1807 585 1845 quas
611 1794 867 1833 Lauriniana
893 1793 1071 1845 epistola
1097 1793 1242 1831 amicis
1268 1794 1402 1843 erigis,
1431 1793 1645 1844 adscripto
1671 1806 1748 1832 suo

155 1849 304 1899 cuique
335 1850 545 1899 preconio,
585 1848 697 1887 dulci
728 1848 914 1900 quadam
943 1852 987 1886 et
1018 1847 1197 1886 honesta
1228 1848 1441 1886 mentione
1471 1848 1745 1898 reperissem;

152 1904 215 1941 ita
238 1903 530 1953 turpissimum
554 1902 739 1941 indicaui
762 1903 873 1941 inter
896 1906 964 1941 tot·
988 1901 1197 1952 aequales,
1224 1914 1404 1952 quorum
1428 1901 1620 1940 nonnulli
1644 1902 1747 1940 mihi

153 1958 197 1995 in
221 1956 439 1996 literarum
464 1957 617 1996 studiis
642 1961 686 1996 et
711 1957 862 1995 Italiae
887 1957 1118 2008 gymnasiis
1144 1956 1406 1995 comilitones
1430 1955 1618 2002 fuerunt,
1643 1969 1745 1994 non-

154 2011 258 2049 nulli
281 2011 411 2050 etiam
435 2011 583 2050 eodem
607 2011 692 2050 fere
716 2016 907 2062 tempore
931 2023 1015 2062 quo
1040 2010 1143 2049 mihi
1166 2014 1309 2049 tecum
1334 2010 1595 2049 consuetudo
1618 2011 1744 2049 inter-

154 2066 291 2112 cessit,
310 2077 398 2104 sese
414 2067 458 2104 in
475 2067 706 2104 amicitiam
723 2070 844 2104 tuam
860 2066 1142 2111 insinuarunt,
1160 2064 1265 2103 nihil
1281 2065 1520 2111 mentionis,
1539 2078 1591 2103 ne
1608 2064 1747 2103 dicam

154 2119 303 2166 laudis,
334 2132 360 2158 a
386 2124 430 2158 te
458 2121 748 2171 promeruisse.
808 2119 1041 2167 Quominus
1069 2132 1169 2158 vero
1197 2120 1512 2170 promeruerim,
1543 2132 1628 2157 non
1656 2123 1747 2158 tam

154 2186 248 2212 mea
269 2175 439 2225 ignauia
462 2178 506 2213 et
528 2174 765 2213 subrustico
788 2174 975 2226 quodam
998 2173 1170 2225 pu,dore
1197 2186 1281 2225 quo
1305 2173 1360 2212 ad
1383 2178 1426 2212 te
1449 2173 1627 2212 scribere
1651 2173 1746 2212 hac-

155 2233 278 2267 tenus
302 2228 540 2279 prohibitus
564 2242 670 2276 sum,
697 2242 826 2280 quam
850 2229 1119 2280 negociorum
1143 2228 1411 2279 quorundam
1435 2228 1639 2279 procellis,
1666 2241 1723 2279 qu
1727 2241 1785 2268 (³2

155 2282 256 2321 mihi
280 2287 415 2322 morte
438 2284 573 2322 0111110(
557 2283 657 2322 dam
680 2283 816 2322 affinis
839 2283 1096 2334 obtigerunt,
1120 2282 1288 2321 accidit.
1341 2281 1502 2330 Quibus
1525 2295 1619 2321 sum
1642 2283 1748 2320 adeo

154 2336 384 2384 inuolatus,
406 2341 456 2376 vt
474 2342 568 2377 toto
587 2337 673 2377 fere
692 2339 874 2377 triemiio
893 2350 979 2376 non
999 2336 1208 2376 scribendi
1227 2337 1363 2376 solum
1384 2337 1745 2381 consuetudinem,

154 2391 227 2430 sed
248 2395 293 2430 et
314 2404 438 2430 omne
460 2405 592 2443 paene
615 2392 852 2431 studiorum
875 2405 1005 2444 genus
1026 2392 1308 2431 intermittere
1331 2395 1502 2430 coactus
1524 2392 1616 2429 sim.

209 2444 469 2496 Opusculum
495 2447 610 2498 quod
636 2460 658 2485 e
685 2446 844 2486 Graeco
872 2446 1175 2485 transtuleram
1199 2446 1251 2484 de
1278 2445 1439 2484 alendis
1467 2444 1747 2495 curandisque

152 2500 340 2546 canibus,
360 2500 440 2539 tibi
460 2500 655 2540 Coloniae
674 2501 817 2552 Agrip.
838 2514 912 2552 per
930 2514 997 2539 me
1016 2500 1268 2547 exhibitum,
1289 2512 1363 2550 per
1381 2499 1550 2538 easdem
1569 2511 1746 2549 occupa-

153 2554 288 2592 tiones
313 2554 529 2605 hucusque
553 2555 674 2594 edere
698 2568 784 2594 non
808 2556 942 2605 potui,
969 2560 1012 2593 et
1037 2555 1152 2605 quod
1176 2555 1322 2593 insunt
1346 2555 1389 2592 in
1414 2567 1462 2591 eo
1488 2552 1744 2591 subobscura

373 2671 404 2702 8.
428 2669 592 2702 describis
609 2670 737 2708 addidi,
757 2670 875 2711 infinc
893 2680 1015 2702 versus.
1174 2678 1220 2708 13.
1246 2670 1427 2700 officissem
1446 2668 1522 2699 MS.

198 2811 228 2832 2.
255 2800 300 2832 ad
316 2800 473 2832 Marcum
490 2799 697 2839 Laui-inum]
713 2800 778 2842 Ep.
801 2809 893 2840 1342.
984 2799 1288 2841 Constantinople.
1345 2800 1540 2831 Demetrius
1593 2799 1640 2832 Pe
1668 2810 1747 2841 ago-

196 2854 228 2884 4.
254 2842 394 2883 Caesar]
409 2844 507 2877 Suet.
523 2843 620 2876 Οαεε.
637 2852 666 2883 7.
983 2854 1124 2875 menos:
1154 2843 1272 2876 edited
1288 2853 1315 2874 c.
1339 2852 1349 2874 1
1371 2843 1460 2875 Nov.
1483 2851 1562 2884 1535
1581 2843 1636 2875 for
1680 2843 1746 2876 -ud-

205 2898 253 2920 11.
279 2885 444 2926 Louanii]
458 2887 521 2920 See
536 2887 601 2929 Ep.
622 2895 704 2927 1147
719 2887 838 2919 introd
982 2887 1060 2919 bert
1099 2887 1147 2927 by
1187 2886 1240 2918 his
1279 2896 1436 2929 younger
1476 2886 1628 2924 brother,
1669 2886 1746 2920 Jac.

204 2941 251 2963 12.
278 2929 456 2970 Coloniae]
470 2931 533 2964 800
548 2930 612 2972 Ep.
634 2939 713 2972 1155
730 2930 860 2962 introd.
981 2941 1001 2962 a
1021 2929 1192 2967 Mosham,
1215 2930 1300 2962 with
1321 2929 1381 2962 the
1402 2929 1482 2962 title
1503 2929 1747 2972 Kynosophiou

200 2985 252 3011 20.
280 2974 511 3017 Opusculum]
539 2975 569 3006 A
596 2974 808 3006 translation
835 2973 872 3006 of
897 2985 918 3006 a
980 2984 1020 3005 ac
1040 2972 1241 3014 opusculum
1264 2973 1445 3006 Phemonis
1465 2974 1503 3005 de,
1525 2983 1607 3006 cura
1622 2978 1652 3007 et
1672 2985 1747 3007 con-

157 3014 255 3051 short
278 3021 421 3051 treatise
446 3019 492 3061 h)
517 3029 536 3050 a
562 3017 857 3059 xiii⁰.pl1ysi‹ian
884 3018 919 3049 of
980 3018 1166 3049 servatione
1186 3027 1318 3051 cavum.
1338 3017 1482 3055 Vienna,
1501 3017 1656 3060 Singren.
1675 3029 1745 3050 0.(1.

1772 1432 1810 1453 ΙΟ

1770 1703 1805 1735 15

1767 1974 1810 1996 20

1767 2515 1809 2548 30
