2012 3370
257 132 336 170 468
728 130 1377 184 LETTERSEOFOERAsMUs
1726 134 1848 183 [1524

259 255 428 280 munere
457 241 638 291 gerendo
668 242 839 278 tametsi
869 246 910 277 tc
942 241 1067 279 talem
1097 242 1348 291 praestitisti
1381 247 1427 279 vt
1460 255 1550 280 eam
1588 245 1846 292 mouinciam

257 308 497 335 successuro
528 294 763 345 quamlibet
791 296 945 333 eximio
975 294 1264 335 difficillimam
1292 296 1528 342 tradideris,
1560 300 1705 335 tamen
1734 298 1847 337 haud

257 352 342 390 scio
364 363 419 388 an
441 350 574 399 magis
595 348 774 387 eluxerit
795 350 925 387 animi
947 349 1011 387 tui
1033 349 1168 388 virtus
1189 351 1233 389 in
1254 349 1504 401 deponendo
1526 363 1697 389 munere
1719 364 1847 403 quam

258 406 300 443 in
335 402 684 442 administrando.
751 402 852 450 Quis
886 416 908 441 e
942 407 1091 442 tantae
1125 403 1346 455 dignitatis
1381 404 1562 443 culmine
1595 417 1681 444 non
1715 408 1849 445 tristis

176 472 238 503 ¹30
257 457 529 496 descenderet
549 460 564 496 ‘3
606 456 708 504 Quis
730 470 815 496 non
837 457 1047 496 inuideret
1069 460 1293 497 successori
1315 462 1330 498 ‘2
1382 459 1446 497 Tu
1468 471 1568 498 vero
1591 471 1721 510 quam
1744 461 1849 499 citra

257 511 524 563 supercilium
568 511 826 562 amplissimo
869 524 1040 550 munere
1082 512 1329 563 perfunctus
1370 525 1427 559 es,
1470 517 1562 551 tam
1604 515 1692 552 sine
1735 516 1848 553 omni

255 564 559 617 significatione
578 567 776 604 moeroris
794 566 1039 617 deposuisti,
1058 570 1109 605 vt
1125 579 1249 606 nemo
1266 580 1352 606 non
1369 566 1620 618 intelligeret
1636 572 1680 606 te
1698 570 1847 620 magis-

255 624 419 659 tratum
436 633 523 659 non
540 619 619 659 tibi
639 621 881 671 suscepisse,
901 620 975 659 sed
993 620 1171 660 vtilitati
1189 621 1395 672 publicae,
1417 622 1532 672 quod
1549 622 1654 661 data
1671 622 1849 662 honesta

255 675 473 714 occasione
502 678 595 713 tam
626 674 819 713 alacriter
850 674 1080 726 deponeres
1109 675 1383 716 honorificam
1414 677 1635 715 sarcinam.
1695 676 1849 728 Ingens

175 739 233 775 135
255 729 420 768 lucrum
463 728 661 776 ducebas,
705 734 875 780 tempus
918 729 1160 768 detractum
1208 731 1391 781 negociis
1435 742 1589 782 magna
1632 743 1685 769 ex
1727 736 1848 782 parte

256 782 443 834 profanis
468 783 664 822 accedere
690 784 817 822 sacris
843 783 1008 830 studiis,
1034 784 1079 822 in
1104 783 1258 834 quibus
1284 788 1453 835 oportet
1478 786 1723 836 episcopum
1749 786 1847 824 assi-

255 838 389 876 duum
405 850 507 877 esse.
552 837 641 877 Nec
657 838 769 876 enim
787 837 841 877 ab
858 838 923 876 his
939 837 1106 877 sinebas
1121 838 1201 878 tibi
1218 838 1350 877 vllum
1368 840 1501 890 perire
1518 843 1700 890 tempus,
1719 841 1848 879 etiam

257 896 351 931 tum
370 905 502 944 quum
526 896 594 931 tot
617 893 884 944 negociorum
909 891 1034 931 vndis
1057 892 1300 932 obruereris.

310 946 392 987 Sed
419 946 622 998 epistolae
650 946 777 985 finem
804 948 1022 998 imponam
1050 947 1085 985 si
1113 947 1258 986 dixero
1286 947 1389 998 quid
1417 947 1520 987 mihi
1547 949 1592 987 in
1619 948 1849 999 relegendis

176 1014 237 1046 140
256 1001 506 1052 Hieronymi
539 1002 706 1051 scriptis
739 1000 951 1048 acciderit,
986 1002 1187 1040 nimirum
1219 1001 1324 1040 illud
1357 1002 1472 1053 quod
1505 1002 1633 1054 vulgo
1666 1003 1773 1042 solet
1806 1004 1850 1042 in

255 1055 497 1107 spectandis
528 1055 710 1095 tabellis,
771 1055 814 1095 Si
846 1068 931 1106 qua
963 1055 1184 1095 mediocris
1215 1060 1292 1103 est,
1326 1057 1511 1107 primum
1543 1057 1849 1108 contemplanti

255 1110 360 1149 satis
384 1109 569 1156 arridet;
611 1110 645 1148 si
670 1110 837 1161 saepius
861 1110 1034 1161 propius
1059 1123 1108 1149 ac
1133 1110 1294 1150 diutius
1319 1110 1614 1162 contemplere,
1640 1111 1849 1162 paulatim

255 1163 395 1215 perdit
419 1165 613 1215 gratiam.
669 1163 891 1203 Caeterum
916 1165 951 1203 si
976 1177 1062 1215 qua
1086 1168 1151 1203 est
1175 1164 1230 1203 ab
1255 1165 1407 1216 insigni
1432 1164 1593 1204 artifice
1617 1165 1847 1213 elaborata,

255 1231 340 1269 quo
372 1219 539 1269 saepius
571 1222 735 1269 spectes
766 1222 810 1257 et
842 1220 1064 1265 attentius,
1098 1219 1177 1258 hoc
1210 1220 1344 1270 magis
1375 1223 1419 1258 et
1451 1220 1585 1271 magis
1616 1219 1846 1259 admireris.

179 1285 234 1317 145
256 1272 423 1312 Placuit
447 1272 734 1324 Hieronymus
759 1272 1029 1320 adolescenti,
1055 1273 1217 1324 placuit
1241 1274 1333 1312 viro
1352 1287 1361 1320 ;
1403 1273 1477 1312 sed
1500 1286 1721 1326 nunquam
1746 1275 1849 1313 mihi

256 1328 390 1378 magis
426 1326 589 1378 placuit
626 1339 757 1378 quam
794 1340 907 1367 nunc
944 1327 1137 1367 relectus.
1204 1327 1344 1367 Deum
1382 1327 1679 1375 immortalem,
1719 1341 1848 1380 quam

257 1381 359 1420 mihi
389 1385 508 1421 totus
538 1381 738 1433 displiceo
769 1394 902 1433 quum
932 1382 1057 1421 huius
1087 1383 1167 1421 viri
1198 1383 1430 1433 spirantem
1459 1383 1504 1422 in
1534 1384 1701 1434 scriptis
1731 1395 1846 1422 sanc-

256 1436 479 1475 timoniam
503 1437 684 1482 intueor,
712 1448 845 1487 quum
872 1436 1023 1475 ardens
1048 1436 1252 1483 studium,
1280 1449 1413 1488 quum
1438 1440 1530 1475 tam
1556 1437 1847 1476 admirabilem

256 1503 470 1529 sacrorum
512 1490 778 1529 voluminum
819 1494 915 1529 tum
957 1491 1152 1541 peritiam
1195 1494 1290 1530 tum
1333 1491 1607 1530 memoriam!
1667 1491 1848 1542 denique

177 1557 238 1589 150
256 1557 389 1596 quum
416 1548 586 1584 tantam
613 1544 879 1595 eloquentiae
907 1545 1009 1591 vim,
1038 1548 1210 1584 tantum
1237 1546 1393 1596 ingenii
1420 1546 1608 1597 vigorem
1634 1546 1679 1584 in
1707 1551 1848 1585 aetate

257 1603 347 1638 tam
378 1598 554 1650 grandi!
615 1597 786 1638 Debent
822 1603 923 1638 tuae
962 1598 1214 1650 benignitati
1253 1604 1467 1651 quotquot
1504 1604 1605 1639 sunt
1635 1612 1847 1639 sacrarum

254 1653 473 1692 literarum
504 1657 710 1700 amantes,
739 1653 855 1704 quod
884 1653 1193 1704 Hieronymum
1221 1653 1381 1692 habent
1409 1658 1453 1693 et
1481 1653 1659 1692 subla-tis
1687 1655 1849 1693 mendis

256 1712 301 1747 et
325 1707 483 1746 additis
509 1707 676 1746 scholiis
700 1719 787 1745 non
813 1706 947 1746 solum
973 1707 1182 1758 legibilem
1209 1709 1489 1746 verumetiam
1513 1707 1819 1759 intelligibilem
1841 1723 1847 1747 :

258 1775 369 1800 nunc
387 1761 481 1813 plus
500 1760 718 1800 debebunt
736 1761 851 1812 quod
870 1761 1030 1800 habent
1049 1761 1185 1800 modis
1204 1761 1400 1800 omnibus
1419 1763 1686 1801 ornatiorem.
1735 1763 1849 1801 Bene

176 1828 233 1862 155
256 1815 362 1863 vale,
386 1815 558 1854 Praesul
579 1815 848 1867 amplissime.

310 1869 514 1917 Bassseae,
536 1869 729 1910 Calendis
751 1869 896 1909 Iuniis.
947 1870 1070 1908 Anno
1092 1881 1339 1909 M.D.xxn11.

553 2009 740 2061 14521480
800 2007 869 2048 To
901 2006 1182 2050 WILLIBALD
1215 2007 1573 2050 PIRCKHEIMER.

301 2097 564 2131 Pirckheimeri
582 2097 699 2142 Opera
721 2109 756 2142 p.
775 2100 855 2141 278.
1603 2101 1721 2135 Basle.

302 2155 359 2190 O2.
378 2166 413 2200 p.
437 2157 499 2189 182
518 2169 524 2188 :
559 2155 675 2190 Lond.
695 2167 782 2190 xxx.
803 2166 845 2200 37
865 2170 870 2189 :
905 2157 979 2191 LB.
1000 2157 1095 2202 App.
1116 2167 1195 2201 327.
1509 2168 1527 2202 3
1541 2157 1639 2192 -June
1653 2161 1802 2203 (1524).

299 2234 386 2275 [The
403 2233 586 2275 year-date
603 2234 632 2266 is
648 2235 752 2276 given
772 2234 819 2275 by
837 2234 897 2266 the
916 2234 1022 2267 death
1042 2235 1079 2267 of
1096 2235 1315 2268 Mosellanus.
1360 2236 1427 2268 For
1445 2236 1505 2269 the
1522 2236 1630 2269 forms
1649 2237 1685 2269 of
1702 2237 1851 2281 heading

256 2278 326 2310 and
341 2277 483 2310 address
499 2287 555 2310 see
572 2277 635 2319 Ep.
659 2279 739 2319 1085
758 2278 905 2318 intr-od]

310 2355 351 2395 S.
382 2354 577 2393 Arbitror
592 2367 736 2394 omnes
756 2355 955 2406 epistolas
975 2360 1072 2394 tuas
1094 2356 1193 2395 mihi
1213 2356 1325 2395 bona
1346 2356 1428 2395 fide
1446 2357 1647 2405 redditas,
1669 2371 1849 2409 quarum

256 2409 371 2448 nulla
388 2409 491 2448 mihi
504 2422 591 2448 non
605 2408 689 2448 fuit
708 2409 1023 2448 iucundissima.
1081 2409 1145 2449 De
1166 2411 1269 2449 meis
1289 2410 1452 2449 dubito.
1510 2411 1623 2450 Nam
1642 2412 1694 2451 de
1713 2413 1849 2463 prima

255 2464 438 2515 imagine
455 2476 585 2502 aenea
601 2464 703 2502 mihi
718 2463 898 2510 reddita,
916 2463 1021 2502 illud
1037 2465 1121 2503 scio
1138 2477 1205 2503 me
1221 2464 1286 2503 bis
1302 2466 1526 2515 scripsisse.
1572 2465 1629 2504 Et
1645 2478 1757 2506 nunc
1773 2466 1849 2505 has

256 2518 411 2569 accepi,
444 2530 550 2569 quas
579 2519 829 2569 promiseras
858 2518 1011 2557 litteris
1040 2531 1114 2570 per
1143 2520 1279 2558 ciuem
1309 2519 1523 2570 quendam
1553 2520 1732 2571 scriptis,
1764 2533 1849 2560 vna

219 2586 234 2620 5
257 2585 353 2612 cum
378 2571 570 2623 epistola,
597 2585 683 2623 qua
707 2571 915 2623 significas
941 2572 1044 2623 quid
1068 2577 1166 2624 post
1191 2573 1356 2612 abitum
1382 2574 1620 2625 principum
1645 2575 1702 2614 sit
1723 2575 1850 2614 isthic

305 2670 398 2699 1451.
429 2676 501 2705 144.
527 2671 564 2699 et
579 2670 654 2700 ante
672 2668 783 2710 magis
801 2680 840 2699 a:
871 2678 912 2700 ac
929 2681 961 2708 γ.
1049 2669 1143 2700 1452.
1176 2678 1203 2700 1.
1230 2667 1262 2700 S.
1285 2668 1314 2699 P
1343 2681 1350 2700 ε
1383 2677 1580 2701 anALDo
1599 2678 1666 2702 svo
1686 2678 1850 2703 ERASMVS

257 2721 284 2743 s.
299 2718 331 2743 P.
353 2709 403 2743 0².
549 2719 578 2749 3.
602 2711 690 2743 illud
708 2711 853 2752 scripsi:
884 2711 983 2743 illum
1003 2712 1057 2744 P:
1081 2723 1143 2744 om.
1163 2711 1213 2744 0².

305 2815 398 2846 1451.
450 2822 521 2852 127.
547 2813 763 2853 successuro]
781 2814 932 2856 Wolsey.
1084 2825 1183 2857 41-5‚
1203 2817 1276 2855 396.
1298 2825 1436 2856 111-23.

306 2864 377 2896 145.
403 2856 630 2896 adolescenti]
646 2856 697 2889 of.
715 2857 780 2899 Ep.
798 2860 875 2898 844.
901 2860 1020 2899 263—7.
1132 2860 1226 2891 1452.
1255 2867 1283 2899 3.
1310 2858 1378 2898 bis]
1395 2859 1483 2901 Epp.
1505 2861 1600 2900 1408,
1622 2868 1713 2900 1417.

260 2899 328 2931 For
344 2899 427 2941 high
443 2901 556 2941 praise
573 2900 609 2933 of
623 2901 764 2933 Jerome
781 2901 829 2943 by
844 2901 1022 2937 Erasmus.
1128 2912 1160 2942 4.
1185 2901 1328 2942 litteris]
1344 2903 1417 2935 Not
1432 2907 1569 2935 extant.

261 2953 317 2975 see
327 2941 416 2984 Epp.
432 2944 504 2975 126.
521 2952 663 2984 114-20,
676 2953 748 2985 335.
760 2953 891 2985 220-32
910 2957 918 2983 ;
941 2945 1023 2982 and,
1132 2954 1160 2986 5.
1186 2944 1349 2987 epistola]
1364 2946 1437 2978 Not
1450 2949 1588 2979 extant.

259 2986 314 3018 for
343 2986 404 3018 the
435 2987 577 3028 opinion
607 2987 690 3020 that
719 2988 762 3020 he
793 2989 1024 3021 transcended
1175 2989 1312 3021 abitum
1342 2987 1555 3031 principum]
1584 2988 1634 3021 At
1662 2988 1724 3021 the
1760 2989 1850 3022 close

260 3038 347 3062 even
379 3027 495 3061 Cicero
526 3030 562 3061 in
593 3030 790 3072 eloquence,
823 3031 912 3073 Epp.
951 3042 1020 3073 141.
1086 3032 1122 3065 of
1147 3031 1208 3065 the
1233 3033 1317 3064 Diet
1341 3033 1377 3064 of
1401 3033 1615 3074 Nuremberg
1643 3031 1720 3074 (Ep.
1752 3035 1844 3074 1408.
