2012 3370
0 283 10 685 ...Qu—Q-
0 351 1 378 “⁴
8 271 11 281 ,

211 149 331 197 1353]
712 147 785 186 TO
815 146 1034 186 ULRICH
1065 147 1260 188 ZASlUs
1721 149 1799 187 263

205 256 401 295 volebam
436 257 550 295 domi
584 259 684 294 tuae
720 259 892 306 sumpto
928 269 1009 295 ouo
1044 260 1087 295 et
1123 257 1210 295 vini
1246 255 1402 307 cyatho
1438 256 1632 306 protinus
1668 268 1798 305 equos

204 311 494 357 conscendere,
509 324 562 349 ne
576 323 642 348 me
654 309 780 348 isthic
794 309 979 348 Lucinae
992 310 1156 348 labores
1171 314 1440 361 occuparent.
1484 309 1798 348 Praesentimus

204 365 315 403 enim
336 366 460 404 nixus
480 368 658 411 nostros,
681 376 767 402 non
787 365 926 410 minus
947 377 1077 415 quam
1098 364 1291 403 mulieres
1311 363 1524 415 grauidae.

256 418 345 458 Nec
372 433 439 458 me
465 418 615 458 fefellit
641 419 807 456 animus
835 431 966 457 meus.
1025 419 1187 466 Quarto
1214 422 1313 470 post
1339 418 1524 457 reditum
1552 418 1620 457 die
1646 418 1796 456 enixus

202 485 296 511 sum
324 474 486 525 ingenti
515 473 704 512 cruciatu
734 472 990 511 calculorum
1020 477 1064 512 et
1093 486 1244 512 arenae
1274 474 1362 511 vim
1390 472 1691 518 incredibilem,
1723 471 1796 510 sed
1816 487 1854 519 25

202 539 334 566 vnum
364 527 571 566 calculum
599 527 776 566 immani
805 526 1111 577 magnitudine.
1170 527 1229 565 Et
1256 527 1397 565 isthuc
1427 539 1626 565 veneram
1656 525 1795 565 adhuc

201 593 226 618 a
250 585 377 632 partu
399 582 615 633 languens,
638 593 714 619 nec
738 580 820 619 alio
841 581 1013 619 consilio
1034 594 1233 620 veneram
1256 582 1336 618 nisi
1360 585 1409 619 vt
1433 581 1597 632 agitato
1622 593 1795 631 corpore

200 639 276 674 aut
301 648 482 675 morerer
506 639 582 674 aut
607 635 846 674 durescerer
865 648 874 681 ;
916 639 960 674 et
984 635 1039 673 ad
1064 635 1193 674 robur
1217 634 1389 685 quidem
1415 634 1576 685 profuit
1601 635 1794 686 agitatio.

199 688 422 728 Caeterum
441 689 675 728 ambulatio
692 689 765 727 illa
783 689 862 728 sub
881 702 1056 728 coenam
1074 689 1249 740 longior,
1269 692 1364 727 tum
1384 702 1514 727 coena
1532 689 1733 740 prolixior
1751 692 1796 727 et

199 744 300 782 vina
324 748 504 791 mutata,
530 747 785 783 reuocarunt
808 743 957 782 calculi
981 743 1141 781 malum
1162 756 1169 781 ε
1211 743 1327 794 quod
1350 744 1424 793 qui
1447 744 1560 782 norit
1584 755 1714 793 quam
1738 743 1794 781 sit
1815 757 1858 789 30

198 798 392 848 capitale,
426 811 556 849 quam
587 798 746 836 habeat
778 797 1078 844 carnificinam,
1113 797 1425 836 crudelissimus
1456 798 1512 835 sit
1545 798 1618 848 qui
1650 798 1794 848 exigat

198 864 223 889 a
251 865 468 903 quoquam
497 856 546 891 vt
576 852 630 891 ob
659 852 849 891 ciborum
879 852 1224 903 superstitionem
1253 852 1297 890 in
1326 855 1472 890 tantos
1502 852 1714 890 cruciatus
1744 864 1792 889 ac

197 906 470 945 manifestum
511 907 626 945 vitae
666 906 891 945 discrimen
932 910 1066 945 semet
1106 906 1316 944 coniiciat.
1386 905 1511 951 Nam,
1554 910 1604 944 vt
1643 917 1792 943 verum

195 959 345 1007 fatear,
377 962 488 999 inter
517 961 660 999 omnia
690 974 799 1011 quae
828 961 872 999 in
902 961 1039 999 vitam
1069 960 1354 999 Christianam
1384 960 1655 1010 irrepserunt,
1687 958 1792 997 nihil

196 1014 335 1053 minus
380 1014 486 1054 facit
532 1014 587 1054 ad
630 1028 775 1053 veram
822 1017 1041 1065 pietatem,
1086 1014 1192 1053 nihil
1239 1014 1457 1052 Iudaismo
1501 1014 1680 1052 vicinius
1727 1016 1792 1052 est
1813 1028 1850 1060 35

194 1080 324 1118 quam
347 1069 537 1108 ciborum
559 1069 760 1108 delectus.
812 1069 900 1108 Nec
922 1070 957 1108 is
979 1073 1071 1108 tam
1095 1068 1397 1120 comprobatus
1420 1072 1484 1107 est
1507 1068 1562 1106 ab
1585 1068 1792 1119 episcopis

193 1123 462 1172 quibusdam,
495 1127 545 1162 vt
575 1123 732 1163 morbis
763 1136 811 1162 ac
843 1123 1058 1162 doloribus
1088 1124 1388 1169 excruciemur,
1421 1122 1495 1161 sed
1525 1126 1575 1161 Vt
1606 1122 1792 1173 corporis

193 1181 336 1216 aestus
363 1182 637 1228 temperetur.
696 1178 851 1228 Itaque
879 1179 953 1228 qui
981 1182 1154 1216 coactus
1183 1182 1308 1216 tanta
1328 1178 1582 1215 necessitate
1603 1177 1790 1215 vescitur

193 1230 297 1270 cibis
316 1232 600 1271 accommodis
621 1233 785 1283 corpori
805 1245 880 1270 suo
900 1231 1118 1270 moderate
1139 1244 1235 1270 cum
1255 1232 1489 1282 gratiarum
1505 1232 1684 1277 actione,
1702 1243 1789 1269 non

192 1289 341 1335 peccat
364 1286 567 1325 aduersus
592 1287 942 1325 constitutionem
966 1285 1231 1337 pontificum,
1254 1286 1421 1324 etiamsi
1444 1285 1608 1324 nullum
1629 1284 1789 1323 habeat
1806 1299 1852 1329 40

191 1338 407 1390 djploma;
464 1344 715 1391 peccaturus
755 1340 958 1379 aduersus
998 1340 1132 1391 legem
1173 1340 1376 1386 diuinam,
1419 1341 1453 1378 si
1494 1340 1788 1390 superstitiosa

191 1393 380 1432 ciborum
399 1394 659 1433 abstinentia
676 1394 810 1433 sciens
829 1407 878 1433 ac
896 1394 1081 1445 prudens
1100 1394 1179 1432 sibi
1197 1398 1377 1432 mortem
1395 1395 1684 1440 conscisceret,
1702 1406 1787 1432 non

190 1448 329 1486 minus
353 1461 483 1499 quam
506 1449 541 1487 si
567 1449 612 1487 in
639 1448 706 1487 die
732 1449 876 1487 ieiunii
905 1461 948 1487 se
974 1448 1088 1486 fame
1109 1452 1304 1487 enecaret
1323 1461 1376 1486 ne
1396 1447 1576 1486 violaret
1599 1447 1786 1487 edictum

190 1501 420 1541 Pontificis.

242 1556 310 1595 An
331 1557 367 1596 is
390 1557 617 1597 Christiani
640 1557 823 1608 pectoris
846 1570 934 1596 esse
957 1556 1168 1603 Videatur,
1193 1558 1267 1608 qui
1291 1569 1387 1596 cum
1412 1560 1579 1596 constet
1602 1556 1786 1607 aliquem
1805 1570 1845 1602 45

188 1610 243 1649 ob
262 1611 441 1662 piscium
460 1624 578 1650 esum
598 1611 650 1650 de
670 1611 818 1650 morbo
838 1611 1054 1658 comitiali,
1075 1611 1127 1650 de
1146 1611 1345 1662 paralysi,
1366 1611 1603 1662 apoplexia,
1625 1615 1702 1649 aut
1722 1610 1786 1649 his

188 1665 383 1705 omnibus
421 1666 650 1705 crudeliore
687 1666 848 1705 calculo
884 1665 1236 1717 periclitaturum,
1275 1669 1400 1717 cogat
1436 1666 1635 1704 miserum
1672 1665 1784 1703 vesci

187 1719 372 1769 piscibus
393 1722 409 1758 ⁶?
463 1720 562 1759 Non
586 1721 670 1759 ista
694 1720 838 1771 religio
864 1724 941 1767 est,
969 1720 1043 1759 sed
1069 1720 1324 1766 crudelitas3
1366 1733 1444 1759 1166
1469 1720 1573 1758 haec
1599 1719 1785 1758 tendunt

188 1773 243 1811 ad
281 1774 565 1813 Christianam
603 1774 883 1825 disciplinam,
924 1774 997 1813 sed
1035 1774 1090 1812 ad
1128 1774 1432 1820 homicidium3
1487 1787 1564 1813 nec
1601 1773 1682 1812 hoc
1719 1777 1784 1812 est

186 1840 331 1878 parere
363 1828 614 1879 pontificum
645 1828 1035 1876 constitutionibus,
1063 1828 1137 1867 sed
1162 1828 1365 1867 aduersus
1390 1827 1642 1881 pontificum
1669 1840 1782 1866 men·
1804 1840 1847 1873 50

186 1886 273 1920 tem
308 1883 376 1921 vel
410 1895 510 1922 suae
544 1883 612 1922 vel
646 1883 824 1921 aliorum
858 1884 1013 1921 seruire
1047 1883 1352 1934 superstitioni.
1415 1882 1527 1921 Nam
1562 1882 1783 1921 Romanus

186 1936 385 1976 Pontifex
408 1937 512 1976 nihil
535 1938 675 1976 minus
698 1937 793 1976 Vult
816 1950 945 1988 quam
970 1937 1024 1976 ob
1048 1950 1146 1976 suas
1170 1937 1497 1976 constitutiones
1520 1936 1588 1975 vel
1610 1937 1781 1975 interire

184 2003 429 2042 quenquam
461 1991 527 2030 vel
559 1992 603 2030 in
635 1991 909 2030 manifestum
942 1992 1093 2042 capitis
1125 1991 1349 2030 discrimen
1381 1991 1607 2037 deuenire;
1656 1995 1712 2037 et,
1747 1991 1781 2029 si

185 2045 325 2092 vellet,
359 2059 412 2084 ne
444 2047 509 2084 ius
542 2046 714 2097 quidem
747 2046 878 2084 habet
911 2046 1199 2084 constituendi
1231 2045 1346 2096 quod
1379 2046 1607 2097 perniciem
1641 2044 1781 2083 adfert

184 2099 357 2146 homini,
388 2113 474 2138 non
503 2100 697 2139 salutem.
754 2100 858 2138 Mihi
887 2113 1051 2151 semper
1079 2099 1338 2151 periculosus
1365 2099 1450 2139 fuit
1478 2100 1656 2150 piscium
1686 2112 1780 2138 esus
1801 2111 1815 2143 5
1823 2110 1838 2143 5

184 2153 238 2191 ob
268 2154 604 2193 imbecillitatem
635 2154 884 2205 corpusculi,
916 2158 960 2193 et
991 2155 1045 2193 ob
1075 2154 1119 2192 id
1149 2155 1235 2193 iam
1266 2154 1366 2193 olim
1396 2154 1585 2205 diploma
1615 2154 1778 2205 paraui.

183 2207 307 2247 Nunc
349 2210 525 2248 accessit
566 2213 698 2256 aetas,
742 2221 906 2260 semper
947 2208 1109 2260 aliquid
1151 2208 1342 2248 deferens
1384 2209 1558 2255 viribus,
1603 2208 1780 2247 accessit

182 2262 367 2301 calculus
405 2263 584 2302 subinde
622 2276 849 2310 recurrens,
891 2263 1051 2302 malum
1090 2267 1226 2302 morte
1263 2263 1589 2302 formidabilius
1656 2262 1779 2301 Adde

181 2329 294 2356 nunc
322 2316 516 2356 laborum
545 2319 744 2365 sarcinas,
775 2319 943 2357 etiamsi
971 2317 1075 2356 nihil
1105 2317 1221 2356 aliud
1250 2330 1381 2368 quam
1410 2321 1479 2356 tot
1507 2316 1696 2368 epistolis
1725 2329 1777 2355 ex

181 2371 377 2411 omnibus
414 2372 562 2411 mundi
599 2372 733 2424 plagis
770 2372 1073 2411 aduolantibus
1110 2372 1376 2423 respondere.
1443 2372 1501 2410 Et
1537 2376 1684 2410 tamen
1721 2371 1775 2409 ob
1795 2375 1840 2406 60

179 2425 368 2465 infirmos
413 2439 536 2478 saepe
582 2427 807 2478 periclitor,
855 2431 1048 2466 metuens
1090 2440 1143 2465 ne
1186 2427 1292 2477 quis,
1338 2439 1480 2465 meum
1522 2429 1773 2476 praetexens

179 2480 433 2532 exemplum,
458 2481 502 2520 id
524 2481 656 2520 faciat
682 2481 737 2520 ad
763 2481 911 2520 luxum
935 2481 1051 2532 quod
1077 2494 1152 2532 ego
1182 2493 1489 2531 nonnunquam
1520 2492 1644 2530 cogor
1673 2479 1773 2517 dare

224 2578 275 2609 28.
302 2574 517 2607 durescerem
542 2589 575 2615 γ.
757 2587 806 2618 31.
834 2575 963 2606 habeat
989 2587 1031 2606 a:
1061 2578 1215 2606 atrocem
1241 2580 1286 2609 βε
1317 2578 1418 2606 atrox
1453 2588 1484 2615 γ.
1666 2574 1776 2606 carni-

124 2657 128 2661 ·
179 2618 282 2649 ficina
297 2632 330 2659 γ.
467 2624 518 2662 36.
546 2622 620 2650 tam
637 2619 884 2660 comprobatus
901 2618 1024 2659 scripsi
1039 2630 1046 2649 :
1072 2622 1202 2655 tamen,
1219 2629 1298 2649 cum
1316 2618 1484 2659 probatus
1501 2620 1580 2658 (1137.
1720 2622 1774 2649 cst

179 2661 324 2701 scripsi:
355 2662 403 2693 sit
430 2666 496 2695 ati:
528 2672 599 2694 non
626 2662 673 2693 sit
700 2676 732 2702 γ.
915 2674 966 2705 37.
994 2673 1059 2701 ay:
1091 2662 1333 2693 excrucientur
1361 2665 1394 2696 β.
1574 2664 1625 2704 38.
1653 2671 1772 2692 omnes

178 2704 331 2746 stringit,
355 2704 450 2737 nullo
475 2705 672 2737 discrimine
700 2705 795 2736 facto
819 2709 894 2745 post
920 2708 1134 2746 temperet-ur
1158 2705 1233 2737 add.
1264 2719 1295 2746 γ.
1478 2716 1529 2747 45.
1555 2704 1584 2735 is
1611 2705 1685 2736 add.
1712 2712 1769 2744 μγ.

178 2758 249 2778 esse
267 2758 329 2779 om.
349 2751 405 2789 Βγ.
585 2760 636 2791 50.
663 2748 975 2780 constitutionibus
993 2762 1011 2778 α
1028 2760 1034 2779 :
1061 2758 1122 2779 om.
1142 2752 1163 2782 β
1181 2761 1187 2779 :
1205 2748 1351 2779 statutis
1376 2760 1409 2789 γ.
1636 2759 1688 2790 53.
1716 2747 1769 2779 vel

180 2790 216 2821 in
232 2815 239 2821 .
259 2815 265 2822 .
285 2815 291 2822 .
311 2791 472 2823 deuenire
487 2792 562 2824 add.
591 2796 648 2832 βγ.
861 2796 914 2826 6ο.
940 2791 1182 2833 responderem
1212 2795 1270 2832 βγ.
1465 2796 1517 2826 61·
1545 2790 1622 2832 quis
1651 2802 1714 2823 om.
1737 2805 1769 2832 γ.

178 2838 422 2876 praetexentes
440 2859 448 2867 .
469 2859 477 2867 .
498 2858 506 2867 .
527 2840 580 2870 62.
604 2834 738 2867 faciant
756 2848 788 2876 γ.

529 2941 580 2975 24.
608 2936 742 2972 Quarto
759 2957 766 2964 .
787 2956 793 2963 .
814 2957 820 2964 .
841 2933 914 2973 die]
935 2942 1042 2975 12—14
1059 2933 1190 2964 March.

525 2988 576 3019 35.
603 2976 795 3016 ludaismo]
812 2977 862 3009 Cf.
882 2978 946 3019 Ep.
969 2979 1061 3009 1006.
1085 2987 1180 3016 14211.

531 3025 582 3063 56-
609 3020 776 3063 diploma]
791 3022 852 3053 See
866 3021 931 3062 Ep.
952 3030 1043 3061 1079.
1062 3028 1128 3060 511;
1154 3019 1223 3052 and
1244 3020 1286 3052 cf.
1310 3020 1329 3052 l.
1352 3032 1381 3062 5.
