2012 3370
183 1220 220 1242 10

201 2034 212 2040 ·
236 2017 435 2058 Publium
456 2020 798 2072 mimographum
828 2034 904 2072 pro
929 2021 981 2060 D.
1009 2021 1187 2060 Laberio
1211 2022 1361 2060 itidem
1389 2021 1695 2072 mimographo.

723 135 978 173 LETTERS
1010 135 1081 174 OF
1112 135 1186 173 ER
1194 135 1375 174 AsxsUs
1728 138 1847 187 [1524

576 285 759 337 15131531
823 281 961 324 Fnon
994 282 1127 324 JOHN
1161 281 1310 324 Lotus
1343 282 1506 324 Vrvns.

1531 380 1695 415 London.

1408 450 1418 473 1
1428 449 1446 483 3
1466 438 1678 473 November
1700 449 1710 473 1
1721 448 1799 483 524.

295 380 395 414 vinis
414 380 546 425 Opera,
572 390 669 424 1555,
690 381 726 415 ii.
748 392 782 425 p.
799 382 882 424 960.

294 438 348 472 Vi.
370 438 424 478 E„
447 437 470 472 f.
491 439 530 473 81
555 442 608 472 v0.
627 453 633 471 :
670 439 784 473 Lond.
806 439 887 473 Viv.
912 449 950 482 13
969 453 975 472 ε
1011 438 1084 473 LB.
1103 440 1184 482 780.

289 516 375 557 [The
399 516 581 557 year-date
605 518 633 549 is
657 516 880 559 abundantly
905 517 1092 550 confirmed
1126 517 1172 558 by
1197 517 1256 550 the
1281 522 1455 550 contents.
1515 517 1759 550 Nevertheless
1788 517 1848 549 the

247 561 449 602 corruption
464 560 671 594 introduced
685 562 721 594 in
737 560 1067 603 Lond.—-pr0bably
1082 571 1102 593 a
1118 571 1211 594 mere
1226 562 1503 603 misprint—was
1518 561 1684 603 accepted
1700 560 1747 602 by
1762 560 1850 601 LB.]

870 659 1000 687 VIVES
1030 659 1221 689 ERASMO.

298 715 643 757 PALAESTRITAM
664 722 707 757 te
721 719 916 758 fecerunt
934 720 1019 766 isti,
1037 720 1233 766 volueris,
1255 720 1450 759 nolueris.
1502 718 1585 759 Sed
1605 720 1663 758 sic
1685 724 1847 774 ἀνταγω-

243 774 372 822 νιστὴν
394 772 528 811 vincis
556 776 606 811 vt
632 777 894 823 spectatores
921 779 1179 825 cognoscant
1198 779 1241 813 te
1262 775 1299 813 ei
1320 787 1490 824 parcere
1511 786 1638 824 quem
1660 774 1849 824 potueris

242 830 534 876 prosternere:
572 831 616 865 et
643 828 701 866 sic
727 828 1022 874 conueniebat,
1052 841 1104 867 ne
1134 830 1177 867 in
1204 842 1247 867 se
1275 828 1495 867 traherent
1522 829 1745 867 victoriam
1773 827 1846 873 illi,

241 892 423 931 quorum
461 880 634 931 plausus
672 887 782 920 esset
820 882 933 921 orbis
970 884 1166 934 gemitus.
1236 883 1339 933 Regi
1378 888 1441 921 est
1481 883 1567 921 heri
1606 888 1706 921 tuus
1744 881 1848 921 liber

240 934 432 974 redditus
449 934 512 974 De
528 935 660 974 libero
677 935 853 975 arbitrio
875 950 881 975 :
916 949 967 975 ex
985 950 1069 987 quo
1086 938 1197 976 inter
1213 950 1333 976 sacra
1348 936 1449 988 legit
1467 936 1652 988 pagellas
1669 936 1847 987 aliquot,

241 994 285 1027 et
315 989 505 1028 ostendit
534 990 613 1029 sibi
644 991 897 1041 perplacere.
958 991 1031 1029 Ait
1062 1004 1104 1029 se
1135 991 1433 1042 perlecturum.
1498 990 1713 1030 Indicauit
1744 991 1847 1029 mihi

240 1042 380 1082 locum
412 1056 498 1095 quo
530 1043 635 1083 dicit
667 1057 709 1083 se
741 1046 930 1095 impense
962 1045 1236 1092 delectatum,
1271 1058 1405 1096 quum
1438 1045 1623 1084 deterres
1656 1045 1847 1084 homines

240 1097 295 1135 ab
331 1097 561 1137 immodica
597 1100 934 1149 perscrutatione
971 1099 1202 1150 adytorum
1239 1099 1409 1138 diuinae
1445 1099 1556 1138 illius
1595 1100 1845 1139 maiestatis.

241 1150 405 1202 Regina
430 1153 561 1191 etiam
588 1151 760 1191 mirifice
787 1153 839 1191 de
866 1153 945 1192 hoc
970 1155 1063 1204 ipso
1089 1158 1132 1192 te
1159 1154 1375 1204 opusculo,
1403 1155 1534 1192 etiam
1560 1153 1665 1200 loco,
1693 1153 1844 1205 diligit,

239 1206 446 1257 iussitque
462 1205 529 1245 hic
545 1206 624 1245 tibi
638 1206 820 1246 salutem
836 1209 922 1247 suis
939 1207 1078 1247 verbis
1095 1208 1278 1247 adscribi
1295 1221 1302 1247 z
1331 1208 1455 1247 simul
1471 1209 1538 1260 agi
1553 1209 1712 1259 gratias
1730 1208 1845 1259 quod

240 1260 304 1298 vir
332 1264 481 1299 tantus
510 1265 554 1299 et>
581 1260 634 1299 de
662 1265 788 1300 tanto
817 1267 1068 1313 argumento
1097 1262 1352 1314 loquuturus
1380 1264 1442 1301 ita
1471 1268 1513 1301 te
1543 1262 1771 1307 demiseris,
1802 1267 1843 1301 et

239 1326 327 1352 rem
362 1316 560 1354 tractaris
594 1319 720 1354 tanta
755 1316 977 1355 modestia.
1043 1316 1155 1364 Quid
1190 1317 1283 1355 Rex
1318 1318 1464 1368 cupiat
1498 1321 1541 1355 te
1575 1318 1619 1355 in
1654 1315 1844 1356 Psalmos

240 1373 458 1415 annotare,
488 1382 712 1420 cognosces
739 1383 791 1408 ex
818 1369 1037 1416 Montioio,
1067 1372 1133 1410 cui
1161 1371 1254 1410 Rex
1281 1371 1548 1422 peculiariter
1575 1370 1843 1409 scribendum

240 1422 492 1469 mandauit;
537 1423 662 1462 simul
689 1424 945 1474 significauit
974 1425 1076 1464 mihi
1104 1439 1146 1464 se
1175 1430 1372 1476 expetere
1401 1425 1657 1476 colloquium
1686 1430 1841 1464 tecum.

205 1492 215 1497 ·
239 1475 302 1515 De
324 1489 409 1527 quo
431 1489 518 1516 non
539 1477 691 1516 dubito
713 1480 816 1529 quin
839 1480 969 1530 egerit
993 1492 1089 1518 cum
1112 1479 1243 1527 Moro,
1268 1485 1317 1518 vt
1339 1485 1403 1518 est·
1425 1479 1541 1530 apud
1563 1492 1658 1517 eum
1682 1479 1843 1517 multus

238 1535 282 1569 et
319 1532 649 1582 gratiosissimus
669 1545 677 1570 :
729 1545 781 1570 ex
820 1534 909 1571 eius
946 1533 1078 1572 literis
1116 1533 1161 1572 id
1199 1534 1418 1585 intelliges.
1489 1533 1627 1581 Quam
1665 1532 1843 1572 feliciter

237 1590 412 1636 agerent
426 1585 586 1632 literae,
605 1587 639 1624 si
655 1586 758 1625 haec
775 1587 957 1637 procella
973 1601 1059 1627 non
1074 1588 1291 1627 incidisset
1312 1588 1319 1626 !
1355 1588 1389 1627 Ο
1404 1587 1524 1626 illum
1540 1593 1665 1626 tuum
1681 1600 1841 1626 nouum

238 1639 559 1678 colluctatorem
596 1640 888 1691 imprudenter
925 1641 1239 1691 praeferuidum
1261 1642 1267 1680 !
1324 1641 1426 1680 dum
1465 1641 1531 1680 vel
1568 1643 1736 1692 ingenio
1775 1641 1841 1680 vel

237 1695 414 1746 argutiis
462 1695 530 1734 vel
574 1695 757 1733 nominis
801 1694 1014 1734 dulcedini
1056 1695 1261 1747 indulget,
1302 1696 1421 1734 dictu
1464 1695 1586 1734 facile
1629 1700 1841 1746 quantum

237 1746 423 1786 obfuerit
451 1749 639 1799 optimae
665 1761 851 1796 caussae,
878 1762 955 1800 pro
983 1763 1070 1801 qua
1094 1752 1279 1801 primum
1307 1750 1536 1801 prodierat,
1567 1754 1616 1788 vt
1643 1763 1729 1789 non
1761 1749 1839 1788 sibi

236 1801 373 1841 solum
397 1801 526 1841 fidem
550 1802 778 1854 abrogarit,
801 1803 873 1842 sed
897 1809 1095 1854 paratam
1115 1804 1316 1844 obiecerit
1338 1804 1546 1843 inuidiam
1568 1805 1619 1843 iis
1644 1804 1840 1843 omnibus

236 1857 309 1907 qui
329 1855 491 1907 aliquid
510 1858 602 1895 ausi
621 1858 707 1896 sint
728 1858 881 1896 mutire
902 1858 954 1897 de
975 1858 1100 1898 dictis
1119 1859 1200 1898 illis
1221 1858 1476 1898 melioribus.

290 1909 466 1950 Gaudeo
487 1914 531 1950 te
554 1913 845 1963 recognouisse
869 1912 1083 1964 Epistolas
1107 1913 1357 1964 Hieronymi
1378 1927 1386 1959 ;
1426 1925 1525 1952 nam
1548 1913 1592 1951 in
1614 1912 1695 1951 illis
1718 1917 1840 1951 erant

1061 1967 1187 2018 quale
1232 1969 1276 2006 in
1323 1973 1401 2006 tua
1448 1967 1629 2018 epistola
1674 1967 1728 2005 ad
1771 1980 1838 2005 me

1755 2020 1837 2061 Sed

235 2072 338 2112 haec
367 2075 475 2124 quis,
506 2075 585 2113 etsi
616 2080 832 2126 agnoscat,
860 2088 944 2114 non
983 2077 1213 2126 ignoscat?
1255 2077 1298 2115 in
1323 2077 1407 2114 ista
1438 2076 1675 2114 eruditione
1700 2080 1744 2114 et
1769 2080 1837 2114 tot

234 2126 556 2178 elegantissimis
576 2128 916 2180 doctissimisque
936 2131 1092 2181 ingenii
1118 2132 1418 2169 monumentis.
1487 2130 1642 2168 Verum
1663 2142 1739 2181 ego
1760 2134 1837 2168 tua

234 2182 378 2220 omnia
390 2183 448 2220 sic
462 2181 614 2221 vellem
631 2188 796 2229 exacta,
817 2188 867 2222 vt-
883 2183 1043 2222 nullam
1061 2186 1263 2236 reperiret
1281 2197 1428 2223 ansam
1448 2184 1514 2222 vel
1532 2185 1621 2235 ipse
1639 2183 1806 2222 Momus
1826 2197 1835 2230 ;

235 1964 447 2015 quaedam
485 1970 692 2018 μνημονικὰ
730 1970 1005 2019 ἁμαρτήματαζ

233 2329 360 2371 effigies
385 2333 439 2361 est
464 2329 582 2367 leonis,
609 2341 651 2363 ex
677 2335 740 2363 tua
765 2330 1000 2372 descripcione

231 2382 393 2414 agnosco.
430 2373 509 2414 Ipse
523 2378 577 2405 est
589 2374 642 2406 leo
655 2373 883 2417 astrologicus
896 2385 1000 2416 quem

234 2416 277 2447 D.
318 2415 464 2448 Erasmo
505 2417 661 2449 Basileae
705 2428 811 2459 agens
857 2418 998 2450 donaui.

233 2458 343 2491 Cusus
387 2464 442 2492 est
483 2461 513 2492 is
557 2465 678 2493 autem
723 2461 864 2493 Patauii
908 2472 1000 2493 anno

234 2503 414 2535 M.D.xxiiii
433 2513 475 2535 ex
495 2505 710 2546 praescripto
724 2505 818 2537 Petri
837 2505 998 2546 Aponen-

232 2546 279 2577 sis
305 2546 350 2578 ad
377 2547 548 2579 curandos
575 2547 699 2580 calculi
723 2548 1000 2590 genitaliumque

233 2588 367 2621 dolores
383 2602 391 2627 ;
425 2591 522 2622 cuius
541 2591 627 2623 item
647 2602 668 2624 a
688 2591 841 2623 Marsilio
861 2592 904 2624 de
924 2593 1001 2624 vita

233 2632 378 2666 coelitus
406 2634 641 2675 comparanda
671 2635 711 2666 fit
738 2636 896 2667 mencio:
939 2636 999 2677 qui

232 2676 309 2713 tibi,
337 2677 366 2708 si
392 2678 556 2719 requires.
584 2688 654 2719 quo
681 2683 838 2719 tempore
865 2683 903 2710 et
928 2689 998 2720 qua

233 2718 296 2751 celi
315 2719 404 2752 facie
425 2720 551 2752 excudi
572 2721 736 2756 debeant.
758 2721 998 2763 explicabunt.

233 2761 368 2795 Nomen
376 2762 546 2796 Hebraice
558 2765 764 2806 impressum
776 2765 998 2797 Michaelisne

231 2806 278 2837 sit,
296 2816 342 2838 an
364 2806 533 2839 Gabrielis
552 2807 667 2850 angeli
686 2818 756 2840 non
776 2809 863 2840 satis
883 2813 997 2841 teneo.

232 2847 384 2922 iAlltlerius
410 2861 493 2882 sane
519 2855 585 2888 est,
609 2852 675 2883 nisi
702 2853 869 2884 memoria
894 2851 997 2884 valde

247 2902 267 2922 a
297 2902 335 2923 or
363 2917 370 2924 .

279 2944 307 2975 5.
335 2935 385 2967 De
401 2936 509 2968 libero
526 2937 686 2976 arbitrio]
703 2938 765 2971 See
783 2939 872 2980 Epp.
891 2948 995 2979 1419—

233 2986 288 3014 20,
309 2980 403 3017 1481,
424 2988 516 3019 1493.

278 3031 307 3062 7.
334 3021 463 3061 locum]
479 3022 548 3055 LB.
567 3025 610 3055 ix.
633 3026 716 3056 1216
731 3035 760 3057 c..

1111 2342 1142 2370 9.
1169 2330 1260 2370 loco]
1276 2331 1326 2363 Cf.
1342 2330 1364 2362 l.
1385 2341 1411 2372 7.

1115 2384 1164 2406 12.
1190 2375 1226 2406 in
1246 2374 1417 2412 Psalmos]
1437 2374 1591 2416 Perhaps
1610 2385 1630 2406 a
1651 2375 1831 2407 continua-

1066 2418 1141 2450 tion
1160 2417 1196 2450 of
1214 2417 1274 2449 the
1293 2419 1396 2450 series
1415 2418 1458 2449 he
1476 2418 1546 2449 had
1564 2428 1642 2450 now
1663 2418 1775 2460 begun
1795 2423 1833 2450 to

1066 2471 1167 2502 carry
1184 2460 1335 2493 forward
1352 2474 1359 2493 :
1393 2471 1449 2493 see
1470 2461 1559 2503 Epp.
1586 2470 1670 2501 1304
1689 2461 1831 2499 introd.‚

1071 2514 1165 2546 1427,
1188 2513 1280 2545 1535-

1114 2557 1162 2588 13.
1189 2547 1373 2587 Montioio]
1386 2547 1449 2589 Ep.
1467 2557 1558 2588 1531.
1577 2557 1588 2579 1
1599 2558 1616 2580 2
1628 2547 1739 2580 shows
1751 2548 1829 2580 that

1065 2592 1107 2623 he
1124 2591 1184 2623 did
1200 2596 1264 2623 not
1279 2592 1376 2623 write
1392 2596 1431 2623 at
1447 2601 1542 2627 once,
1558 2591 1586 2623 if
1601 2596 1640 2623 at
1655 2590 1713 2623 all.

1114 2636 1163 2667 16.
1188 2634 1313 2674 literis]
1328 2635 1402 2667 Not
1415 2639 1554 2667 extant.

1114 2681 1162 2710 18.
1189 2677 1468 2717 colluctatorem]
1493 2678 1659 2710 Erasmus
1683 2678 1743 2710 did
1768 2684 1831 2710 not-

1065 2721 1281 2754 understand
1313 2721 1427 2754 whom
1459 2721 1564 2753 Vives
1596 2726 1727 2759 meant,
1759 2721 1827 2753 and

1064 2765 1250 2807 suggested
1276 2765 1437 2797 Brunfels
1462 2765 1538 2806 (Ep.
1571 2774 1582 2796 1
1591 2774 1606 2806 5
1612 2773 1663 2805 31.
1693 2768 1826 2806 14—15).

1066 2808 1219 2850 Perhaps
1235 2809 1401 2840 Erasmus
1417 2808 1545 2846 Alber;
1571 2819 1626 2840 see
1647 2808 1711 2850 Ep.
1734 2809 1826 2848 1466.

1068 2855 1142 2884 zon.

1111 2904 1163 2935 23.
1189 2894 1410 2936 Hieronymi]
1424 2895 1487 2928 See
1503 2895 1568 2936 Ep.
1590 2896 1682 2935 1465.

1109 2948 1162 2977 24.
1187 2937 1350 2980 epistola]
1370 2939 1442 2970 Not-
1461 2942 1598 2976 ext-ant,
1619 2939 1683 2970 but
1702 2937 1828 2979 clearly

1064 2986 1333 3023 contemporary
1348 2982 1434 3014 with
1450 2981 1539 3023 Epp.
1562 2983 1723 3021 1486-94.

1110 3035 1162 3066 25.
1189 3024 1368 3065 Publium]
1379 3025 1442 3058 See
1456 3024 1521 3066 Ep.
1540 3026 1633 3065 1481.
1652 3034 1726 3064 14¹1·
