2012 3370
619 166 691 206 ΤΟ
722 166 965 205 FRANOIS
995 165 1292 205 ASULANUS
1676 164 1753 204 253

163 172 283 220 1349]

215 278 256 318 S.
296 278 516 317 Francisce
541 277 611 323 mi,
639 276 820 315 arbitror
844 276 923 314 tibi
948 275 1137 313 redditas
1156 275 1320 314 litteras
1345 287 1473 321 meas,
1495 274 1649 325 quibus
1669 275 1755 313 tuis

162 333 243 371 illis
278 332 574 384 litigatricibus
610 330 856 381 respondeo.
922 329 1009 368 Nec
1047 329 1204 367 oblitus
1242 342 1335 367 sum
1373 334 1516 368 nostre
1553 329 1756 379 pristinae

163 386 492 432 consuetudinis,
523 399 612 431 nec,
644 385 679 423 si
709 384 835 423 velim
867 384 1070 429 obliuisci,
1102 384 1215 422 sinat
1245 383 1442 430 calculus,
1474 396 1600 434 quem
1630 382 1756 421 isthic

160 441 344 491 primum
371 440 544 491 collegi3
586 452 737 489 meque
764 438 941 476 subinde
967 441 1161 488 repetens
1187 437 1389 476 Venetiae
1416 436 1754 476 commonefacit.

162 495 248 534 Nec
285 508 380 533 cum
416 494 623 532 Frobenio
658 506 734 531 nec
769 506 865 531 cum
901 492 986 530 vllo
1021 491 1385 543 typographorum
1421 491 1569 530 foedus
1604 491 1792 539 habe0‚5

160 553 332 588 tantum
351 549 472 587 abest
488 552 538 586 vt
554 547 598 585 in
615 551 802 586 vestram
821 547 1046 597 perniciem
1065 546 1331 584 coniurarim.
1380 546 1437 584 Et
1454 545 1603 593 fateor,
1623 558 1755 596 quum

161 603 315 642 isthinc
342 602 514 647 abirem,
542 606 707 652 patrem
735 600 1003 639 admonuisse
1030 604 1079 638 vt
1106 600 1139 637 si
1166 599 1269 650 quid
1295 599 1507 645 haberem,
1537 599 1591 638 ad
1617 600 1755 650 ipsum

162 658 404 696 mitterem:
453 656 525 695 sed
558 668 606 693 eo
639 655 762 694 vultu
796 655 966 693 dicebat
998 658 1047 693 vt
1080 653 1182 692 mihi
1214 653 1430 692 videretur
1462 654 1595 692 ridere
1627 655 1755 692 risum

161 711 427 751 Sardonium.

214 765 446 804 Frobenius
477 777 588 803 anno
620 764 812 814 proximo
845 762 1017 802 excudit
1048 762 1278 801 Prouerbia
1309 775 1450 800 rursus
1482 762 1756 813 locupletata.
1782 778 1821 800 10

161 819 251 871 Ego
275 819 411 858 habeo
435 822 694 870 postremam
720 831 919 863 manum;
960 830 1059 855 nam
1086 816 1267 855 arbitror
1286 816 1371 855 iam
1392 817 1495 854 satis
1520 817 1757 867 impensum

160 874 257 912 huic
277 874 406 924 operi.
455 872 726 923 Plurimaque
747 875 847 910 sunt
867 885 919 910 ex
941 871 1062 910 bonis
1083 871 1302 909 autoribus
1324 870 1502 909 adiecta.
1553 870 1595 909 si
1617 875 1759 909 vestra

160 927 381 967 diuendita
406 931 519 974 sunt,
547 927 718 965 mittam
745 926 960 977 exemplar
986 925 1229 964 absolutum
1256 928 1300 963 et
1325 925 1613 971 emendatum,
1642 925 1759 963 cuius

159 982 263 1021 nulli
283 982 445 1032 (prius)
459 980 650 1020 facturus
665 994 759 1019 sum
781 981 947 1031 copiam
969 992 1099 1031 quam
1120 979 1201 1018 tibi
1222 993 1229 1018 :
1267 980 1302 1017 si
1324 979 1450 1018 modo
1466 979 1546 1017 tibi
1567 978 1695 1017 fuerit
1716 979 1760 1016 in

163 1036 304 1075 animo
316 1036 430 1074 intra
443 1049 602 1074 annum
614 1035 834 1074 excudere.
879 1035 991 1073 Nam
1007 1033 1122 1085 quod
1137 1047 1288 1084 parum
1302 1033 1479 1072 feliciter
1491 1033 1758 1078 excuderitis,
1784 1049 1819 1083 15

164 1091 266 1129 mihi
281 1103 367 1128 non
382 1090 561 1140 potestis
576 1090 802 1140 imputare,
817 1102 950 1140 quum
966 1102 1033 1127 me
1048 1089 1179 1127 inscio
1199 1087 1363 1126 factum
1380 1088 1435 1126 sit
1449 1101 1473 1126 a
1489 1087 1623 1126 vobis.
1667 1087 1760 1125 Hac

158 1145 288 1195 igitur
309 1144 363 1183 de
383 1157 428 1182 re
450 1143 577 1182 facite
600 1157 667 1182 me
690 1144 1005 1194 quamprimum
1029 1143 1249 1181 certiorem
1272 1142 1376 1193 quid
1398 1142 1592 1180 habeatis
1616 1142 1759 1179 animi.

162 1198 213 1237 In
250 1198 399 1237 Bibliis
436 1198 588 1237 aeditis
624 1197 770 1236 fateris
807 1201 850 1236 et
885 1198 976 1248 ipse
1012 1210 1088 1235 vos
1125 1209 1223 1235 vsos
1260 1196 1570 1247 exemplaribus
1609 1208 1760 1246 parum

162 1252 410 1291 emendatis
476 1252 534 1291 Et
568 1265 644 1303 ego
680 1252 817 1290 multa
852 1251 1110 1302 deprehendi
1144 1251 1391 1302 praesertim
1427 1251 1471 1288 in
1507 1250 1759 1295 Prouerbiis,

164 1306 459 1345 Ecclesiastico
477 1319 526 1345 ac
544 1306 763 1344 similibus.
811 1306 944 1344 Recte
960 1306 1107 1355 itaque
1124 1304 1271 1344 fecerit
1288 1309 1423 1355 pater,
1444 1305 1477 1343 si
1495 1318 1546 1343 ex
1565 1303 1759 1343 emenda·
1781 1321 1825 1344 20

159 1360 338 1400 tioribus
357 1373 501 1399 rursus
519 1360 641 1398 nobis
658 1360 822 1398 dederit
840 1359 952 1398 idem
970 1372 1088 1410 opus.
1135 1359 1178 1399 Si
1197 1358 1416 1397 excuderit
1436 1371 1564 1408 opera
1584 1358 1760 1408 Chryso-

159 1415 287 1453 stomi
310 1414 453 1461 Grece,
470 1414 717 1465 praesertim
740 1427 790 1452 ea
812 1427 894 1464 que
909 1426 1032 1452 versa
1052 1426 1139 1452 non
1161 1417 1274 1459 sunt,
1299 1413 1493 1462 esse<n>t
1513 1416 1562 1450 vt
1578 1413 1763 1450 maxime

159 1468 390 1508 vendibilia
409 1481 417 1514 3
457 1472 533 1507 aut
555 1469 589 1507 si
611 1468 716 1519 quid
737 1472 847 1507 esset
871 1467 1060 1519 Origenis
1083 1466 1226 1506 Grece,
1280 1466 1517 1516 <Mun>dus
1539 1467 1698 1504 insanit
1719 1467 1763 1504 in

158 1523 287 1562 libros
304 1535 456 1569 sacros,
474 1536 550 1562 nec
567 1527 632 1562 est
648 1522 880 1574 periculum
897 1535 950 1561 ne
966 1523 1061 1573 quis
1077 1521 1314 1560 aemuletur
1329 1534 1531 1572 magnum
1548 1521 1762 1559 volumen.

218 1577 299 1616 Hic
328 1577 493 1616 iuuenis
523 1577 642 1628 cupit
671 1581 807 1616 artem
836 1580 1024 1615 vestram
1055 1576 1225 1615 discere.
1284 1575 1527 1627 Dispicietis
1558 1588 1612 1614 an
1642 1575 1764 1613 vobis
1782 1592 1820 1625 25

163 1632 298 1682 possit
327 1644 416 1671 esse
446 1632 569 1678 vsui3
616 1644 716 1670 nam
747 1632 888 1670 orauit
917 1635 967 1669 vt
997 1644 1040 1670 se
1071 1630 1192 1669 vobis
1223 1630 1267 1668 in
1297 1630 1376 1669 hoc
1408 1629 1762 1668 commendarem.

162 1686 278 1725 Bene
298 1685 393 1724 vale
414 1699 510 1725 cum
532 1686 617 1724 tuis
639 1686 848 1731 omnibus,
871 1685 1026 1736 quibus
1047 1698 1113 1724 me
1135 1684 1357 1735 diligenter
1378 1683 1707 1723 commendabis.

218 1739 421 1779 Basileae.
446 1749 509 1789 15.
532 1739 618 1779 Cal.
641 1740 773 1791 April.
796 1740 876 1778 An.
901 1749 1018 1789 1523.

1374 1793 1576 1831 Erasmus
1594 1796 1708 1831 tuus.

219 1848 399 1888 Erudito
420 1849 511 1887 viro
533 1849 585 1888 D.
609 1848 832 1887 Francisco
854 1848 1053 1887 Asulano.
1112 1847 1327 1886 Venetiae.
1784 1862 1828 1895 30

424 1981 688 2036 134513501359
748 1980 888 2021 FROM
922 1980 1139 2021 HERMAN
1171 1978 1500 2020 LETHMATIUS.

215 2055 365 2090 Breslau
380 2055 455 2091 MS.
474 2054 591 2090 Rehd.
608 2066 626 2090 2
634 2064 688 2099 54.
704 2055 761 2096 96.
1455 2052 1620 2086 Malines.

213 2113 305 2149 EE2.
324 2124 376 2158 14.
1366 2112 1405 2145 18
1422 2109 1548 2144 March
1566 2112 1714 2154 0523).

555 2191 625 2232 [An
643 2191 786 2234 original
804 2192 918 2230 letter,
937 2190 1133 2232 autograph
1152 2190 1396 2232 throughout]

222 2271 263 2311 S.
285 2271 332 2310 P.
373 2270 529 2310 Omnes
545 2271 717 2309 omnino
733 2283 830 2309 Vere
843 2270 958 2308 docti
972 2269 1136 2316 ardent,
1159 2269 1347 2315 Erasme,
1369 2268 1574 2308 desiderio
1595 2268 1768 2307 videndi

165 2327 230 2365 tui
256 2325 495 2377 Augustini,
523 2329 566 2363 et
591 2338 676 2363 vno
702 2338 847 2363 omnes
873 2337 943 2362 ore
969 2328 1012 2362 te
1038 2328 1190 2375 rogant
1215 2337 1267 2362 ne
1292 2324 1371 2362 hac
1398 2336 1470 2374 spe
1497 2336 1567 2362 eos
1592 2323 1769 2361 frustrcs

167 2380 340 2419 diutius.
395 2379 699 2431 Egmondanus
724 2392 790 2418 me
815 2392 985 2430 quoque
1009 2379 1151 2429 palam
1177 2378 1327 2417 celebri
1353 2378 1645 2428 theologorum
1672 2390 1766 2415 con-

215 2484 311 2515 1349.
339 2494 368 2524 3.
391 2482 497 2514 isthic
510 2480 677 2523 primum]
694 2482 736 2513 In
749 2492 770 2512 a
786 2491 931 2523 passage

168 2525 321 2558 inserted
332 2527 369 2557 in
382 2526 488 2565 Δάας).
506 2535 587 2557 1001
605 2526 689 2566 (LB.
703 2526 737 2556 ii.
750 2534 814 2566 405
830 2527 863 2566 c)
880 2525 934 2556 for

168 2570 228 2601 the
246 2569 382 2602 edition
402 2569 438 2601 of
456 2569 538 2601 Feb.
564 2572 648 2610 1526
668 2569 833 2600 Erasmus
853 2579 934 2610 says

169 2613 250 2645 that
273 2613 375 2645 while
400 2613 556 2654 working
581 2624 625 2644 on
651 2613 711 2644 the
737 2612 871 2652 Adaqw'a
896 2616 935 2643 at

169 2657 307 2695 Venice,
347 2654 510 2688 ‘interim
547 2656 633 2687 mihi
671 2666 750 2687 cum
788 2656 932 2693 calculo,

169 2700 261 2732 malo
277 2699 434 2731 nondum
452 2703 549 2737 noto,
567 2710 620 2730 res
638 2703 713 2731 erat
728 2700 747 2731 ⁷.

170 2742 761 2827 Wss.5b‡2‘zff.]..};²g1³0132‚am}
776 2743 934 2826 {3³:551}

173 2840 256 2872 1509
286 2832 356 2871 (see
387 2829 453 2871 Eg..
484 2831 549 2861 216
578 2829 737 2868 introd.),
768 2829 934 2860 Erasmus

169 2873 272 2906 could
289 2877 353 2906 not
372 2877 454 2905 turn
471 2872 567 2904 asido
586 2876 623 2904 to
642 2873 780 2909 Venice,
800 2872 934 2913 though

170 2917 212 2949 he
238 2916 308 2949 had
332 2926 426 2949 some
451 2917 701 2958 compositions
726 2920 764 2947 to
789 2916 873 2947 offer
898 2919 935 2947 to

172 2961 280 2993 Aldus
300 2960 387 3001 (AE.
409 2962 478 3001 76).

242 3003 707 3046 patrem]Andr.Asulanns;
718 3003 782 3044 Ep.
794 3013 866 3035 212.
881 3013 932 3043 gn.

220 3051 268 3082 18.
296 3047 434 3087 Bibliis]
448 3048 509 3080 See
524 3047 587 3089 Ep.
604 3056 670 3088 770
682 3047 811 3078 introd.

1048 2492 1097 2514 21.
1124 2479 1320 2519 excuderit]
1371 2480 1530 2521 Nothing
1583 2489 1679 2510 came
1733 2479 1768 2509 of

1001 2525 1112 2556 either
1135 2525 1170 2556 of
1193 2524 1290 2555 these
1313 2525 1542 2565 suggestions.
1590 2523 1766 2553 Erasmus’

1002 2568 1238 2610 publications
1258 2568 1294 2599 of
1314 2571 1410 2609 parts
1431 2567 1466 2599 of
1487 2567 1710 2607 Chrysostom
1733 2567 1767 2596 in

1003 2612 1115 2644 Greek
1132 2612 1232 2653 begin
1249 2613 1283 2642 in
1304 2620 1396 2652 1525.

1049 2667 1099 2697 23.
1127 2656 1163 2686 in
1192 2655 1298 2686 libros
1329 2653 1458 2692 saeros]
1489 2653 1538 2685 Cf.
1565 2653 1630 2694 Ep.
1671 2662 1764 2692 ¹400·

1050 2708 1089 2730 2—
1115 2723 1121 2729 .

1004 2710 1111 2783 3425?
1126 2741 1193 2773 Hic
1236 2739 1387 2778 iuuenis]
1432 2739 1592 2781 Possibly
1630 2739 1768 2771 Hovius

1003 2785 1083 2825 (Ep.
1110 2786 1184 2824 867.
1216 2786 1326 2824 177n)‚
1352 2784 1429 2815 who
1453 2783 1515 2815 left
1540 2783 1705 2814 Erasmus
1729 2788 1768 2814 at

1003 2838 1098 2859 some
1129 2829 1215 2859 time
1247 2828 1283 2858 in
1320 2837 1469 2868 1519—24
1502 2827 1571 2858 and
1605 2831 1697 2858 went
1730 2831 1767 2857 to

1003 2872 1108 2913 Italy.
1151 2871 1223 2902 The
1241 2871 1387 2902 absence
1406 2871 1441 2901 of
1459 2870 1528 2901 real
1546 2869 1766 2902 commenda-

1002 2916 1078 2946 tion
1106 2915 1185 2946 here
1212 2914 1354 2946 accords
1381 2914 1466 2946 with
1495 2914 1670 2946 Ernsmus'
1699 2914 1767 2945 dis-

1002 2958 1223 2990 satisfaction
1235 2958 1318 2989 with
1331 2958 1401 2989 him
1418 2958 1472 2998 (cf.
1487 2958 1552 2999 Ep.
1575 2967 1666 3001 1437.
1685 2967 1768 2989 102-

1007 3006 1048 3043 ς).
1099 3002 1159 3033 Soc
1175 3001 1248 3033 also
1266 3003 1328 3043 Ep.
1352 3003 1443 3041 1382
1462 3013 1515 3043 4¹¹·

1052 3047 1148 3079 1350.
1175 3057 1204 3079 2.
1231 3027 1433 3087 Augustinifi
1450 3046 1510 3077 Sec
1530 3057 1562 3087 p.
1589 3054 1659 3087 117.
