2012 3370
213 122 292 160 360
688 116 942 156 LETTERS
974 116 1046 155 OF
1075 116 1339 156 ERASMUS
1689 117 1811 165 [1523

133 247 197 279 310
213 229 526 268 recurrentibus
559 227 680 265 malis
712 239 798 264 non
831 229 1077 264 scrutantur
1108 225 1299 264 homines
1332 224 1560 277 prudentia
1592 237 1641 263 ac
1672 238 1811 264 rerum

215 297 293 322 vsu
319 283 538 334 pollentes,
566 281 721 332 quibus
746 294 798 319 ex
823 279 1015 318 fontibus
1040 280 1083 318 hi
1109 280 1321 319 tumultus
1346 278 1525 318 subinde
1551 283 1746 318 scateant
1769 280 1813 318 in

215 338 373 384 orbem,
406 341 456 376 vt
484 336 625 375 incisis
655 334 868 373 radicibus
898 334 1024 373 liceat
1054 335 1188 374 tantis
1218 334 1375 374 mederi
1406 333 1564 372 malis?
1624 332 1741 380 Quur
1770 334 1815 372 in

215 393 340 431 rebus
362 391 498 430 multo
520 389 748 429 leuioribus
770 393 861 428 tam
884 401 1030 427 sumus
1052 390 1325 440 perspicaces,
1349 390 1393 427 in
1414 401 1458 427 re
1480 387 1602 439 longe
1625 388 1813 426 omnium

216 447 465 498 grauissima
490 444 775 483 caecutientes
796 446 811 480 Υ
870 442 974 482 Mihi
1000 443 1170 482 videtur
1195 444 1383 482 maxima
1409 442 1614 481 bellorum
1640 454 1739 493 pars
1763 455 1815 480 ex

135 518 194 551 315
214 500 413 540 inanibus
447 499 611 550 aliquot
644 497 875 543 vocabulis,
910 497 1030 536 velut
1061 498 1106 536 in
1138 497 1383 537 alimoniam
1416 497 1629 535 humanae
1662 495 1816 547 gloriae

217 554 482 606 excogitatis,
515 553 641 593 oriri:
689 552 811 604 quasi
842 565 993 603 parum
1024 551 1154 591 fuerit
1184 552 1431 591 ambitionis
1460 552 1571 590 inter
1602 549 1815 596 mortales

217 610 297 648 nisi
331 609 453 647 nouis
486 607 624 647 titulis
658 606 864 646 aleremus
898 606 977 645 1100
1012 606 1184 653 1110111111,
1221 620 1273 646 ex
1307 619 1395 645 sese
1428 606 1607 644 nimium
1641 604 1818 656 gliscens

223 665 268 702 in
288 662 423 702 nobis.

273 717 352 756 His
394 721 525 768 atque
567 715 810 755 huiusmodi
853 715 1057 754 bellorum
1100 715 1314 754 radicibus
1356 715 1518 761 excisis,
1562 727 1649 753 non
1690 713 1820 752 fuerit

137 789 202 822 320
219 771 386 811 difficile
416 771 527 822 leges
557 772 673 822 pacis
703 771 814 809 inter
845 770 1106 809 Christianos
1136 770 1346 820 principes
1377 770 1551 815 sancire,
1584 781 1694 819 quae
1725 780 1817 818 pro-

219 826 414 865 hiberent
448 826 525 865 hos
559 824 772 864 tumultus
806 824 1039 863 identidem
1074 823 1408 874 repullulaseere.
1468 823 1562 862 Hac
1596 823 1667 861 via
1701 822 1821 861 fieret

220 884 270 920 vt
290 884 335 920 et
355 881 594 932 principum
615 892 716 930 opes
737 882 984 924 crescerent,
1007 877 1206 916 videlicet
1226 891 1300 929 per
1320 878 1552 916 amicitiam
1574 878 1660 915 iam
1680 876 1821 915 factae

221 948 479 981 communes,
518 938 562 973 et
598 934 678 972 sub
716 933 1023 972 florentissimis
1060 932 1300 971 monarchis
1337 932 1520 983 populus
1558 931 1821 971 Christianus

220 989 393 1028 amabili
414 1002 554 1028 rerum
575 987 889 1038 tranquillitate
909 986 1133 1025 frueretur.
1191 986 1258 1026 Sic
1278 986 1444 1025 faueret
1464 986 1587 1025 nobis
1607 985 1676 1024 ille
1698 997 1822 1024 verus

138 1062 198 1094 325
220 1045 355 1083 totius
385 1044 498 1082 orbis
527 1042 758 1081 monarcha
790 1041 1000 1080 Dominus
1035 1040 1167 1087 Iesus,
1192 1054 1343 1091 resque
1366 1045 1534 1080 nostras
1558 1040 1664 1079 bene
1688 1039 1820 1078 fortu-

221 1102 356 1137 naret.
414 1097 481 1137 Sic
510 1109 696 1136 essemus
719 1096 947 1135 Christiani
970 1096 1152 1134 nominis
1178 1095 1373 1134 hostibus
1395 1094 1684 1134 formidabiles
1705 1107 1712 1140 ;
1749 1093 1820 1132 ad-

222 1165 367 1191 uersus
386 1164 493 1202 quos
510 1164 624 1190 nunc
643 1163 764 1202 aegre
782 1154 954 1189 tuemur
971 1153 1131 1196 nostra,
1148 1153 1321 1188 tantum
1340 1149 1463 1188 abest
1481 1154 1531 1188 vt
1547 1149 1641 1188 illos
1658 1149 1824 1199 longius

221 1207 565 1245 submoueamus.
625 1205 880 1255 Quanquam
910 1217 987 1255 ego
1017 1204 1162 1242 malim
1192 1208 1236 1243 et
1264 1204 1357 1243 illos
1387 1204 1536 1255 corrigi
1565 1216 1695 1255 quam
1725 1202 1821 1241 sub-

222 1261 396 1300 moueri.
454 1260 537 1300 Sed
576 1261 649 1310 qui
688 1260 947 1310 corrigamus
986 1258 1102 1305 alios,
1143 1259 1178 1297 si
1216 1259 1375 1309 nosipsi
1413 1271 1559 1298 sumus
1597 1258 1679 1296 illis
1717 1270 1823 1308 pene

140 1333 205 1364 330
222 1315 400 1354 dixerim
444 1315 763 1365 corruptiores?
822 1314 919 1352 Non
962 1314 1074 1351 enim
1116 1314 1202 1351 iam
1246 1314 1425 1352 aestimo
1467 1313 1729 1352 Christianos
1771 1325 1822 1350 ex

223 1370 413 1409 articulis
445 1382 552 1419 quos
585 1382 655 1407 ore
688 1367 965 1419 profitemu1·;
1016 1380 1068 1405 ex
1102 1367 1290 1406 moribus
1323 1368 1515 1406 aestimo.
1573 1367 1824 1416 Vbicunque

222 1428 373 1475 regnat
401 1424 593 1469 ambitio,
624 1423 872 1461 diuitiarum
902 1434 1033 1468 amor,
1064 1422 1274 1472 superbia,
1303 1423 1380 1469 ira,
1410 1422 1614 1468 vindicta,
1645 1420 1824 1459 nocendi

223 1478 368 1524 libido,
391 1479 647 1528 interpretor
668 1476 813 1515 abesse
834 1475 961 1514 fidem
983 1476 1298 1526 Euangelicam.

278 1531 422 1578 Porro,
445 1544 578 1582 quum
599 1531 703 1569 haee
724 1530 813 1569 lues
835 1531 1084 1580 corripuerit
1104 1531 1235 1568 etiam
1255 1530 1348 1569 illos
1370 1543 1551 1581 quorum
1573 1530 1825 1581 praecipuae

141 1603 201 1635 335
224 1590 368 1637 partes
401 1590 523 1625 erant
555 1585 681 1624 rebus
715 1584 909 1635 collapsis
943 1584 1171 1631 consulere,
1207 1584 1364 1623 bonam
1397 1589 1544 1623 tamen
1577 1585 1824 1635 quampiam

225 1653 342 1691 spem
384 1640 487 1679 mihi
526 1639 704 1690 praebet
743 1638 860 1689 quod
899 1638 1069 1676 videam
1109 1651 1249 1677 sacras
1288 1638 1445 1686 literas,
1487 1638 1561 1677 sed
1601 1639 1825 1689 praecipue

224 1694 397 1733 Nouum
424 1694 761 1739 Testamentum,
783 1694 841 1731 810
868 1693 949 1730 teri
975 1692 1173 1731 manibus
1200 1694 1404 1739 omnium,
1424 1694 1554 1732 etiam
1580 1693 1825 1737 idiotarum,

226 1753 276 1787 vt
306 1749 350 1787 hi
382 1749 455 1799 qui
487 1748 729 1786 diuinorum
761 1746 1027 1785 voluminum
1059 1747 1280 1786 scientiam
1312 1747 1580 1798 profitentur,
1614 1759 1700 1786 non
1731 1759 1826 1785 raro

226 1804 312 1841 sint
348 1803 532 1854 impares
568 1803 613 1841 in
651 1814 888 1852 congressu
946 1801 1051 1839 Mihi
1088 1814 1189 1840 vero
1227 1801 1295 1840 vel
1330 1801 1436 1840 illud
1473 1805 1725 1853 argumento
1762 1804 1828 1839 est

145 1872 209 1906 340
227 1870 252 1895 a
274 1857 466 1908 plurimis
487 1857 568 1908 legi
590 1856 703 1895 Noui
725 1856 989 1894 Testamenti
1010 1855 1153 1902 libros,
1177 1856 1293 1907 quod
1315 1869 1449 1907 quum
1471 1860 1540 1895 tot
1561 1856 1826 1894 voluminum

227 1911 343 1950 milia
372 1911 546 1962 singulis
576 1911 698 1949 annis
727 1911 771 1948 in
800 1910 1019 1961 publicum
1049 1911 1253 1949 emittant
1281 1910 1553 1962 typographi,
1584 1914 1731 1949 tamen
1760 1913 1828 1948 tot

227 1965 418 2004 officinae
437 1978 523 2004 non
543 1965 759 2004 sufficiunt
778 1968 1020 2015 emptorum
1040 1964 1254 2004 auiditati.
1312 1965 1546 2004 Vendibilis
1565 1964 1690 2003 hodie
1710 1977 1827 2002 merx

227 2024 304 2066 est,
344 2019 548 2070 quicquid
585 2019 759 2058 molitur
796 2018 948 2069 aliquis
984 2020 1029 2057 111
1067 2019 1361 2070 Euangelium.
1418 2019 1516 2058 Non
1553 2019 1712 2070 poterit
1749 2018 1828 2057 hoc

228 2074 505 2124 pharmacum
541 2077 633 2112 tam
669 2073 818 2112 efficax
853 2073 982 2111 semel
1017 2073 1221 2112 haustum
1254 2087 1341 2112 non
1374 2087 1542 2113 exerere
1572 2074 1660 2112 Vim
1691 2085 1825 2112 suam.

147 2144 205 2177 345
229 2128 383 2178 Itaque
411 2128 514 2166 mihi
541 2140 654 2166 1111110
682 2127 867 2165 mundus
894 2140 981 2166 non
1009 2127 1131 2166 aliter
1158 2127 1338 2167 affectus
1365 2128 1536 2167 videtur
1563 2140 1693 2178 quam
1722 2127 1829 2166 solet

229 2195 381 2233 corpus
408 2182 591 2220 hominis
618 2181 819 2233 grauibus
847 2181 1005 2220 morbis
1033 2182 1278 2229 obnoxium,
1308 2182 1515 2221 deuorato
1543 2182 1725 2221 elleboro
1753 2185 1830 2220 aut

230 2236 312 2275 alio
347 2237 550 2287 quopiam
585 2236 798 2286 praesenti
832 2235 1091 2286 pharmaco:
1143 2240 1286 2275 totum
1321 2238 1433 2276 enim
1470 2237 1752 2276 conturbatur
1786 2239 1830 2274 et

230 2291 485 2337 concutitur,
511 2303 638 2341 saepe
670 2290 876 2328 morituro
909 2289 1183 2329 simillimum.
1240 2291 1384 2342 Atque
1409 2293 1575 2330 vtinam
1606 2291 1685 2330 hoc
1710 2303 1827 2329 vera-

231 2348 345 2383 trum
377 2344 695 2395 Euangelicum,
730 2347 1010 2395 posteaquam
1048 2344 1176 2383 semel
1205 2345 1473 2384 collustrauit
1505 2359 1554 2384 ac
1587 2345 1831 2396 penetrauit

149 2415 213 2447 350
231 2412 376 2438 01111108
393 2400 524 2438 01111111
541 2399 676 2437 nostri
692 2411 836 2444 venaS,
856 2399 914 2437 sie
931 2402 1130 2449 erumpat
1146 2402 1196 2437 vt
1212 2400 1356 2438 eiectis
1373 2400 1581 2438 malorum
1599 2398 1830 2438 seminibus

230 2465 355 2492 sanos
386 2466 434 2492 00
465 2465 593 2504 puros
623 2465 700 2491 nos
729 2453 932 2491 restituat
961 2452 1059 2491 Iesu
1089 2452 1269 2500 Christo,
1301 2457 1483 2504 postque
1513 2457 1661 2492 tantos
1689 2465 1830 2491 rerum

230 2507 443 2546 tumultus
468 2520 517 2546 ae
543 2507 739 2546 morbum
765 2507 878 2546 orbis
902 2519 1010 2558 pene
1035 2506 1318 2558 deploratum,
1344 2508 1502 2547 laetam
1528 2512 1572 2547 et
1597 2506 1830 2559 optabilem

230 2562 589 2612 tranquillitatem
610 2561 788 2600 reducat
809 2561 1006 2600 omnibus
1026 2561 1033 2599 1

285 2615 419 2667 Magis
444 2620 590 2655 autem
615 2617 818 2667 sperarim
843 2615 946 2654 haec
971 2615 1143 2666 publica
1167 2615 1375 2656 bonorum
1401 2618 1591 2656 omnium
1616 2620 1720 2655 vota
1744 2628 1830 2654 non

150 2685 210 2717 355
230 2670 350 2709 irrita
370 2670 472 2717 fore,
494 2671 530 2709 si
549 2671 753 2721 primates
774 2670 899 2717 orbis,
922 2670 1055 2709 veluti
1075 2670 1151 2709 fidi
1170 2671 1335 2719 medici,
1357 2672 1416 2710 sic
1435 2671 1649 2711 laboranti
1669 2670 1830 2709 mundo

233 2728 382 2763 curent
414 2725 585 2770 adesse;
624 2725 703 2763 hoc
736 2728 801 2763 est
836 2725 869 2763 si
906 2724 1174 2772 monarchae,
1208 2725 1261 2764 de
1293 2739 1475 2777 quorum
1509 2725 1684 2765 arbitrio
1716 2737 1829 2764 nunc

233 2779 501 2828 potissimum
532 2778 721 2829 pendent
751 2791 816 2817 res
848 2778 1106 2826 mortalium,
1139 2781 1409 2820 meminerint
1439 2793 1529 2820 sese
1560 2780 1678 2819 breui
1711 2778 1830 2829 (quid

278 2891 351 2924 337.
374 2881 581 2921 idiotarum]
598 2882 647 2914 Cf.
667 2882 732 2924 Ep.
754 2892 847 2924 1153.
869 2892 880 2914 1
886 2892 965 2923 7111.
1063 2882 1117 2914 his
1143 2883 1228 2914 New
1253 2882 1459 2914 Testament
1487 2881 1558 2914 and
1582 2881 1827 2923 paraphrases,

277 2933 351 2966 342.
376 2924 585 2964 Vendibilis]
628 2926 697 2957 For
739 2926 812 2958 this
853 2925 996 2958 notable
1064 2925 1151 2957 both
1180 2927 1217 2958 in
1248 2926 1454 2958 authorized
1477 2925 1549 2957 and
1573 2925 1827 2957 unauthorized

233 2969 425 2999 statement
436 2968 478 3000 cf.
492 2968 557 3009 Ep.
575 2977 669 3009 1349.
685 2977 785 3010 23-4.
831 2970 996 3001 Erasmus
1062 2969 1225 3001 editions.
1273 2970 1335 3002 See
1361 2970 1460 3001 BEr1.
1487 2968 1556 3000 and
1582 2968 1625 3000 ef.
1653 2968 1717 3010 Ep.
1744 2977 1828 3000 1010

235 3010 305 3042 had
323 3011 438 3052 ample
461 3012 596 3052 ground
615 3012 670 3043 sor
687 3012 717 3043 it
740 3013 775 3044 in
793 3013 852 3045 the
874 3013 944 3044 sale
962 3012 996 3044 of
1064 3012 1192 3044 introd.
