2012 3370
251 120 331 158 466
723 116 977 155 LETTERS
1008 115 1080 155 OF
1109 115 1372 155 ERASMUS
1719 116 1841 166 [1524

252 228 512 273 Borboritac,
555 226 749 276 Ophitac,
798 224 1056 269 Basilidiani,
1102 224 1349 270 Manichaei,
1398 229 1441 262 et
1489 224 1639 262 horum
1685 225 1841 263 similes

252 282 462 327 haeretici,
521 281 723 331 quoniam
779 282 1026 329 portentosa
1083 278 1292 328 quaedam
1349 277 1635 328 sequebantur
1679 279 1841 317 somnia

253 337 390 375 verius
423 347 552 385 quam
587 334 801 384 dogmata,
832 336 877 372 et
908 333 1126 370 intantum
1160 345 1186 370 a
1218 332 1373 371 diuinis
1407 332 1678 370 abhorrentia
1711 332 1841 370 literis

252 394 301 429 vt
326 403 377 428 ne
404 402 500 428 cum
527 401 649 426 sensu
678 387 849 438 quidem
877 387 1088 425 communi
1117 386 1432 432 concordarent,
1453 385 1576 424 facile
1596 398 1671 425 ceu
1691 390 1841 437 suapte

192 458 230 489 35
251 447 401 494 sponte
440 445 762 481 consenuerunt.
821 440 1042 480 Caeterum
1076 440 1328 480 Arianorum
1362 440 1544 479 haeresis
1581 440 1843 479 communita

249 498 393 543 literis,
429 510 477 535 ac
510 496 678 535 diuinae
712 508 880 546 quoquc
920 494 1160 545 Scripturac
1199 495 1479 541 validissimis,
1514 498 1564 533 vt
1602 494 1841 540 videbatur,

251 553 350 590 nixa
386 550 618 602 praesidiis,
655 551 825 600 insuper
861 550 1164 600 imperatorum
1202 562 1251 588 ac
1283 550 1473 600 gentium
1507 548 1655 587 adiuta
1691 547 1845 587 studiis

251 604 497 656 opibusque,
543 604 902 655 periculosissimis
947 616 1086 642 rerum
1140 603 1326 642 motibus
1372 602 1651 641 labefactauit
1697 601 1842 641 orbem

251 660 564 706 Christianum3
602 660 819 698 intantum
848 661 898 696 vt
925 657 998 696 diu
1027 661 1137 696 esset
1164 658 1208 697 in
1242 657 1372 696 dubio
1404 661 1502 696 vtro
1535 669 1578 695 se
1610 655 1844 696 inflecteret

188 729 232 760 40
251 714 460 753 Ecclesiae
476 714 720 765 synceritas,
738 716 783 752 et
797 712 927 751 factio
943 711 1206 763 schismaque
1222 716 1332 751 esset
1347 712 1486 750 verius
1502 723 1630 762 qua-m
1647 711 1841 757 haeresis,

250 768 365 819 quod
398 768 627 807 aduersarii
655 779 830 806 numero
858 778 988 818 prope
1021 778 1143 817 pares
1175 771 1327 813 essent,
1357 765 1600 817 eloquentia
1633 765 1843 804 doctrina-

249 836 331 874 que
357 823 601 873 superiores.

305 877 368 916 Ea
394 877 524 928 pestis
550 876 725 915 tandem
752 880 968 925 vtcunquc
995 875 1134 925 sopita
1160 887 1325 913 rursum
1352 876 1396 913 in
1423 874 1670 926 Origenistis
1694 878 1843 913 renata

250 935 327 979 est,
352 935 520 970 mutato
542 932 712 970 nomine
735 930 808 969 sed
830 929 943 968 idem
967 929 1139 975 malum,
1163 929 1244 967 nisi
1266 929 1382 979 quod
1403 930 1573 980 grauius
1593 942 1601 967 ε
1640 928 1841 979 quemad-

189 1001 230 1033 45
250 985 425 1025 modum
459 985 565 1024 solet
599 983 770 1023 morbus
803 996 1019 1022 recurrens
1052 995 1123 1021 eos
1157 983 1227 1034 qui
1263 982 1515 1029 reciderunt,
1550 981 1844 1022 inclementius

250 1053 449 1091 premere.
509 1039 666 1079 Contra
695 1042 905 1078 certatum
935 1041 1001 1076 est
1029 1038 1180 1076 acriter
1209 1036 1382 1088 synodis
1411 1049 1460 1076 ac
1489 1036 1681 1084 decretis,
1712 1041 1843 1088 atque

249 1095 379 1133 etiam
417 1093 620 1144 symbolis
657 1093 878 1138 sexcentis,
918 1091 1252 1142 haudquaquam
1290 1091 1520 1142 aptissimis
1558 1103 1652 1130 meo
1688 1090 1844 1130 iudicio

250 1147 468 1199 praesidiis
485 1147 539 1186 ad
556 1147 761 1186 haeresim
778 1145 1114 1197 opprimendam,
1131 1146 1211 1184 nisi
1227 1158 1292 1184 res
1309 1145 1363 1184 ab
1380 1146 1612 1184 autoritate
1628 1145 1813 1197 pendeat
1832 1158 1842 1184 ε

250 1202 407 1253 alioqui
428 1214 513 1253 quo
534 1201 628 1252 plus
649 1205 714 1240 est
734 1200 998 1252 dogmatum,
1021 1200 1099 1238 hoc
1121 1199 1288 1239 vberior
1308 1203 1373 1239 est
1393 1199 1628 1239 haeresium
1650 1200 1841 1239 materia.

190 1272 232 1305 50
251 1256 309 1295 Et
334 1269 554 1307 nunquam
582 1255 665 1294 fuit
691 1256 903 1306 syncerior
930 1255 1167 1305 castiorque
1195 1254 1433 1293 Christiana
1459 1253 1563 1292 fides
1589 1267 1719 1306 quam
1746 1266 1843 1293 cum

251 1323 335 1349 vno
361 1310 433 1349 illo
460 1323 594 1361 eoque
621 1309 868 1348 breuissimo
896 1308 1089 1360 symbolo
1117 1312 1342 1348 contentus
1369 1312 1480 1348 esset
1506 1307 1631 1348 orbis.
1687 1308 1746 1347 At
1771 1307 1844 1347 illa

251 1369 392 1404 aetate
408 1366 452 1403 in
470 1364 628 1403 chartis
643 1368 735 1403 erat
754 1363 858 1402 fides
877 1364 1020 1414 potius
1037 1375 1166 1414 quam
1183 1363 1227 1402 in
1244 1363 1386 1402 animo
1406 1375 1414 1410 ;
1448 1375 1497 1401 ac
1513 1375 1620 1414 pene
1636 1366 1705 1402 tot
1721 1366 1843 1401 erant

251 1418 444 1470 symbola
474 1422 581 1469 quot
610 1417 878 1469 professores.
936 1417 1241 1456 Admiscebant
1271 1429 1359 1456 sese
1389 1416 1514 1456 rebus
1545 1417 1669 1463 hisce,
1701 1417 1764 1455 ita
1794 1421 1844 1456 vt

252 1473 313 1520 fit,
330 1474 501 1524 priuata
516 1473 735 1511 hominum
752 1472 907 1519 studia,
925 1475 969 1510 et
984 1470 1063 1511 sub
1080 1470 1177 1510 fidei
1192 1475 1418 1522 praetextu
1434 1472 1589 1522 impiae
1605 1471 1844 1510 simultates

191 1544 228 1577 55
250 1527 567 1567 exercebantur.
634 1526 721 1565 Nec
759 1526 874 1564 aliud
912 1525 1071 1564 malum
1108 1526 1280 1576 propius
1316 1526 1360 1564 in
1397 1525 1628 1576 periculum
1662 1525 1844 1564 adduxit

252 1582 367 1621 Petri
396 1581 538 1620 sedem
568 1581 773 1620 hactenus
803 1592 967 1631 semper
995 1581 1231 1619 intactam:
1279 1592 1407 1630 quam
1438 1581 1473 1618 si
1502 1592 1587 1618 non
1617 1579 1841 1626 subuertit,

251 1640 363 1675 certe
389 1636 601 1674 concussit
625 1647 673 1673 ac
698 1634 988 1673 labefactauit.
1042 1633 1154 1672 Nam
1179 1633 1258 1672 sub
1284 1633 1488 1672 Pontifice
1513 1633 1679 1672 Liberio
1705 1633 1843 1672 Roma

251 1703 337 1729 non
363 1690 535 1728 omnino
560 1688 692 1727 libera
718 1692 810 1727 erat
837 1688 891 1726 ab
918 1688 1171 1726 Arianorum
1198 1700 1362 1734 errore;
1405 1692 1450 1726 et
1475 1687 1554 1726 sub
1582 1687 1843 1738 Imperatore

251 1744 499 1783 Constantio
516 1756 667 1794 parum
686 1746 929 1781 constanter
946 1755 989 1780 se
1005 1743 1146 1781 tenuit
1161 1743 1205 1780 in
1222 1746 1344 1793 petra
1361 1743 1427 1780 cui
1443 1742 1641 1780 innititur
1658 1741 1845 1781 Ecclesia

190 1808 233 1839 60
251 1797 479 1837 Catholica.
529 1797 803 1836 Potissimum
823 1800 967 1835 autem
988 1796 1052 1835 his
1072 1795 1193 1835 malis
1212 1795 1458 1847 agitabatur
1479 1795 1624 1835 Oriens
1645 1800 1688 1835 et
1708 1797 1844 1835 omnis

250 1852 453 1899 Graecia;
499 1864 608 1903 quae
638 1864 723 1902 quo
753 1852 886 1902 magis
915 1850 1092 1889 fauebat
1122 1850 1311 1901 Origenis
1338 1851 1518 1901 ingenio,
1550 1850 1628 1889 hoc
1657 1851 1843 1901 iniquius

250 1906 414 1946 ferebat
446 1907 525 1945 viri
557 1905 899 1956 incomparabilis
932 1905 1125 1944 damnari
1157 1905 1372 1956 dogmata,
1407 1904 1767 1955 quemadmodum
1800 1906 1842 1944 in

250 1961 521 2000 vehementer
541 1960 743 1999 adamato
765 1972 936 2011 corpore
956 1971 1264 2010 nonnunquam
1285 1959 1455 2010 placent
1474 1963 1519 1998 et
1539 1960 1658 1997 vitia.

305 2015 431 2054 Hisce
464 2014 590 2053 rebus
623 2015 682 2053 sic
716 2015 903 2065 agitatus
937 2018 1002 2052 est
1034 2018 1178 2052 noster
1212 2013 1497 2064 Hieronymus
1531 2017 1581 2052 vt
1614 2025 1690 2052 nec
1724 2012 1843 2052 sedes

190 2080 230 2119 65
252 2070 397 2120 quieta
436 2068 608 2107 daretur
646 2081 840 2119 vsquam,
880 2081 957 2106 nec
996 2067 1234 2107 studiorum
1273 2069 1364 2106 ocio
1402 2067 1485 2106 frui
1523 2067 1681 2107 liceret.
1749 2066 1842 2106 Iam

251 2122 410 2161 Ruffini
437 2135 565 2174 opera
589 2123 633 2161 in
659 2122 877 2161 haereseos
903 2123 1034 2161 etiam
1060 2123 1340 2173 suspicionem
1367 2126 1411 2161 et
1436 2121 1692 2161 calumniam
1719 2134 1841 2161 voca-

250 2177 390 2224 batur,
416 2176 531 2228 quod
556 2176 655 2215 olim
682 2176 870 2227 Origenis
893 2177 1060 2228 ingenio
1084 2176 1319 2215 delectatus
1343 2176 1554 2227 quaedam
1577 2175 1689 2215 illius
1711 2175 1841 2215 tradi-

249 2231 380 2270 disset
403 2230 566 2269 Latinis
589 2230 774 2277 auribus,
798 2243 873 2269 nec
896 2230 940 2269 id
962 2232 1050 2269 sine
1073 2230 1197 2269 laude
1219 2231 1392 2269 autoris.
1443 2230 1585 2281 Atque
1608 2230 1687 2269 hoc
1710 2231 1843 2281 magis

250 2284 428 2337 patebat
453 2284 790 2324 obtrectatorum
816 2283 1037 2331 morsibus,
1065 2284 1180 2335 quod
1205 2284 1492 2336 polygraphus
1517 2288 1640 2323 esset.
1695 2284 1841 2323 Excel-

189 2358 232 2391 70
249 2340 380 2379 lentia
419 2338 637 2378 doctrinae
676 2338 938 2390 prouocabat
977 2339 1211 2385 inuidiam3
1268 2339 1425 2377 multos
1464 2338 1710 2378 offendebat
1747 2351 1842 2377 rara

250 2395 364 2433 vitae
394 2394 609 2441 seueritas,
640 2393 779 2444 plures
807 2394 851 2432 in
879 2392 1233 2444 reprehendendis
1261 2392 1481 2431 hominum
1510 2393 1626 2432 vitiis
1653 2392 1840 2432 libertas.

250 2448 407 2487 Amara
438 2448 595 2487 veritas
625 2451 719 2494 est;
765 2451 810 2486 et
840 2448 1030 2498 quisquis
1060 2446 1138 2486 sibi
1171 2446 1279 2486 male
1311 2447 1500 2486 conscius
1530 2450 1608 2494 est,
1641 2459 1684 2485 se
1714 2451 1842 2498 putat

250 2506 477 2541 attactum.
541 2501 620 2540 His
653 2501 778 2540 rebus
812 2501 975 2540 factum
1010 2505 1075 2540 est
1109 2505 1159 2540 vt
1193 2502 1458 2540 sanctissimo
1492 2501 1585 2540 viro
1618 2513 1752 2552 vsque
1786 2500 1841 2539 ad

249 2561 487 2595 extremum
522 2557 637 2595 vitae
672 2556 784 2595 diem
818 2555 1095 2607 pugnandum
1129 2555 1258 2595 fuerit
1292 2568 1389 2594 cum
1423 2560 1593 2595 excetra
1626 2554 1841 2600 inuidiae;

189 2629 230 2662 75
250 2623 358 2661 quae
378 2611 436 2649 sic
455 2612 499 2649 in
517 2609 637 2649 illum
656 2614 700 2649 et
718 2610 871 2661 linguis
890 2614 935 2649 et
954 2609 1125 2648 calamis
1145 2609 1406 2648 debacchata
1425 2613 1502 2656 est,
1524 2614 1574 2648 vt
1592 2609 1750 2648 fuerint
1769 2611 1843 2660 qui

250 2666 480 2715 sparserint
493 2664 718 2715 epistolam
733 2664 852 2703 velut
867 2663 922 2702 ab
938 2663 1198 2715 Hieronymo
1214 2664 1429 2715 scriptam,
1444 2664 1489 2703 in
1504 2676 1590 2714 qua
1603 2663 1841 2715 deploraret

250 2718 364 2769 quod
384 2718 613 2770 aliquando
635 2718 823 2770 Origenis
842 2731 1023 2757 errorem
1043 2722 1248 2769 sequutus
1267 2722 1389 2757 esset.

249 2835 419 2869 followers
441 2838 477 2870 of
497 2849 518 2869 a
540 2838 716 2880 Phrygian
738 2842 897 2879 peasant‚
918 2838 1014 2870 Mon-
1077 2838 1216 2870 Jerome
1233 2837 1312 2869 ibid.

250 2883 366 2917 tanus,
393 2881 430 2912 in
454 2882 533 2914 ii0.:
573 2882 775 2914 mentioned
802 2882 850 2923 by
875 2882 1016 2914 Jerome
1167 2880 1333 2923 Ophitae]
1349 2881 1410 2913 See
1428 2881 1493 2922 Ep.
1516 2889 1607 2920 1232.
1626 2882 1680 2918 63.

252 2922 289 2953 in
303 2922 376 2954 Gal.
389 2933 419 2954 2.
437 2934 465 2964 3.
1165 2922 1384 2963 Basilidiani]
1398 2924 1462 2957 See
1477 2923 1542 2965 Ep.
1563 2931 1656 2964 1232.
1672 2923 1752 2954 61n.

297 2974 348 3005 31.
374 2966 596 3005 Borboritae]
619 2968 649 3000 A
673 2979 776 3000 name
798 2968 903 3010 given
927 2972 965 3000 to
994 2979 1015 2999 a
1121 2969 1173 3007 63.
1199 2966 1303 3007 vitia]
1319 2966 1369 2999 cf.
1388 2967 1472 2999 Hor.
1490 2967 1526 2998 S.
1549 2975 1574 2997 1.
1596 2974 1624 3006 3.
1644 2967 1764 3006 38-40.

250 3010 382 3042 Section
414 3009 450 3042 of
478 3010 537 3042 the
569 3011 698 3051 Ophite
729 3011 913 3043 Gnostics:
957 3021 1014 3043 see
1121 3013 1174 3049 69.
1200 3009 1451 3052 polygraphus]
1468 3008 1517 3041 Cf.
1537 3008 1601 3050 Ep.
1620 3017 1695 3041 221.
1717 3010 1793 3048 36n.
