2033 3395
142 163 265 213 1260]
614 163 774 202 FROM
802 162 980 202 JACOB
1011 161 1262 201 ZIEGLER
1688 166 1734 202 19

137 272 331 324 Collegio‚
364 272 566 324 quoniam
596 271 701 310 illud
731 271 950 311 intermori
980 284 1067 310 non
1098 275 1254 322 potest.
1312 271 1507 311 Codicem
1539 286 1616 323 ego
1648 273 1737 312 vicli

139 327 427 366 concreditum
447 327 491 365 in
512 330 681 377 tempus
703 325 864 365 Simoni
883 325 1099 372 Sunfeldo,
1122 325 1286 364 doctori
1307 326 1553 373 medicinae,
1575 327 1737 366 homini

140 381 348 428 Hebraea,
379 381 539 421 Graeca
567 385 611 419 et
639 380 793 419 Latina
820 380 964 431 lingua
992 379 1119 418 docto
1148 384 1192 419 et
1211 380 1279 420 cui
1307 384 1372 419 est
1400 380 1455 419 ad
1475 381 1734 432 Capnionem

137 440 330 474 nostrum
347 435 525 486 antiqua
540 434 819 473 familiaritas.
878 434 1036 481 HabeS,
1054 434 1242 481 Erasme,
1260 434 1416 474 indicia
1431 435 1586 486 quibus
1603 435 1735 475 codex
1755 446 1799 481 30

137 490 362 540 indagetur
381 503 389 536 ;
452 489 604 540 dignus
649 489 722 540 qui
769 489 884 527 omni
930 488 1151 540 diligencia
1196 489 1479 540 perquiratur,
1527 489 1735 541 siquidem

137 543 315 582 Pontius
332 544 376 582 in
393 544 472 582 hoc
491 547 740 595 argumento
759 556 935 594 magnos
953 547 1159 589 auctores,
1179 543 1431 591 Cornelium,
1450 543 1736 583 Athanasium

137 601 213 636 aut
231 597 539 649 Hieronymum
558 601 810 648 assequutus
827 601 905 636 est.
963 597 1196 648 Plynianae
1213 597 1413 637 historiae
1430 597 1486 636 ad
1502 598 1735 638 Vesuuium

136 653 387 703 passionem,
411 653 447 691 si
467 656 517 691 tu
540 653 618 691 hoc
641 652 819 691 verbum
842 651 1048 698 admittis,
1072 652 1257 690 numeris
1280 652 1477 691 omnibus
1498 654 1735 704 expressit,
1727 667 1734 674 ·

136 706 356 758 malusque
385 707 531 758 genius
559 706 619 745 illi
649 706 848 745 meritum
877 705 1096 768 rependat,
1128 706 1203 757 qui
1232 707 1431 757 martyris
1461 710 1506 746 et
1535 707 1735 746 historiae
1756 719 1795 753 35

135 760 388 812 dignitatem
415 760 471 800 ad
495 760 638 800 sordes
664 760 831 807 abiecit,
858 760 1049 812 quibus
1038 773 1128 811 ipse
1152 761 1402 811 inquinatus
1427 765 1520 800 erat
1544 762 1736 812 impurus

135 815 374 854 deflorator.
434 814 558 863 Quod
592 815 725 854 scelus
760 792 881 854 Gallo
915 815 1096 866 imputo.
1155 814 1272 854 Haec
1307 815 1419 854 enim
1454 828 1555 867 gens
1588 816 1736 867 inepta

134 869 322 921 quadam
350 870 613 921 ingeniorum
644 869 699 908 ad
728 873 892 909 veteres
922 869 1198 908 contencione
1226 882 1301 920 per
1329 882 1454 909 omne
1482 869 1735 909 erudicionis

136 936 267 975 genus
292 923 466 963 idoneos
492 928 686 963 auctores
712 937 798 962 vna
817 924 1132 974 conspiracione
1158 923 1226 962 vel
1251 923 1447 963 funditus
1467 924 1641 963 sustulit
1665 924 1735 964 vel

135 978 306 1018 indocte
349 978 586 1025 deflorauit,
622 978 689 1017 vel
725 978 893 1017 illorum
937 978 1075 1017 titulis
1118 977 1318 1017 scelerate
1363 978 1497 1017 abusa
1539 979 1734 1018 indoctas
1752 991 1797 1023 40

135 1032 303 1072 fabulas
343 1037 388 1072 et
427 1032 596 1072 Hiberis
642 1033 777 1072 neniis
823 1033 1069 1084 nugaciores
1115 1036 1261 1071 nostro
1308 1034 1491 1084 tempori
1534 1033 1733 1073 obtrusit.

136 1087 188 1126 In
204 1086 276 1126 illo
294 1087 482 1138 legitimo
501 1087 731 1138 exemplari
749 1090 814 1126 est
830 1087 961 1134 locus,
993 1086 1003 1103 ‘
1021 1086 1154 1127 Stetit
1171 1086 1226 1126 ad
1243 1087 1399 1126 lineam
1415 1087 1438 1126 '.
1497 1087 1586 1135 Ille,
1606 1088 1736 1127 toties

133 1141 243 1188 dico,
273 1141 501 1181 deflorator
528 1142 730 1192 reposuit,
764 1141 773 1156 ‘
791 1141 923 1182 Stetit
950 1142 995 1180 in
1022 1140 1181 1180 lineis'.
1240 1141 1299 1180 Et
1326 1141 1517 1192 profecto
1536 1155 1623 1181 non
1652 1142 1736 1181 alio

133 1195 226 1235 loco
263 1196 416 1235 iustius
455 1195 627 1235 dabitur
665 1196 793 1235 errori
831 1195 968 1235 venia.
1026 1195 1261 1247 Postquam
1300 1196 1409 1235 enim
1451 1196 1736 1247 superioribus

135 1250 326 1289 vestibus
346 1250 604 1302 Cyprianum
624 1254 801 1289 exutum
821 1250 992 1301 legerat,
1012 1250 1072 1289 rei
1091 1250 1397 1301 consequencia
1414 1250 1500 1290 fere
1519 1251 1735 1290 inuitabat
1752 1265 1793 1296 45

137 1308 186 1343 vt
208 1317 306 1344 eum
328 1305 374 1343 in
395 1304 515 1344 lineis
538 1304 802 1356 produceret.
861 1304 1017 1344 Verum
1041 1304 1121 1343 hoc
1144 1305 1327 1351 tenuius,
1353 1318 1449 1344 cum
1473 1306 1587 1356 prior
1610 1305 1734 1345 lectio

136 1371 260 1398 suum
278 1362 322 1398 et
341 1371 588 1411 germanum
604 1358 771 1410 pondus
787 1362 940 1405 seruet,
962 1358 1324 1409 quemadmodum
1344 1359 1455 1398 inter
1474 1363 1617 1398 sontes
1635 1359 1732 1399 alle-

134 1416 260 1464 gatus
279 1417 444 1464 martyr
463 1413 717 1464 supplicium
738 1412 883 1452 ordine
904 1416 1107 1452 euocatus
1127 1413 1334 1464 excoepit.
1393 1413 1486 1453 Hoc
1508 1413 1735 1453 admonere

133 1467 273 1515 libuit,
294 1471 345 1507 vt
363 1467 456 1507 loco
477 1480 696 1507 censuram
717 1480 793 1518 pro
814 1471 890 1506 tuo
910 1467 1066 1507 iudicio
1087 1467 1303 1507 adhibeas.

190 1521 353 1573 Operae
370 1522 559 1574 precium
576 1521 763 1569 foeneris,
785 1522 961 1561 Erasme
979 1522 1154 1574 optime,
1174 1522 1209 1560 si
1227 1525 1304 1561 tua
1323 1525 1368 1561 et
1385 1522 1583 1562 Frobenii
1601 1523 1736 1562 nostri
1755 1535 1796 1569 50

133 1589 235 1615 cura
255 1576 428 1616 duceres
449 1576 711 1628 vulgandum
732 1577 953 1628 quippiam
975 1577 1043 1616 cui
1064 1576 1119 1615 ad
1140 1576 1357 1615 cumulum
1379 1576 1522 1616 deesse
1543 1578 1733 1625 sentires,

134 1631 215 1681 <si>
234 1631 300 1670 hic
321 1630 574 1671 desiderium
589 1635 714 1670 tuum
735 1631 789 1670 ab
809 1631 989 1682 epistola
1008 1634 1086 1670 tua
1104 1631 1275 1682 publica
1295 1631 1432 1670 multo
1452 1635 1552 1671 ante
1572 1632 1733 1671 studio·

134 1685 190 1724 sis
210 1684 456 1725 declarares.
504 1686 738 1737 Reperires,
760 1698 895 1737 spero,
917 1685 971 1725 ab
990 1685 1258 1737 inexplorato
1278 1685 1432 1737 angulo
1452 1686 1734 1738 prodeuntem

137 1739 366 1779 candidum
386 1740 570 1791 aliquem
590 1741 664 1791 qui
683 1753 760 1779 vos
779 1740 954 1780 leuaret.

189 1794 401 1846 Descripsi
427 1795 527 1833 olim
555 1795 803 1845 Ratisponti
829 1808 881 1834 ex
908 1794 1168 1834 bibliotheca
1194 1795 1245 1834 ad
1276 1795 1594 1834 Emmeramum
1622 1808 1733 1834 com·
1754 1809 1791 1842 55

134 1849 343 1888 mentaria
363 1849 452 1888 diui
472 1849 722 1900 Hieronymi
741 1850 785 1887 in
805 1849 1028 1900 epistolam
1049 1848 1105 1887 ad
1125 1848 1343 1888 Galathas.
1401 1849 1575 1888 Memini
1595 1849 1734 1889 adhuc

132 1902 269 1942 multa
289 1903 403 1942 illhio
424 1904 535 1943 inter
556 1904 683 1942 inicia
703 1904 797 1954 legi,
820 1917 931 1954 quae
950 1904 995 1942 in
1016 1903 1201 1955 vulgatis
1222 1903 1339 1942 libris
1360 1902 1528 1942 desunt.
1586 1904 1734 1943 Eciam

131 1957 176 1996 in
210 1958 525 1997 commentariis
558 1958 603 1997 in
635 1958 905 1998 Matthaeum
940 1957 1130 1997 desidero
1165 1957 1339 2009 aliquid,
1375 1957 1492 2009 quod
1524 1962 1632 2009 puto
1666 1971 1733 1997 me

135 2063 156 2084 a
180 2053 375 2093 collection,
399 2054 470 2086 and
494 2058 532 2087 to
557 2055 671 2087 whom
695 2055 738 2087 he
763 2055 899 2088 erected

137 2107 158 2128 a
192 2101 397 2130 monument
431 2099 466 2131 in
499 2099 560 2131 the
593 2099 828 2131 Kreuzkirche
861 2102 900 2131 at

137 2140 281 2172 Breslau
314 2142 350 2173 in
387 2150 479 2183 1509.
536 2143 605 2174 For
636 2142 690 2174 his
722 2142 901 2175 historical

136 2184 299 2216 interests
339 2195 396 2216 sec
439 2185 503 2227 Ep
547 2188 613 2227 850
655 2186 782 2219 introd.
848 2187 898 2219 To

136 2226 314 2259 vadianus
338 2227 382 2260 he
406 2196 494 2261 lentp
505 2230 594 2261 from
620 2229 680 2261 the
705 2229 837 2270 library
861 2233 899 2262 at
968 2229 1081 2262 where
1102 2231 1147 2262 its
1168 2231 1277 2272 origin
1299 2231 1327 2263 is
1347 2230 1422 2263 said
1444 2234 1482 2263 to
1504 2231 1578 2263 be‘
1592 2242 1679 2273 prop
1656 2236 1734 2273 pter

137 2271 280 2303 Breslau
306 2281 327 2303 a
353 2281 409 2304 MS.
439 2273 475 2304 of
501 2273 537 2305 L.
566 2272 699 2305 Valla's
723 2274 773 2305 De
801 2273 900 2305 libero
968 2273 1183 2315 prodigiosas
1203 2274 1449 2307 maleficiorum
1471 2275 1609 2307 fabulas
1629 2276 1733 2318 vulgo

135 2314 273 2346 arbitrio
295 2315 330 2347 in
356 2316 438 2356 1516
462 2316 548 2356 (VE.
573 2319 612 2348 ει.
641 2319 705 2357 11).
751 2317 899 2349 Ursinus
968 2317 1152 2350 iazctatas

136 2357 253 2390 Velius
276 2358 354 2399 (Ep.
381 2361 451 2400 548.
476 2362 536 2400 4n)
558 2359 744 2391 addressed
766 2364 805 2392 to
826 2360 898 2392 him
1011 2369 1067 2400 42.
1092 2360 1138 2392 ad
1153 2361 1298 2402 lineam]
1314 2361 1388 2393 Fell
1403 2362 1488 2394 cites
1505 2361 1575 2394 this
1591 2362 1734 2404 reading

136 2411 182 2434 an
199 2401 352 2442 Epistola
368 2403 403 2434 in
424 2413 522 2435 verse
542 2413 570 2435 c.
592 2405 674 2445 1516
697 2404 755 2443 (M.
779 2404 899 2443 Denis,
967 2405 1003 2436 in
1046 2415 1067 2435 a
1108 2404 1288 2446 Salisbury
1330 2405 1399 2437 Ms.
1418 2418 1425 2437 :
1482 2405 1632 2447 perhaps
1673 2406 1733 2439 the

139 2445 252 2477 Wiens
266 2445 599 2487 Buchdruckerqesch.
621 2449 716 2488 1782,
733 2458 764 2488 p.
783 2458 822 2488 32
828 2450 872 2488 3).
970 2447 977 2460 ‘
992 2448 1254 2480 Sarisburiensis
1271 2448 1413 2489 quidam
1432 2449 1539 2481 codex
1556 2449 1563 2462 ‘
1582 2449 1732 2481 collated

967 2056 1124 2088 national
1143 2056 1355 2098 antipathy:
1387 2057 1441 2089 for
1458 2057 1591 2089 similar
1608 2057 1734 2100 feeling

967 2100 1010 2132 cf
1030 2099 1135 2131 BRE.
1158 2109 1228 2141 157.

1012 2151 1068 2181 41.
1096 2143 1233 2176 Hiberis
1292 2144 1418 2184 neniis]
1474 2144 1505 2176 A
1558 2145 1733 2177 favourite

968 2186 1094 2228 phrase
1128 2187 1165 2219 of
1198 2187 1360 2220 Jerome:
1409 2188 1452 2220 cf.
1489 2187 1596 2227 Adaq.
1637 2198 1733 2229 1309,

180 2488 244 2521 See
274 2489 319 2521 M.
346 2489 519 2530 Hankius,
542 2490 591 2523 De
623 2490 759 2523 Silcs‘ie's
792 2491 893 2531 indiq.

136 2531 289 2572 eruditis,
314 2542 409 2575 1707,
432 2543 489 2574 pp.
514 2543 668 2575 211-133
703 2534 736 2566 J.
763 2535 898 2576 Heyne,

137 2575 248 2607 G'esch.
287 2575 318 2608 d.
359 2576 466 2609 Bisth.
512 2577 665 2617 Breslazc,
708 2578 756 2616 iii,
803 2580 898 2617 1863,

137 2619 414 2702 gbhgggenloqssd·
433 2620 699 2705 {thpgnsources
729 2621 820 2653 cited
852 2621 898 2663 by

182 2706 234 2738 28.
261 2706 442 2747 Sunfeldo]
473 2707 556 2739 This
587 2718 689 2740 name
721 2707 803 2739 does
836 2711 898 2740 not

136 2759 228 2781 seem
269 2752 307 2780 to
349 2749 391 2781 bc
432 2751 567 2783 known.
633 2751 897 2783 Schottenlohcr

137 2793 184 2833 (p.
213 2795 292 2833 55n)
321 2794 535 2834 conjectures
560 2793 652 2832 that,
675 2795 709 2825 in
741 2795 831 2835 spite
862 2795 897 2826 of

137 2836 196 2867 the
222 2835 405 2867 difference
433 2836 468 2867 of
496 2837 670 2869 Christim
696 2838 897 2876 n·1mc,the

135 2879 272 2921 Leipzig
304 2879 483 2921 physician
515 2880 583 2913 and
610 2880 719 2913 Greek
750 2881 898 2917 scholar.

133 2922 357 2964 Christopher
392 2924 527 2956 Sonfelt
560 2924 786 2966 (Schonfeld)‚
816 2934 898 2966 may

135 2965 177 2998 be
193 2969 335 2998 meant:
364 2977 419 2999 see
436 2967 547 3000 MRE.
572 2977 646 3009 117,
666 2977 739 3007 209.

180 3017 233 3048 33.
259 3008 701 3051 Plyniana011‘1in.l‹3p.6.
726 3012 773 3043 16.

180 3060 234 3093 37.
258 3052 374 3094 Gallo]
403 3054 456 3087 An
486 3055 645 3097 amusing
673 3055 834 3097 example
863 3056 898 3087 of

967 2492 1020 2523 for
1041 2491 1112 2523 him
1134 2491 1182 2533 by
1201 2491 1262 2523 the
1283 2492 1337 2533 Bp
1314 2502 1347 2533 p.
1370 2493 1405 2524 of
1424 2493 1474 2524 St.
1497 2492 1626 2533 Asaph.
1671 2493 1734 2525 See

968 2535 1021 2567 his
1044 2535 1175 2567 edition
1199 2536 1235 2567 of
1258 2535 1663 2577 Cyprian‚1682.ff.§⁴
1680 2541 1731 2574 νῦ,

967 2578 990 2610 (1
1009 2580 1099 2620 (zp
1103 2580 1194 2620 .13).
1241 2578 1277 2610 It
1292 2579 1375 2610 does
1390 2582 1453 2612 not
1469 2589 1560 2610 seem
1579 2582 1616 2611 to
1634 2579 1676 2611 bc
1699 2581 1733 2612 in

967 2622 1028 2654 the
1048 2590 1234 2655 Czptthedral
1253 2622 1409 2663 Library.

1010 2674 1065 2705 43.
1092 2667 1125 2697 in
1144 2666 1258 2706 lincis]
1275 2676 1317 2697 3.c
1337 2665 1504 2698 vestibus.

1015 2716 1066 2749 55.
1093 2709 1143 2740 Rp
1129 2709 1312 2750 atisponti]
1363 2709 1446 2740 This
1499 2713 1650 2741 account
1703 2710 1732 2741 is

967 2752 1143 2794 repeated,
1180 2753 1214 2784 in
1250 2761 1335 2792 very
1369 2752 1501 2784 similar
1535 2753 1661 2793 words,
1696 2755 1732 2785 in

968 2795 1127 2837 Ziogler’s
1142 2795 1288 2827 Libellus
1303 2796 1338 2834 (l.
1356 2798 1470 2837 203n),
1485 2796 1525 2828 fo·
1543 2796 1585 2829 h⁴
1599 2802 1648 2829 v0.

1057 2838 1334 2879 Emmeramum]
1358 2839 1432 2871 Tho
1458 2841 1595 2872 famous
1622 2841 1729 2872 Bene-

965 2881 1093 2913 dictinc
1134 2886 1346 2924 monastery,
1388 2882 1539 2915 founded
1579 2885 1612 2916 in
1653 2885 1730 2917 viic.

965 2925 1230 2957 Schottcnloher
1265 2926 1365 2968 apt-ly
1400 2927 1567 2966 remarks,
1603 2937 1635 2969 p.
1678 2938 1729 2965 11,

965 2968 1045 3000 that
1073 2969 1177 3001 Celtis
1205 2969 1274 3001 had
1303 2969 1405 3002 made
1432 2969 1529 3002 there
1556 2970 1610 3003 his
1638 2971 1727 3003 well-

965 3012 1091 3045 known
1115 3013 1295 3055 discovery
1320 3014 1356 3046 of
1380 3013 1440 3046 tho
1465 3023 1583 3055 poems
1607 3014 1643 3046 of
1668 3014 1730 3045 rho

965 3066 1038 3088 nuu
1060 3056 1249 3089 Roswitha.

899 3123 976 3153 02
