2033 3395
345 165 395 204 32
816 165 1070 204 LETTERS
1102 165 1174 204 OF
1204 165 1418 205 ERASMI
1422 165 1438 204 J
1441 164 1467 205 S

1815 166 1938 214 [1522

305 288 323 323 5
340 276 495 327 quibus
520 275 844 315 testificaremur
868 276 1057 314 animum
1082 276 1138 315 ad
1162 276 1305 314 omnia
1328 276 1645 327 paratissimum
1670 275 1808 314 officia
1831 287 1941 326 quae

339 330 510 369 humilis
531 330 603 370 sed
625 330 805 369 deuotus
827 329 954 369 eliens
974 329 1102 370 debet
1121 331 1284 381 optimo
1305 331 1550 381 optimeque
1570 330 1721 369 merito
1742 333 1938 381 patrono.

394 384 608 436 Hybernis
629 385 842 423 mensibus
863 384 1063 435 pestilens
1083 384 1294 435 quaedam
1315 385 1473 435 pituita
1494 398 1560 424 me
1581 385 1768 436 grauiter
1787 383 1941 423 afflixit

338 439 426 479 dies
466 439 714 490 complures,
755 452 939 489 moxque
978 452 1030 478 ex
1067 438 1291 478 interuallo
1330 440 1559 490 repetitum
1599 439 1770 489 grauius
1807 439 1938 478 ctiam

338 498 468 545 atque
484 493 645 532 diutius
659 493 823 532 habuit.
882 493 970 533 Sub
985 493 1332 544 quadragesimae
1347 498 1516 545 tempus
1531 494 1616 533 iam
1632 492 1937 532 firmiusculum

285 561 323 584 10
338 548 523 587 calculus
555 561 702 587 renum
735 547 877 586 subito
910 547 1074 587 deiecit.

1133 547 1272 587 Huius
1303 548 1502 587 nimirum
1535 547 1771 599 corpusculi
1803 547 1936 586 domi-

337 602 479 641 cilium
513 615 625 641 nunc
658 602 737 641 hac
771 615 883 641 nunc
915 602 1011 641 illac
1045 602 1257 642 collabens
1290 602 1493 642 admonet
1524 603 1778 654 inquilinum
1812 615 1936 641 suum

337 656 582 707 propediem
626 656 716 696 fore
760 656 1082 708 emigrandum;

1144 656 1260 708 quod
1304 657 1408 696 mihi
1452 657 1760 708 propemodum
1806 657 1937 696 etiam

335 711 524 762 optabile
554 711 676 758 duco,
697 724 831 762 quum
861 711 1030 751 videam
1051 711 1176 750 huius
1206 711 1333 751 seculi
1363 711 1631 763 tragoedias:
1678 724 1785 762 quas
1813 711 1937 750 nobis

333 765 604 817 quorundam
637 767 799 805 excitat
833 767 1064 813 contentio,
1100 766 1202 805 dum
1238 766 1359 805 alteri
1393 767 1532 805 nescio
1566 765 1721 817 quibus
1755 765 1938 805 consiliis

281 833 316 866 15
335 833 517 859 asserere
555 824 765 860 conantur
802 821 1103 869 Euangelicam
1141 820 1398 867 libertatem,
1439 820 1560 860 alteri
1597 833 1773 871 regnum
1811 832 1935 859 suum

333 874 609 914 validioribus
631 875 761 915 etiam
784 875 1002 926 praesidiis
1024 875 1261 914 stabiliunt.

389 929 599 981 Equidem
625 929 767 969 videre
794 930 897 968 mihi
922 929 1068 969 videor
1093 930 1248 981 quibus
1274 930 1410 969 modis
1436 930 1596 980 absque
1621 929 1811 969 tumultu
1838 942 1934 968 con-

333 984 413 1023 suli
431 984 566 1035 possit
584 984 773 1035 religioni
792 984 1067 1024 Christianae.

1126 984 1283 1024 Verum
1303 984 1358 1023 ad
1377 998 1469 1024 eam
1489 984 1680 1023 fabulam
1701 996 1807 1034 opus
1826 987 1937 1022 esset

332 1038 594 1090 principibus
632 1040 706 1090 qui
744 1052 920 1088 syncero
959 1043 1129 1089 pectore
1167 1038 1363 1078 fauerent
1401 1039 1634 1077 commodis
1672 1038 1852 1089 publicis
1891 1041 1935 1076 et

274 1105 317 1129 20
333 1093 488 1144 gloriae
515 1094 669 1132 summi
706 1092 913 1143 Principis
941 1093 1038 1132 Iesu
1065 1093 1233 1139 Christi,
1263 1097 1362 1132 ante
1397 1094 1515 1132 cuius
1543 1092 1730 1132 tribunal
1757 1092 1934 1131 sistendi

331 1151 434 1186 sunt
481 1161 627 1187 omnes
675 1148 912 1198 quamlibet
960 1151 1157 1197 potentes
1206 1148 1472 1187 monarchae.

1531 1147 1622 1198 Ego
1672 1160 1767 1186 cum
1817 1145 1933 1185 nullo

331 1201 672 1242 Lutheranorum
708 1215 899 1253 vnquam
935 1202 1068 1241 Vllum
1103 1201 1252 1241 foedus
1287 1203 1392 1241 inire
1428 1202 1622 1248 sustinui,
1660 1201 1734 1241 sed
1769 1214 1934 1252 semper

329 1269 402 1295 eos
427 1257 625 1296 reuocaui
653 1256 707 1295 ad
735 1256 909 1296 consilia
935 1256 1231 1303 moderatiora,
1260 1257 1460 1295 nimirum
1487 1260 1682 1296 metuens
1718 1269 1772 1295 ne
1798 1268 1863 1294 res
1889 1256 1933 1294 in

330 1310 581 1350 seditionem
601 1312 748 1351 exiret.

807 1311 866 1350 Et
885 1315 1031 1350 tamen
1052 1315 1152 1350 sunt
1172 1312 1246 1362 qui
1265 1324 1334 1350 me
1352 1311 1718 1362 impudentissime
1737 1311 1867 1349 etiam
1887 1310 1932 1348 in

271 1378 311 1410 25
331 1365 429 1404 aula
464 1365 653 1405 Caesaris
687 1365 958 1405 traduxerint
993 1370 1043 1405 vt
1078 1365 1384 1405 Lutheranum.
1443 1365 1524 1405 Hic
1560 1365 1749 1405 fremunt
1784 1365 1828 1403 in
1864 1377 1931 1403 me

330 1419 576 1466 Luthemni,
611 1420 727 1471 quod
761 1420 815 1459 ab
849 1434 897 1459 eo
931 1420 1192 1468 dissentiam,
1228 1433 1455 1471 meumque
1487 1433 1642 1460 nomen
1674 1420 1719 1458 in
1751 1418 1931 1469 publicis

328 1474 659 1525 professionibus
689 1475 774 1513 suis
804 1475 1006 1521 lacerant,
1037 1474 1199 1514 libellos
1230 1475 1400 1526 insuper
1431 1474 1630 1514 dentatos
1662 1474 1930 1513 minitantur.

329 1528 484 1580 Itaque
505 1530 676 1580 vtrique
697 1529 810 1580 parti
832 1542 926 1568 sum
948 1529 1197 1569 haereticus.

383 1583 503 1622 Exiit
524 1584 697 1623 Nouum
719 1584 1043 1623 Testamentum
1066 1584 1152 1623 iam
1175 1584 1303 1623 tertio
1327 1597 1352 1623 a
1375 1597 1442 1623 me
1465 1583 1727 1634 recognitum
1749 1586 1795 1622 et
1816 1582 1928 1622 locu-

270 1650 314 1683 30
327 1637 552 1689 pletatum.
611 1638 730 1678 Exiit
761 1638 1037 1689 Paraphrasis
1056 1651 1169 1678 noua
1187 1639 1233 1677 in
1264 1638 1544 1690 Euangelium
1575 1637 1799 1684 Matthaei,
1833 1649 1929 1676 cum

327 1693 503 1732 caeteris
541 1694 586 1732 in
624 1706 769 1732 omnes
808 1693 1024 1744 Epistolas
1061 1693 1197 1732 Pauli.

1254 1693 1416 1744 Vrgent
1455 1692 1704 1743 complures,
1744 1691 1929 1731 maxime

327 1747 549 1799 principes,
572 1751 621 1787 vt
648 1747 829 1787 scribam
857 1747 1059 1787 aduersus
1085 1747 1334 1787 Lutherum.
1393 1747 1497 1797 Ego,
1520 1747 1718 1793 si-liceat,
1740 1758 1929 1798 pugnare

327 1801 472 1840 malim
495 1799 697 1841 aduersus
718 1801 926 1841 mundum
948 1815 1024 1853 pro
1046 1802 1177 1853 gloria
1199 1802 1366 1842 Christi.

814 1856 930 1896 Bene
950 1857 1093 1896 valeat
1112 1861 1190 1896 tua
1211 1856 1429 1895 celsitudo.

381 1911 572 1951 Basileae
593 1911 843 1952 duodecimo
873 1911 958 1951 Cal.
983 1911 1113 1962 April.
1146 1911 1269 1950 Anno
1293 1922 1340 1950 M.
1356 1912 1583 1962 D.XX11[1].

326 1861 428 1895 sunt
448 1857 756 1907 antagonistae.

265 1921 304 1956 35

603 2059 807 2098 1²⁶51268.

373 2146 602 2190 Nuremberg
619 2146 694 2181 MS.
714 2146 785 2181 PP.
806 2157 872 2190 412
894 2147 955 2189 (ιι).

372 2205 411 2239 P.
432 2216 493 2249 pp.
514 2215 582 2249 394
600 2206 665 2249 (⁵3).
686 2215 752 2248 273
772 2206 847 2250 (γ);
882 2203 930 2239 0²
945 2215 979 2248 p.
1003 2204 1093 2238 166:
1127 2203 1243 2238 Lond.
1264 2215 1351 2237 xxx.
1371 2205 1415 2237 28
1434 2217 1442 2237 ι

418 2262 491 2297 LB.
511 2263 592 2297 618.

1425 1801 1611 1841 Luthero
1633 1814 1720 1840 non
1741 1800 1928 1839 defuturi

871 2056 939 2098 To
972 2056 1254 2098 WILLIBALD
1287 2055 1646 2098 PIRCKHEIMER.

1659 2143 1778 2179 Basle.

1565 2212 1610 2246 30
1627 2202 1754 2236 March
1776 2210 1876 2246 1522.

367 2327 454 2368 [The
471 2329 687 2369 manuscript
704 2329 732 2360 is
749 2339 770 2359 a
787 2330 1056 2369 contemporary
1072 2326 1138 2358 but
1154 2325 1203 2367 by
1218 2336 1264 2358 no
1281 2336 1402 2357 means
1419 2328 1580 2357 accurate
1596 2335 1687 2366 copy
1705 2325 1779 2364 (αἱ),
1796 2335 1923 2365 among

322 2370 585 2403 Pirckheimer's
603 2382 728 2413 papers
745 2374 784 2403 at
801 2371 1018 2412 Nuremberg
1036 2371 1106 2409 (see
1123 2370 1189 2411 Ep.
1211 2379 1273 2410 322
1292 2369 1436 2408 introd.)
1452 2381 1460 2406 ;
1491 2369 1630 2400 written
1648 2369 1683 2400 in
1702 2378 1723 2399 a
1741 2367 1923 2409 markedly

321 2415 473 2446 German
495 2415 615 2455 script,
638 2415 708 2446 and
731 2415 907 2447 corrected
930 2414 979 2456 by
1000 2413 1148 2445 another
1170 2416 1438 2454 contemporary
1459 2411 1554 2444 hand
1578 2413 1650 2451 (a2).
1696 2410 1739 2442 In
1764 2411 1923 2452 places—

321 2458 501 2499 evidently
521 2458 633 2489 where
655 2459 715 2490 the
737 2459 882 2500 original
903 2469 974 2490 was
996 2457 1144 2489 difficult
1164 2459 1202 2488 to
1223 2456 1385 2488 read—<1¹
1407 2456 1471 2488 has
1491 2455 1555 2487 left
1577 2465 1662 2496 gaps
1683 2455 1737 2486 for
1759 2457 1792 2484 (1³
1814 2458 1851 2486 to
1874 2455 1923 2486 fill

320 2503 365 2534 in.
407 2502 437 2533 A
452 2502 646 2533 noticeable
663 2502 796 2534 feature
813 2503 848 2534 in
865 2505 897 2531 αι
914 2503 942 2534 is
957 2502 1018 2534 the
1034 2500 1134 2533 habit
1151 2501 1187 2532 of
1201 2501 1401 2542 separating
1417 2499 1455 2531 in
1470 2500 1506 2531 in
1522 2498 1738 2540 compounds
1754 2498 1842 2530 from
1860 2498 1920 2530 the

319 2548 390 2577 rest
410 2545 446 2577 of
465 2545 526 2576 the
546 2545 663 2577 word:
698 2556 736 2576 as
756 2547 791 2578 in
810 2546 833 2578 l.
854 2553 932 2584 4011.

366 2626 395 2657 7.
423 2616 568 2657 pituita]
595 2616 644 2648 Cf.
675 2616 739 2656 Ep.
772 2617 865 2656 1248.
904 2624 976 2647 1011.
1041 2614 1085 2647 In

320 2659 378 2691 the
396 2660 443 2691 De
461 2671 519 2691 esu
535 2659 689 2691 carnium
705 2660 775 2698 (see
791 2669 823 2700 p.
841 2659 899 2697 46)
917 2659 1084 2690 Erasmus

318 2706 428 2734 states
447 2703 528 2734 that
547 2703 608 2734 the
628 2703 704 2734 first
723 2702 846 2734 attack
867 2702 903 2733 of
923 2702 950 2734 it
969 2702 1083 2734 lasted

321 2745 329 2757 ⁴
343 2746 468 2786 viginti
486 2746 592 2777 ferme
611 2746 684 2777 dies
698 2746 706 2759 '
728 2746 811 2785 (LB.
833 2746 878 2778 ix.
902 2755 983 2777 1212
997 2747 1044 2784 E).

363 2797 394 2825 9.
421 2789 720 2830 quadragesimae]
738 2798 752 2829 5
772 2788 956 2828 March—19
974 2789 1084 2830 April.

367 2839 417 2863 10.
444 2832 611 2872 calculus]
643 2833 692 2864 Cf.
727 2832 817 2873 Epp.
856 2834 952 2872 1281,
987 2834 1084 2873 1283,

321 2877 417 2915 1285,
452 2885 546 2914 1294,
580 2885 675 2914 1302,
715 2885 810 2916 1311,
849 2885 945 2916 1342,
985 2884 1080 2915 1349,

321 2926 473 2959 1352—3;
497 2918 566 2950 and
580 2918 654 2950 VE.
672 2928 745 2960 317.

365 2969 416 3001 17.
443 2961 590 3000 consuli]
625 2961 790 2993 Erasmus
826 2972 896 2993 was
933 2961 1082 3003 perhaps

317 3004 479 3045 thinking
495 3004 531 3036 of
547 3004 608 3036 the
625 3004 816 3036 Consilium
832 3005 868 3036 of
884 3005 973 3037 Nov.
997 3013 1080 3044 1520

318 3049 387 3088 (see
404 3047 469 3090 Ep.
491 3057 574 3088 1149
592 3048 735 3088 introd.)
751 3060 759 3085 ;
789 3049 823 3079 in
840 3047 951 3080 which
968 3049 995 3079 it
1012 3047 1081 3079 had

1151 2614 1238 2646 been
1270 2613 1441 2654 proposed
1473 2613 1554 2645 that
1585 2612 1646 2644 the
1677 2612 1916 2644 examination

1150 2658 1187 2689 of
1208 2657 1370 2689 Luther's
1392 2656 1502 2689 books
1524 2655 1648 2689 should
1671 2655 1714 2687 be
1736 2654 1916 2687 entrusted

1150 2704 1187 2732 to
1200 2711 1221 2732 a
1233 2701 1451 2732 commission
1465 2699 1656 2741 appointed
1668 2698 1717 2739 by
1728 2698 1868 2730 Charlcs
1880 2707 1915 2737 v,

1150 2745 1272 2783 Hem-y
1294 2753 1374 2782 vm,
1414 2742 1484 2775 and
1523 2743 1628 2775 Louis
1666 2742 1703 2774 of
1740 2742 1915 2783 Hungary

1149 2788 1205 2827 (cf.
1233 2788 1299 2829 Ep.
1330 2788 1423 2828 1156.
1449 2788 1519 2827 98).
1568 2786 1640 2818 But
1665 2795 1721 2817 see
1745 2785 1819 2816 also
1846 2784 1911 2825 Ep.

1153 2840 1248 2872 1275.
1268 2839 1346 2862 20n.

1194 2882 1249 2912 29.
1274 2873 1416 2907 Nouum
1445 2872 1726 2911 Testamentum]
1755 2871 1816 2903 See
1847 2871 1912 2912 Ep.

1152 2926 1251 2958 1174.
1273 2928 1287 2950 1
1313 2928 1346 2949 n.

1194 2969 1246 3000 30.
1273 2928 1513 3001 P⁵araphrasis]
1534 2959 1594 2992 See
1610 2958 1675 3000 Ep.
1699 2965 1738 2988 12
1746 2965 1797 2997 55.

1236 3014 1315 3035 cum
1339 3003 1498 3042 caeteris]
1520 3001 1563 3034 In
1585 3001 1646 3033 the
1668 3000 1805 3033 Froben
1828 3000 1911 3032 folio

1149 3047 1185 3079 of
1198 3047 1280 3079 Feb.
1302 3055 1381 3087 1522
1400 3059 1407 3078 :
1436 3056 1491 3077 see
1506 3045 1571 3086 Ep.
1589 3054 1652 3086 710
1667 3043 1793 3076 introd.
