2012 3370
136 143 256 191 1344]
452 141 611 181 FROM
639 140 967 180 WILLIBALD
998 138 1410 179 PIROKHEIMEP..
1651 136 1730 175 229

131 251 233 289 noui
252 251 424 289 demum
442 251 567 301 longo
587 249 763 288 edoctus
783 263 875 296 vsu,
897 262 1027 300 quam
1048 249 1214 288 difficile
1234 248 1290 287 sit
1310 261 1358 286 ac
1379 246 1538 298 negotii
1557 246 1729 296 plenum
1751 259 1791 284 10

130 308 199 344 tot
218 306 410 345 resistere
429 304 731 356 sycophantiis,
753 308 822 342 tot
841 316 1074 355 repugnare
1095 303 1329 349 calumniis,
1351 306 1395 341 et
1414 302 1477 340 ita
1496 313 1730 352 repugnare

132 363 182 397 vt
214 373 290 398 nec
319 359 433 398 Deus
468 357 662 397 laedatur
697 371 773 396 nec
809 358 1000 397 homines
1035 357 1335 396 offendantur:
1388 360 1437 395 vt
1471 355 1642 394 interim
1677 354 1730 394 de

130 413 444 452 existimatione
483 412 653 464 propria
692 412 982 450 conseruanda
1020 412 1180 450 sileam.
1250 411 1518 462 Quapropter
1557 409 1730 448 minime

131 468 234 505 mihi
260 467 485 506 molestum
511 466 595 504 fuit
620 466 655 504 si
680 465 823 504 literas
850 479 965 505 meas
992 466 1084 504 aliis
1109 466 1239 504 etiam
1266 464 1464 516 legendas
1490 463 1727 509 tradideris,

130 535 227 560 cum
252 521 312 560 m'l
336 522 381 560 in
405 521 464 560 eis
489 520 758 559 contineatur
783 521 902 558 cuius
928 533 994 559 me
1020 519 1182 570 pudeat
1207 523 1284 558 aut
1309 520 1540 569 poeniteat,
1568 522 1729 568 tuaque
1752 532 1786 565 15

129 576 298 614 intersit
315 580 365 614 vt
382 575 453 614 alii
469 574 708 625 intelligant
726 574 932 624 quidnam
950 578 1131 624 vtraque
1150 587 1247 624 pars
1266 574 1500 619 minitetur,
1520 572 1729 623 qualeque

132 629 363 679 periculum
402 629 600 679 vtrinque
638 629 782 666 instet.
850 628 1032 666 Valeant
1068 628 1198 678 igitur
1236 628 1310 678 qui
1347 640 1424 665 nos
1463 627 1728 665 committere

129 688 331 730 tentant;
375 696 451 734 ego
478 683 590 722 enim
617 682 661 720 in
688 686 839 733 coepto
866 686 1012 721 nostro
1041 695 1182 720 amore
1210 686 1415 732 perpetuo
1444 685 1487 719 et
1514 681 1730 719 sinceriter

128 738 302 788 quidem
322 737 598 788 perseuerabo
620 749 627 774 :
665 736 781 787 quod
801 740 845 775 et
865 740 908 775 te
928 736 1144 775 facturum
1165 736 1337 774 minime
1359 735 1580 773 dubitabo.

184 792 380 831 Ceterum
426 790 542 842 quod
589 790 854 830 Lutheranos
901 790 1110 841 quosdam
1158 789 1462 841 Euangelicum
1510 789 1729 840 negotium
1746 803 1791 827 20

130 846 380 896 prudentius
409 849 594 884 tractare
625 845 765 891 velles,
797 844 878 884 tibi
908 858 1005 883 eum
1036 844 1181 883 multis
1213 856 1436 883 commune
1467 847 1531 881 est
1562 847 1726 881 votum.

129 899 212 939 Sed
244 900 411 938 vtinam
442 912 540 951 pars
573 899 707 938 altera
739 912 908 950 quoque
941 899 1287 949 circumspectius
1320 902 1475 949 ageret,
1511 910 1559 935 ae
1593 897 1727 948 magis

127 955 284 993 rationi
297 967 427 1005 quam
443 953 666 993 affectibus
679 953 917 1004 indulgeret
938 954 944 991 l
976 966 1063 992 non
1077 954 1189 992 enim
1203 956 1272 991 tot
1286 956 1519 1002 tantaeque
1534 951 1729 989 assiduae

127 1008 280 1047 turbae
301 1009 522 1047 orirentur.
574 1008 801 1054 Potuisset,
824 1012 869 1046 et
890 1007 1028 1047 adhuc
1050 1011 1206 1058 posset,
1230 1007 1448 1058 negotium
1470 1006 1563 1052 hoc,
1587 1006 1622 1044 si
1642 1018 1729 1044 non

129 1063 298 1113 penitus
315 1062 419 1109 tolli,
439 1062 590 1101 saltem
608 1062 921 1112 aliquantulum
939 1062 1088 1108 sedari,
1108 1062 1142 1100 si
1160 1075 1256 1100 cum
1274 1061 1496 1106 modest-ia,
1515 1060 1728 1111 grauitate
1746 1075 1765 1097 2
1771 1075 1784 1107 5

129 1121 173 1155 et
207 1117 409 1155 comitate
443 1120 713 1155 tractaretur.
777 1116 892 1154 Dum
927 1130 1026 1155 vero
1061 1117 1199 1154 insani
1233 1115 1408 1166 quidam
1444 1115 1648 1159 homines,
1685 1117 1729 1152 et

129 1170 275 1221 procul
296 1170 425 1209 dubio
447 1184 472 1209 a
493 1170 583 1209 Deo
605 1170 829 1216 exoculati,
853 1171 995 1209 omnia
1016 1184 1112 1209 cum
1133 1175 1304 1216 terrore,
1328 1168 1729 1208 comminationibus

128 1225 357 1275 poenisque
386 1224 511 1276 plane
536 1225 782 1275 tyrannicis,
811 1229 855 1263 et
879 1224 1074 1263 funditus
1103 1224 1288 1275 quidem,
1317 1224 1529 1274 extirpare
1555 1226 1727 1261 content

127 1279 249 1325 dunt,
268 1292 354 1317 non
369 1279 505 1317 solum
520 1278 763 1317 incendium
777 1282 950 1317 tantum
970 1292 1056 1317 non
1071 1279 1363 1329 exstinguunt,
1380 1277 1453 1316 sed
1469 1277 1613 1328 potius
1628 1276 1728 1314 assi-

128 1332 210 1371 due
239 1337 409 1384 augent.
462 1332 594 1371 Petiit
618 1332 801 1383 Legatus
831 1333 1101 1383 Apostolieus
1129 1333 1197 1371 hie
1221 1345 1246 1370 a
1275 1331 1535 1382 principibus
1564 1335 1614 1369 vt
1642 1335 1728 1369 tres
1747 1345 1790 1378 30

129 1386 243 1425 vrbis
270 1387 395 1425 huius
415 1387 746 1432 concionatores,
775 1387 856 1424 viri
883 1386 996 1433 boni,
1024 1386 1180 1425 eruditi
1205 1390 1250 1425 et
1276 1399 1439 1424 summe
1467 1384 1662 1430 modesti,
1683 1385 1729 1422 in

129 1440 297 1479 vincula
324 1441 630 1480 conjicerentur
650 1454 698 1479 ac
726 1441 909 1479 Romam
931 1440 986 1479 ad
1012 1453 1195 1491 poenam
1215 1441 1501 1486 mitterentur,
1530 1439 1585 1477 ob
1612 1438 1729 1477 dicta

125 1494 350 1546 quaedam,
386 1499 436 1533 vt
468 1495 557 1546 ipse
592 1495 775 1541 dicebat,
812 1507 1009 1546 peruersa
1043 1499 1087 1534 et
1121 1495 1362 1534 haeretica:
1414 1506 1547 1544 quum
1582 1497 1729 1532 tamen

125 1553 274 1600 postea
295 1553 561 1600 compertum
582 1548 711 1588 fuerit
732 1549 791 1588 nil
813 1562 883 1588 eos
905 1549 991 1588 tale
1014 1549 1181 1588 dixisse.
1234 1548 1507 1587 Insimulauit
1528 1551 1572 1586 et
1595 1560 1728 1586 vnum

124 1617 176 1643 ex
202 1604 274 1650 eis,
301 1604 375 1655 qui
400 1603 605 1643 Hebraeis
630 1603 782 1642 doctus
807 1608 871 1642 est
896 1603 1040 1650 literis,
1069 1603 1274 1642 Iudaismi
1294 1617 1302 1650 ;
1345 1616 1477 1654 quum
1504 1601 1727 1640 manifeste
1747 1616 1786 1650 35

125 1662 292 1697 constet
312 1658 560 1697 Christianis
579 1658 698 1696 illum
718 1662 861 1696 ortum
881 1671 970 1697 esse
990 1658 1252 1709 parentibus.

174 1756 223 1778 10.
249 1743 352 1785 longo
374 1768 380 1774 .
406 1768 413 1774 .
438 1767 446 1775 .
471 1743 612 1785 plenum
636 1756 678 1775 a:
715 1754 822 1785 quam
847 1743 1033 1775 molestum
1048 1747 1084 1775 et
1108 1743 1240 1785 negotii
1264 1742 1406 1785 plenum
1422 1742 1469 1773 sit
1482 1747 1515 1777 β.
1594 1753 1642 1773 11.
1670 1744 1723 1772 tot

128 1797 318 1829 repugnare
333 1800 352 1817 a
368 1799 375 1819 :
403 1790 441 1818 et
453 1790 487 1822 β.
683 1797 874 1829 repugnare
893 1800 911 1817 a
928 1799 936 1819 ε
967 1787 1125 1819 resistere
1141 1790 1176 1822 β.
1352 1798 1401 1820 12.
1426 1785 1588 1816 laedatur
1603 1795 1667 1816 om.
1687 1788 1719 1819 β.

130 1843 178 1873 13.
214 1830 452 1862 conseruando.
482 1841 545 1863 om.
578 1834 610 1866 β.
875 1831 1095 1872 Quapropter
1137 1830 1279 1861 minime
1313 1842 1356 1861 a:
1388 1829 1496 1860 Haud
1536 1828 1646 1870 igitur
1686 1831 1721 1863 β.

130 1886 179 1917 14.
205 1874 313 1905 etiam
336 1873 413 1905 aliis
436 1877 469 1909 β.
620 1886 669 1916 15.
695 1884 773 1905 cum
792 1886 833 1905 a:
866 1875 1028 1915 precipue
1051 1884 1160 1915 quum
1179 1877 1211 1909 β.
1360 1875 1490 1914 tuaque
1510 1897 1516 1903 .
1537 1896 1543 1903 .
1564 1896 1571 1903 .
1597 1876 1646 1906 16·
1671 1872 1720 1903 in-

128 1917 286 1958 telligant
305 1931 324 1947 α
340 1930 347 1948 z
380 1917 440 1949 sed
456 1917 536 1949 ideo
553 1919 681 1959 scripte
698 1917 829 1950 fuerint
847 1921 887 1948 vt
905 1922 939 1950 ct
959 1921 997 1948 tu
1016 1920 1052 1949 et
1068 1917 1127 1948 alii
1143 1916 1377 1957 intelligerent
1394 1919 1427 1951 β.
1548 1919 1597 1949 16.
1624 1914 1723 1946 1111111-

128 1964 222 1993 tetur
240 1973 282 1992 a:
314 1960 379 1992 tibi
398 1961 590 1992 minaretur
607 1964 640 1995 β.
781 1974 828 2004 17.
854 1960 963 1992 instet
983 1975 1000 1991 a
1018 1973 1025 1992 z
1056 1961 1206 1992 instaret
1231 1964 1263 1995 β’.
1401 1970 1464 1991 nos
1482 1983 1489 1990 .
1512 1983 1518 1990 .
1540 1983 1547 1990 .
1573 1962 1621 1992 18.
1649 1961 1722 1989 ten-

129 2007 207 2035 tant
225 2017 244 2034 α
261 2015 268 2035 z
299 2004 392 2035 inter
408 2014 471 2035 nos
486 2004 669 2035 dissidium
683 2007 835 2045 querunt
848 2008 881 2039 β.
1007 2008 1056 2038 18.
1082 2006 1252 2045 perpetuo
1266 2007 1302 2035 et
1315 2017 1333 2034 a
1350 2015 1356 2034 :
1386 2003 1431 2034 ad
1446 2003 1550 2034 finem
1564 2012 1673 2043 vsque
1688 2004 1721 2036 β.

130 2059 178 2088 19.
205 2046 347 2088 quidem
362 2058 424 2079 om.
447 2051 481 2082 β.
573 2047 754 2079 dubitabo.
799 2048 959 2080 Ceterum
981 2061 1018 2079 a:
1053 2047 1178 2079 dubito
1197 2051 1231 2082 β’.
1338 2059 1390 2080 20.
1416 2045 1586 2087 quosdam
1603 2056 1666 2077 om.
1688 2048 1722 2079 β.

128 2103 178 2124 21.
204 2094 328 2123 votum
345 2101 407 2123 om.
425 2095 457 2126 β,
574 2103 625 2124 22.
652 2101 731 2132 pars
747 2103 785 2122 a:
826 2094 862 2122 et
876 2101 956 2132 pars
972 2094 1005 2126 β.
1125 2090 1410 2132 circumspectius
1424 2099 1563 2131 quoque
1579 2092 1612 2124 β.
1682 2099 1723 2119 ae

128 2159 135 2166 .
154 2158 161 2164 .
181 2159 188 2166 .
207 2146 258 2177 23.
283 2133 478 2175 indulgeret
498 2145 560 2166 om.
576 2138 610 2169 β.
680 2146 732 2177 23.
758 2137 948 2176 tantaeque
963 2159 970 2166 .
988 2159 994 2165 .
1012 2159 1018 2166 .
1038 2147 1088 2178 24.
1115 2135 1288 2166 orirentur
1302 2147 1321 2164 a
1337 2146 1344 2164 :
1373 2132 1546 2165 orirentur
1559 2131 1723 2163 scandala

125 2180 162 2209 et
185 2176 358 2210 tumultus
372 2180 405 2212 β.
528 2190 579 2220 25.
605 2177 729 2209 saltem
746 2180 768 2212 β
784 2189 792 2209 :
822 2177 940 2209 saltim
958 2191 988 2209 α.
1102 2182 1154 2212 26.
1180 2181 1217 2209 et
1234 2191 1253 2208 α
1269 2190 1276 2209 :
1308 2187 1348 2208 ac
1365 2180 1399 2212 β.
1513 2179 1725 2208 tractaretur

128 2234 146 2251 α
163 2232 170 2251 :
189 2223 349 2262 ageretur
367 2224 401 2256 β.
549 2224 601 2255 28.
627 2221 815 2262 poenisque
832 2246 839 2252 .
860 2246 866 2252 .
887 2246 894 2253 .
915 2221 1134 2253 contendunt
1150 2234 1169 2251 α
1186 2233 1193 2253 :
1224 2224 1260 2252 et
1276 2220 1378 2262 plane
1396 2219 1587 2261 tyrannicis
1603 2218 1724 2261 poenis

127 2263 263 2295 abolere
280 2263 425 2295 student
440 2268 474 2299 β.
648 2276 700 2305 29.
726 2267 867 2296 tantum
881 2279 900 2295 α
916 2277 924 2297 :
952 2265 1016 2297 hoe
1030 2268 1064 2299 β.
1209 2277 1261 2308 30.
1288 2264 1343 2295 hie
1357 2274 1420 2296 om.
1436 2266 1470 2298 β.
1628 2262 1722 2293 vrbis

126 2307 228 2339 huius
241 2318 302 2339 om.
319 2311 353 2343 β.
445 2320 496 2350 31.
523 2307 589 2338 viri
604 2331 611 2339 .
631 2332 637 2339 .
656 2332 662 2339 .
681 2308 830 2339 modesti
845 2322 864 2338 a
880 2321 888 2340 ι
917 2309 976 2350 qui
991 2308 1047 2340 1116
1061 2318 1141 2339 611111
1155 2318 1292 2339 summa
1307 2307 1479 2339 modestia
1494 2305 1723 2347 Euangelium

125 2350 307 2392 predicant
320 2353 353 2386 β.
446 2363 496 2394 32.
523 2351 569 2382 ad
584 2362 733 2393 poenam
751 2362 814 2385 om.
835 2355 869 2387 β.
968 2364 1019 2395 33.
1046 2351 1185 2383 dicebat
1205 2366 1223 2382 α
1240 2364 1247 2383 :
1280 2350 1457 2382 asserebat
1475 2354 1507 2385 β.
1600 2352 1637 2380 et
1655 2373 1661 2379 .
1684 2373 1691 2379 .
1713 2373 1720 2379 .

116 2407 178 2437 34.
204 2394 428 2426 Insimulauit
446 2406 488 2426 a:
513 2395 598 2436 quin
619 2398 653 2430 β.
745 2407 798 2439 35.
824 2395 905 2437 qui.
928 2419 935 2426 .
960 2419 967 2426 .
987 2400 1039 2438 36.
1065 2395 1269 2437 parentibus
1292 2407 1334 2426 a:
1360 2393 1527 2435 quoniam
1543 2391 1724 2424 Hebraicis

125 2437 332 2470 incubuerat
361 2437 500 2474 litteris,
527 2438 675 2470 Iudeum
701 2449 774 2470 6556
801 2442 838 2470 et
872 2438 1024 2470 Iudaicis
1052 2439 1256 2480 parentibus
1284 2441 1400 2470 ortum
1426 2447 1498 2469 6556
1523 2435 1700 2467 asserebat
1715 2447 1721 2465 :

126 2491 235 2522 quum
249 2484 367 2513 tamen
380 2485 597 2522 compertum
612 2482 718 2515 fuerit
734 2482 782 2514 nil
799 2482 879 2519 talc,
897 2482 957 2514 sed
973 2482 1075 2524 plane
1091 2482 1305 2514 eontrarium
1321 2481 1418 2523 quid,
1436 2491 1456 2512 a
1472 2479 1722 2512 concionaton'-

128 2524 190 2556 bus
217 2525 435 2566 predicatum
462 2525 579 2565 fuisse,
609 2529 646 2557 et
678 2525 808 2558 bonum
835 2525 935 2557 illum
965 2526 1080 2557 virum
1110 2526 1347 2558 Christianum
1377 2527 1413 2555 et
1443 2534 1485 2555 ex
1516 2522 1722 2555 Christianis

124 2568 328 2610 parentibus
343 2578 415 2600 6556
430 2571 554 2600 natum
570 2572 603 2603 β.

170 2682 222 2713 30.
250 2670 414 2713 Legatus]
453 2671 678 2713 Chieregato:
727 2681 782 2703 sce
822 2672 885 2713 Ep.
961 2672 1101 2704 studied
1139 2675 1178 2703 at
1216 2672 1434 2712 Wittenborg
1476 2681 1625 2712 1519-20
1665 2671 1722 2711 (cf.

130 2716 222 2799 133?
249 2756 522 2795 concionatores]
566 2757 673 2789 Andr.
721 2757 889 2789 Osiander

127 2803 184 2841 (19
208 2801 289 2832 Dee.
319 2803 490 2842 1498—17
516 2800 592 2832 Oct.
621 2802 729 2841 1552),
754 2800 813 2831 the
838 2811 885 2831 rc—

126 2844 254 2876 former
283 2844 318 2876 of
348 2844 573 2885 Nuremberg,
605 2844 681 2875 who
712 2853 780 2875 was
810 2854 886 2875 now

126 2887 290 2929 preaeher
307 2891 346 2919 at
364 2887 415 2920 St.
435 2887 640 2919 Laurenee’s
658 2887 798 2925 chureh,
818 2887 886 2918 and

128 2933 166 2962 to
184 2931 298 2963 whom
317 2931 521 2973 Chieregato
539 2930 698 2971 imputed
718 2941 739 2961 a
758 2930 887 2962 Jewish

127 2973 236 3015 origin
251 2987 259 3013 ;
285 2975 488 3006 Dominieus
501 2974 711 3015 Schleupncr
723 2974 757 3013 (†
772 2984 789 3013 3
805 2974 885 3005 Feb.

133 3019 230 3059 1547)
262 3017 296 3050 of
328 3018 446 3051 Noisse
477 3018 513 3050 in
545 3018 676 3056 Silesia,
710 3017 786 3049 who
818 3018 887 3049 had

964 2716 1044 2747 LE2.
1079 2717 1235 2756 329—31)‚
1271 2715 1341 2746 and
1375 2725 1471 2746 came
1507 2718 1544 2746 to
1578 2715 1722 2747 Nurem-

962 2759 1043 2799 berg
1068 2769 1111 2790 on
1146 2759 1307 2789 Luther's
1341 2758 1659 2789 recommendation
1687 2769 1725 2790 as

962 2802 1126 2842 prcacher
1143 2805 1182 2832 at
1200 2802 1250 2833 St.
1272 2801 1427 2833 Sebald’s
1443 2814 1450 2839 ;
1483 2801 1553 2833 and
1571 2801 1723 2833 Thomas

963 2845 1171 2877 Venatorius
1210 2847 1251 2885 (6.
1297 2847 1447 2885 14SS—4
1487 2845 1566 2876 Feb.
1615 2846 1724 2886 1351),

962 2899 983 2919 a
1013 2888 1221 2919 Dominican
1250 2888 1328 2919 who
1356 2888 1427 2920 had
1457 2887 1542 2920 been
1574 2888 1724 2928 brought

963 2935 1000 2963 to
1018 2932 1233 2973 Nuremberg
1251 2931 1298 2973 by
1316 2931 1549 2964 l'irckheimer
1566 2932 1635 2963 and
1654 2941 1723 2964 was

962 2975 1126 3016 prcaeher
1148 2975 1185 3007 in
1210 2975 1269 3007 the
1297 2975 1469 3017 Hospital.
1518 2975 1579 3007 See
1605 2975 1723 3017 Spala-

962 3019 1067 3050 tinus’
1087 3019 1237 3051 Annales
1266 3019 1319 3052 ed.
1338 3020 1369 3051 J.
1390 3019 1429 3051 B.
1447 3018 1671 3052 Menckenius
1687 3019 1722 3051 in
