2012 3370
219 148 292 186 142

686 144 940 184 LETTERS
972 144 1043 183 OF
1075 143 1308 183 ERASMU
1311 143 1338 182 S

1689 142 1812 191 [1522

267 258 307 298 S.
342 258 388 297 P.
450 257 541 295 Etsi
574 257 639 294 hic
672 260 772 294 tuus
804 253 991 292 Hilarius
1023 254 1211 291 omnium
1244 266 1325 304 quc
1358 252 1472 303 apud
1503 264 1580 290 nos
1611 256 1815 303 geruntur

212 313 310 352 hinc
337 312 393 351 ad
420 315 464 351 te
490 309 671 362 epistola
698 310 799 348 viua
825 322 914 348 esse
941 309 1089 359 possit,
1119 309 1285 359 speraui
1313 312 1459 347 tamen
1486 319 1573 345 non
1599 307 1815 358 ingratum

211 367 301 406 fore
320 367 354 405 si
374 366 452 405 hoc
472 377 641 416 quoque
661 363 855 414 epistolio
874 363 1104 402 indicarem
1124 366 1236 402 recte
1255 362 1395 401 valere
1413 374 1490 400 nos
1510 373 1656 399 omnes
1674 360 1719 399 in
1737 361 1816 400 hoc

213 425 372 467 nostro,
395 432 539 471 ymmo
560 423 649 464 tuo,
667 418 849 469 Collegio
872 417 1060 468 trilingui
1077 430 1085 463 ;
1116 417 1259 455 omnia
1280 429 1450 468 quoque
1470 415 1582 454 illius
1603 416 1662 454 sic
1682 414 1818 454 indies

176 490 190 522 5
214 476 347 527 magis
375 475 591 525 magisque
619 473 855 524 prosperari
882 476 932 510 vt
959 471 1063 510 nihil
1091 471 1272 522 amplius
1298 470 1535 510 desiderare
1561 469 1709 521 possis,
1738 469 1818 507 nisi

212 530 323 568 forte
350 528 574 579 ampliores
601 527 777 566 scholas.

835 526 1141 564 Honestabunt
1167 526 1245 564 hoc
1273 525 1493 576 collegium
1520 525 1634 563 intra
1660 536 1818 574 paucos

214 584 302 623 dies
332 583 517 622 Comites
547 581 910 633 Egmonden<ses>
939 580 1038 626 du0‚
1068 580 1204 619 futuri
1233 580 1496 619 conuictores
1534 579 1698 624 nostri;
1754 591 1818 617 res

215 641 388 689 peracta
411 641 488 676 est.
542 636 593 675 Id
617 649 714 675 cum
736 636 851 674 intra
874 639 1060 685 quatuor
1083 634 1171 673 dies
1195 638 1415 673 narratum
1440 637 1550 672 esset
1572 634 1616 671 in
1639 632 1819 683 prandio

214 691 416 743 quodam,
442 691 515 729 vbi
540 704 592 730 ex
617 703 733 729 more
756 689 943 740 theologi
967 690 1228 740 saginantur,
1256 688 1375 728 velut
1398 689 1442 727 in
1466 692 1685 738 stuporem
1710 687 1820 725 versi

158 762 196 785 10
215 747 288 785 diu
302 747 541 785 conticuere
556 758 701 784 omnes
718 758 726 782 :
752 749 843 783 tam
856 743 1126 795 gratulantur
1138 744 1198 782 illi
1210 743 1332 782 nobis
1344 742 1422 781 hos
1435 742 1575 781 felices
1589 754 1818 781 successus.

214 801 455 841 Sollicitant
474 804 520 839 et
541 799 612 839 alii
632 799 794 838 nobiles
815 800 944 837 etiam
967 799 1121 837 summi
1143 798 1258 849 apud
1279 810 1356 837 nos
1377 810 1478 843 esse,
1502 796 1575 835 sed
1596 796 1712 835 locus
1734 808 1820 834 non

215 856 344 907 capit.
401 855 608 894 Attamen
636 855 671 893 si
699 854 969 893 constitueris
998 852 1227 904 aliquando
1257 852 1312 891 ad
1339 865 1416 891 nos
1445 851 1668 897 declinare,
1697 849 1821 889 facile

215 909 437 961 parabitur
456 909 573 948 locus
594 923 601 955 ;
640 921 740 947 nam
762 908 963 959 magister
984 907 1236 954 Conrardus,
1260 907 1334 958 qui
1355 905 1597 945 cubiculum
1618 905 1699 944 tibi
1720 904 1820 943 olim

215 964 478 1004 destinatum
497 965 583 1003 iam
602 967 798 1014 occupat,
818 962 999 1002 libenter
1017 963 1061 1001 in
1080 975 1204 1001 suum
1224 966 1348 1000 vetus
1368 965 1540 999 antrum
1559 959 1819 1010 remigrabit.

157 1035 193 1067 15
216 1018 481 1070 Glapionem,
507 1019 581 1069 qui
605 1017 832 1057 defunctus
857 1020 968 1055 esset
992 1030 1047 1055 an
1072 1016 1237 1055 viueret
1259 1016 1345 1054 iam
1371 1015 1444 1053 diu
1469 1018 1534 1053 est
1558 1013 1821 1059 dubitatum,

215 1086 328 1112 nunc
347 1077 511 1112 certum
529 1076 595 1111 est
613 1072 750 1110 obisse
768 1072 813 1110 in
832 1071 1053 1122 Hispania.
1102 1070 1218 1110 Nihil
1237 1069 1434 1108 audimus
1453 1069 1496 1107 in
1515 1072 1560 1107 te
1578 1067 1728 1114 moliri,
1749 1066 1823 1106 sed

216 1126 438 1179 magnifice
466 1127 519 1165 de
546 1130 589 1165 te
618 1126 811 1165 sentiunt
838 1125 1038 1176 theologi.

1705 1121 1821 1168 Vale,

1096 1125 1245 1164 Cetera
1274 1124 1462 1162 Hilarius
1491 1135 1646 1162 coram.

217 1182 344 1221 decus
363 1181 680 1233 presidiumque
697 1184 905 1219 nostrum.
954 1179 1021 1218 Ex
1040 1178 1091 1218 L?
1110 1180 1133 1218 8
1154 1179 1237 1218 kal.
1258 1178 1490 1218 decembris
1512 1187 1630 1227 1522.

540 1235 656 1274 Tuus
679 1234 904 1274 clientulus
927 1247 975 1273 ac
998 1234 1259 1285 mancipium
1282 1233 1344 1272 Io.
1368 1233 1509 1271 Fortis
1530 1231 1820 1271 Merbecanus.

272 1291 441 1330 Eximio
464 1290 663 1341 theologo
687 1289 860 1328 domino
885 1289 1063 1328 Erasmo
1087 1288 1392 1335 Roterodamo,
1416 1300 1492 1326 suo
1516 1290 1713 1338 patrono.

702 1478 886 1530 13231343
946 1475 1014 1517 To
1048 1474 1358 1516 FERDINAND.

268 1550 370 1596 Opus
386 1547 638 1595 Epistolarum
653 1559 687 1592 p.
704 1548 785 1592 764.

267 1609 311 1644 N.
329 1619 363 1653 p.
379 1608 448 1652 728
466 1620 474 1642 τ
502 1605 618 1642 Lond.
636 1617 697 1641 xx.
714 1617 756 1651 42
776 1619 783 1641 :
812 1605 885 1640 LB.
905 1605 985 1649 638.

1507 1545 1625 1580 Basle.

1384 1615 1430 1648 29
1446 1605 1657 1640 November
1675 1614 1774 1650 1522.

265 1687 351 1729 [The
367 1686 549 1730 year-date
564 1686 593 1718 is
608 1685 729 1728 amply
745 1684 935 1717 confirmed
950 1684 998 1726 by
1015 1683 1075 1716 the
1092 1688 1161 1716 two
1177 1684 1409 1727 Paraphrases
1426 1685 1637 1717 mentioned.
1678 1684 1825 1727 Though

222 1732 318 1765 there
340 1732 370 1763 is
392 1741 439 1763 no
462 1730 620 1762 mention
644 1729 723 1761 here
748 1728 782 1761 of
807 1739 828 1760 a
846 1727 1011 1770 privilege
1031 1738 1075 1760 on
1094 1728 1211 1760 behalf
1230 1728 1265 1760 of
1284 1728 1343 1761 the
1362 1728 1578 1771 Paraphrase
1597 1739 1641 1761 on
1660 1728 1710 1762 St.
1731 1729 1826 1762 John

220 1776 301 1827 ng.
328 1776 438 1825 1333),
461 1774 551 1824 Epp..
577 1783 674 1814 1344,
699 1781 782 1814 1353
803 1772 899 1804 show
920 1771 1001 1804 that
1021 1772 1187 1804 Erasmus
1217 1771 1386 1804 intended
1409 1772 1490 1804 that
1513 1772 1648 1823 Spiegel
1670 1772 1704 1813 (l.
1728 1774 1823 1815 3on),

218 1815 1095 1904 Eafflrffisnffiegsssfflsssisstssss'pffiffinassaiff3352·
1117 1815 1190 1891 ,1535
1200 1826 1259 1891 ...¹1¹3
1281 1815 1705 1902 ssipssrssffinissrtffiff
1704 1826 1728 1892 1⁰
1723 1815 1812 1901 233⁸
1816 1841 1826 1898 ξ

221 1907 358 1948 writing
375 1909 412 1938 to
428 1905 626 1937 Ferdinand
642 1908 680 1936 at
696 1904 755 1936 the
771 1913 866 1935 same
882 1904 967 1935 time
984 1902 1041 1944 (ef.
1060 1903 1124 1945 Ep.
1146 1913 1240 1945 1344.
1264 1902 1390 1944 111n).]

312 2039 529 2071 ERASMVS
558 2038 914 2070 ROTERODAMVS
942 2038 1277 2076 FERDINANDO,
1308 2037 1481 2068 CAROLI
1510 2037 1738 2068 CAESARIS

898 2096 1146 2127 GERMANO.

278 2161 488 2202 SALVTEM
535 2159 776 2211 plurimam,
825 2159 1086 2198 serenissime
1133 2158 1346 2209 Princeps.

1422 2158 1487 2198 Ne
1534 2157 1827 2197 celsitudinem

224 2220 346 2256 tuam
365 2215 558 2266 plurimis
586 2218 630 2254 et
657 2213 800 2253 arduis
829 2213 1012 2264 negociis
1039 2213 1412 2264 occupatissimam
1441 2212 1602 2251 diutius
1630 2225 1827 2259 remorer,

224 2270 428 2322 agnoscis,
452 2269 612 2319 opinor,
638 2269 864 2307 Erasmum
883 2267 1016 2314 illum,
1039 2268 1156 2306 cuius
1177 2267 1241 2305 De
1262 2267 1456 2318 Principe
1481 2266 1671 2305 libellum
1697 2267 1827 2306 etiam

224 2325 328 2365 mihi
345 2323 567 2364 reddidisti
585 2322 1001 2367 commendatiorem,
1021 2326 1171 2373 postea
1188 2334 1318 2372 quam
1336 2325 1413 2360 tua
1430 2321 1609 2360 lectione
1628 2320 1829 2372 dignatus

189 2397 204 2430 5
225 2393 281 2420 es.
337 2378 389 2418 In
415 2378 655 2430 praesentia
680 2377 785 2416 nihil
810 2381 911 2428 peto
938 2377 1017 2415 nisi
1043 2380 1107 2423 vt,
1135 2376 1170 2414 si
1196 2388 1449 2427 promereor,
1477 2379 1664 2414 veterem
1691 2376 1735 2414 in
1762 2388 1829 2414 me

226 2439 351 2474 tuum
392 2432 583 2472 fauorem
616 2432 823 2478 obtineas,
853 2431 1101 2482 praesertim
1130 2429 1208 2469 hoc
1236 2429 1375 2469 seculo
1402 2429 1525 2481 longe
1552 2429 1827 2469 turbulentis-

275 2554 370 2585 1322.
399 2563 425 2584 1.
453 2550 621 2590 Hilarius]
661 2551 892 2593 Bcrtulphus:
940 2561 994 2582 see

228 2597 293 2638 Ep.
316 2605 408 2637 1252.
431 2607 504 2638 1311.

273 2649 305 2678 4.
331 2618 481 2680 Collegio
503 2637 673 2680 trilingui]
697 2638 763 2671 For
786 2639 832 2670 its
855 2643 991 2680 present

228 2688 320 2715 state
341 2693 395 2714 see
416 2684 480 2724 Ep.
507 2692 599 2714 1221.

274 2727 306 2759 6.
332 2726 516 2767 ampliores
547 2724 696 2763 scholas]
728 2725 794 2757 For
825 2725 885 2757 the
918 2735 994 2766 pro-

231 2771 342 2802 vision
361 2771 395 2801 of
415 2770 509 2801 these
528 2779 583 2801 see
602 2769 665 2810 Ep.
691 2778 783 2801 1221.
809 2777 922 2809 15-17.

276 2823 306 2854 7.
332 2813 483 2845 Comites
524 2811 798 2854 Egmondenses]
841 2812 994 2853 Perhaps

230 2856 344 2897 Philip
370 2857 515 2897 (†1529)
544 2856 613 2887 and
633 2855 763 2897 George
791 2856 825 2896 (†
841 2864 936 2896 1559,
958 2865 995 2886 as

232 2900 295 2940 Bp.
314 2899 349 2931 of
366 2899 526 2938 Utrecht)
546 2899 703 2931 brothers
721 2899 755 2930 of
773 2899 824 2931 Ct.
844 2899 938 2931 John
956 2907 994 2930 1v

230 2943 265 2974 of
287 2942 452 2983 Egmont,
472 2942 550 2973 who
570 2952 639 2973 was
662 2942 720 2973 the
741 2942 857 2973 father
878 2942 912 2974 of
934 2942 993 2973 the

230 2986 366 3018 famous
398 2985 450 3017 Ct.
485 2985 645 3016 Lamoral
677 2987 869 3025 (1522-68).
926 2985 994 3016 For

230 3028 420 3061 indication
465 3028 499 3060 of
543 3028 632 3059 their
673 3029 865 3060 connexion
909 3028 993 3059 with

1065 2551 1222 2582 Louvain
1241 2560 1295 2582 see
1315 2550 1378 2591 Ep.
1403 2552 1483 2582 1018
1504 2549 1631 2581 introd.

1152 2593 1382 2632 conuictores]
1400 2593 1449 2626 Cf.
1470 2593 1534 2634 Ep.
1557 2603 1650 2625 1221.
1675 2602 1747 2631 14n.

1111 2646 1123 2668 1
1134 2646 1162 2677 3.
1189 2635 1398 2675 Conrardus]
1415 2637 1605 2679 Evidently
1621 2636 1805 2669 Goelenius
1820 2649 1826 2668 :

1063 2681 1117 2712 for
1132 2681 1246 2712 whom
1263 2691 1317 2712 see
1334 2681 1399 2722 Ep.
1422 2690 1515 2719 1209.

1151 2723 1365 2763 cubiculum]
1400 2724 1461 2756 See
1501 2724 1589 2765 Epp.
1634 2733 1726 2761 1209.
1769 2732 1827 2761 411,

1066 2777 1158 2799 1221.
1179 2777 1251 2806 1411.
1303 2768 1367 2809 Ep.
1386 2767 1480 2806 1296.
1499 2770 1615 2807 18-19‚
1627 2767 1738 2798 shows
1749 2766 1829 2797 that

1064 2812 1228 2843 Erasmus
1267 2811 1441 2852 preferred
1474 2814 1512 2843 to
1545 2811 1657 2842 retain
1687 2809 1740 2841 his
1771 2809 1828 2841 old

1063 2858 1222 2896 quarters
1239 2855 1274 2886 in
1292 2854 1351 2886 the
1369 2855 1437 2886 Lis.

1112 2906 1161 2937 14.
1189 2902 1289 2929 vetus
1301 2896 1458 2936 antrum]
1470 2896 1542 2929 The
1554 2896 1687 2938 College
1700 2896 1747 2928 du
1759 2896 1826 2928 Lis.

1112 2950 1123 2972 1
1135 2949 1162 2981 5.
1189 2940 1409 2983 Glapionem]
1425 2941 1486 2973 See
1502 2941 1567 2981 Ep.
1587 2948 1680 2981 1275.

1111 2985 1206 3017 1323.
1235 2993 1264 3024 3.
1291 2985 1343 3016 De
1359 2982 1532 3025 Principe]
1549 2983 1611 3016 See
1628 2984 1692 3025 Ep.
1709 2983 1780 3024 853.

1107 3037 1139 3066 4.
1167 3032 1229 3060 tua
1248 3026 1409 3065 lectione]
1431 3027 1478 3058 Cf.
1504 3027 1568 3068 Ep.
1595 3037 1687 3063 1000.
1709 3037 1789 3068 4711.
