2012 3370
282 146 361 184 300
758 146 1012 186 LETTERS
1043 147 1115 186 OF
1145 147 1408 187 ERASMUS
1759 150 1883 200 [1523

285 256 413 284 matter
437 254 626 285 connected
652 254 734 285 with
760 264 781 284 a
804 254 912 285 horse.
962 254 1138 287 Erasmus'
1164 256 1336 297 rejoinder
1358 257 1387 287 is
1412 256 1490 287 that
1515 255 1574 287 the
1598 256 1704 288 house
1728 268 1797 289 was
1821 262 1886 290 not

283 297 347 334 his,
367 297 437 328 and
458 297 537 328 that
555 297 596 328 he
616 297 686 328 had
704 308 750 328 no
767 308 883 338 power
902 308 985 329 over
1001 298 1048 329 its
1067 299 1256 338 retainers3
1290 300 1355 331 but
1374 300 1454 331 that
1472 299 1514 332 he
1533 299 1604 331 had
1622 300 1805 333 dismissed
1823 301 1883 334 the

283 344 425 371 servant
446 340 480 371 of
501 340 553 371 his
574 351 650 372 own
670 341 862 372 concerned
880 341 917 373 in
938 341 997 373 the
1017 342 1129 381 affair,
1149 343 1219 374 and
1239 353 1309 375 was
1329 343 1498 385 prepared
1519 346 1557 374 to
1576 343 1621 375 (10
1641 343 1700 376 the
1721 354 1816 376 same
1836 344 1883 386 by

281 394 303 414 a
324 383 455 415 certain
479 382 486 395 ‘
502 383 760 415 Hannouiensis
775 384 796 422 ’,
819 384 897 416 who
918 395 988 416 was
1009 385 1135 418 known
1157 390 1195 418 to
1216 386 1441 429 Eppendorff.
1487 386 1571 418 This
1591 397 1716 428 person
1737 397 1818 429 may
1841 387 1884 420 be

283 427 342 458 1110
389 426 533 468 quidam
555 430 652 459 veste
674 427 840 466 θοι-111000,
863 438 967 469 quem
989 428 1075 460 mihi
1096 434 1314 471 persuaserat
1336 431 1470 472 <Epp.>
1493 440 1565 461 esse
1587 430 1750 468 nobilem,
1773 441 1882 472 quum

284 480 363 500 mox
384 473 602 511 compertum
621 470 669 502 sit
685 470 784 502 illum
804 471 909 503 fuisse
929 482 1080 513 coquum
1100 473 1281 505 cuiusdam
1302 474 1477 515 magnatis
1496 473 1589 512 ruri3
1622 477 1659 505 et
1678 473 1783 515 paulo
1802 478 1883 516 post

281 513 372 554 fugit
389 524 406 544 e
420 513 621 552 diuersorio,
640 514 778 545 furatus
796 525 904 556 equos
922 515 1076 556 aliquot'
1098 517 1149 556 (P.
1171 527 1229 558 pp.
1250 519 1372 558 296—7‚
1393 518 1462 548 LB.
1483 517 1574 558 App.
1595 518 1672 557 346,
1696 527 1778 559 1737
1790 520 1834 558 c).

327 556 356 587 A
378 557 507 597 precise
529 557 611 589 date
632 558 661 588 is
682 561 746 589 not
766 568 847 600 easy
865 571 871 590 :
908 559 1056 601 perhaps
1076 560 1112 591 in
1135 560 1194 592 the
1216 561 1335 601 period
1358 561 1455 592 when
1479 560 1724 602 Eppendorff's
1745 561 1881 602 quari-el

282 599 365 631 with
381 601 546 632 Erasmus
559 611 628 632 was
642 601 827 643 beginning
841 602 897 643 (cf.
914 603 1004 644 Epp.
1022 605 1117 644 1376,
1134 604 1259 645 1377).]

335 678 375 717 8.
434 677 501 716 Ab
527 679 670 729 equite
696 679 748 718 de
774 693 817 718 re
844 680 1028 730 equestri
1055 680 1278 731 epistolam
1305 686 1543 730 equestrem
1571 681 1727 732 accepi,
1754 681 1882 721 homo

281 745 306 770 a
330 732 447 771 nulla
471 745 514 771 re
540 733 714 772 alienior
738 747 867 784 quain
895 747 920 772 a
945 735 1127 785 negociis
1152 736 1430 785 equestribus.
1488 735 1569 774 Tui
1593 735 1881 774 candidissimi

281 799 417 826 mores
440 790 484 826 et
507 787 697 826 studium
721 788 939 839 quoddam
963 802 1061 840 erga
1085 802 1151 828 me
1175 793 1343 840 praeter
1366 802 1490 828 omne
1514 790 1713 828 meritum
1738 803 1879 829 meum

280 854 364 879 non
398 841 570 893 vulgare
602 841 767 881 faciunt
799 847 849 881 vt
880 847 974 882 toto
1007 847 1178 894 pectore
1210 843 1379 882 faueam
1412 844 1718 883 existimationi
1750 847 1879 884 tuae:

244 908 527 946 5quanquam
564 896 644 935 hac
680 897 725 935 in
762 910 805 935 re
843 910 928 935 non
966 897 1146 936 arbitrer
1182 911 1276 936 eam
1314 898 1554 949 periclitari.
1613 898 1728 946 Quos
1765 912 1881 937 meos

279 950 464 1000 appelles
489 951 642 989 nescio.
700 951 767 990 Sic
794 952 876 990 mei
902 955 1003 990 sunt
1028 955 1078 990 vt
1103 951 1207 989 nihil
1232 952 1277 990 in
1302 966 1372 991 eos
1398 952 1579 991 habeam
1605 953 1720 999 iuris,
1747 965 1879 1004 quum

280 1004 352 1042 vix
383 1004 514 1043 vlluni
544 1005 725 1043 habeam
754 1006 799 1043 in
827 1005 1022 1044 famulos.
1081 1005 1193 1044 Edes
1222 1006 1301 1045 hae
1331 1006 1621 1046 Frobenianae
1650 1010 1764 1054 sunt,
1795 1020 1881 1046 non

279 1071 409 1096 meae.
469 1059 527 1097 Et
550 1060 585 1097 si
609 1072 727 1098 meae
751 1063 904 1106 essent,
929 1060 974 1098 in
998 1073 1095 1098 eum
1119 1073 1246 1111 quem
1271 1061 1421 1111 opinor
1444 1065 1487 1100 tc
1512 1062 1680 1108 sentire,
1706 1074 1792 1100 non
1815 1066 1881 1101 est

278 1112 394 1150 aliud
414 1112 515 1151 iuris
536 1113 617 1151 nisi
638 1117 687 1152 vt
709 1113 962 1153 admoneam
984 1118 1061 1152 aut
1081 1115 1212 1153 etiam
1233 1114 1450 1167 obiurgem
1472 1128 1601 1166 supra
1621 1116 1686 1154 ius
1707 1129 1849 1155 meum
1870 1129 1878 1155 :

222 1185 261 1207 10
278 1166 321 1204 id
348 1166 464 1217 quod
490 1166 653 1206 factum
681 1171 746 1206 cst
772 1172 1005 1219 antequam
1032 1168 1084 1207 (10
1111 1182 1220 1220 0(1110
1247 1174 1357 1208 esset
1384 1170 1557 1209 mentio.
1615 1170 1740 1209 Nunc
1766 1170 1879 1210 idem

277 1220 441 1259 factum
463 1225 528 1260 est
550 1221 747 1261 odiosius.

331 1275 375 1314 81
397 1275 501 1326 quid
523 1276 602 1315 hoc
626 1276 681 1315 ad
703 1290 791 1315 rem
814 1276 931 1324 facit,
956 1277 1302 1317 Hamiouienscm
1326 1278 1414 1317 vidi
1436 1291 1670 1330 nunquam,
1695 1292 1771 1318 nec
1794 1278 1881 1318 vlla

277 1329 548 1380 occasio<ne>
585 1331 688 1369 mihi
722 1335 850 1370 notus
884 1331 980 1379 suit,
1016 1332 1096 1370 nisi
1130 1333 1231 1383 quia
1265 1333 1369 1372 mihi
1403 1333 1575 1372 minime
1610 1337 1757 1385 gratus
1790 1346 1879 1373 esse

278 1384 403 1435 cepit.
476 1384 534 1423 Et
571 1385 650 1424 hac
688 1385 740 1424 de
780 1399 908 1424 causa
940 1387 1209 1437 potissimum
1243 1400 1376 1426 vnum
1410 1401 1432 1426 e
1465 1387 1635 1426 famulis
1669 1387 1877 1439 ablegaui‚

223 1456 256 1488 15
276 1451 409 1489 quum
429 1438 587 1490 alioqui
613 1452 680 1478 me
706 1439 811 1478 nihil
834 1439 1058 1479 offenderit
1086 1441 1154 1479 ille
1181 1441 1492 1480 Hanouiensis:
1529 1443 1603 1493 qui
1627 1442 1706 1481 tibi
1734 1442 1878 1481 dome·

277 1492 383 1531 stico
414 1493 544 1532 etiam
576 1494 775 1533 conuictu
806 1498 934 1533 notus
961 1499 1037 1534 est.
1097 1495 1235 1542 Quare
1266 1500 1361 1534 tute
1387 1496 1532 1535 videto
1559 1496 1663 1547 quid
1688 1497 1732 1535 in
1757 1496 1874 1535 illum

277 1550 456 1586 statuas.
515 1547 605 1599 Ego
632 1561 748 1588 meos
774 1548 992 1595 cohibebo,
1021 1550 1136 1600 quod
1162 1549 1335 1601 quidem
1360 1550 1404 1588 in
1430 1563 1498 1590 me
1524 1551 1616 1590 erit.
1675 1550 1751 1590 Ille
1776 1564 1878 1590 sane

277 1613 395 1640 meus
418 1614 504 1640 non
527 1606 604 1641 est.
663 1602 722 1641 Et
744 1603 779 1641 si
802 1607 948 1642 nostra
970 1603 1211 1655 Margareta
1233 1604 1425 1643 nonnihil
1447 1604 1648 1652 effutiret,
1674 1618 1777 1644 num
1800 1609 1879 1644 tua

276 1655 504 1706 prudentia
540 1656 778 1708 postularet
814 1661 864 1696 vt
900 1657 944 1696 id
982 1671 1008 1696 a
1044 1671 1112 1697 me
1149 1662 1472 1709 praestaretur?
1531 1659 1590 1698 Et
1626 1663 1773 1699 tamen
1809 1659 1877 1698 ille

218 1728 262 1750 20
276 1713 422 1749 sancte
457 1710 618 1750 deierat
653 1724 678 1750 a
712 1724 756 1750 se
790 1724 1002 1751 rumorem
1036 1725 1123 1751 non
1157 1725 1246 1752 esse
1280 1725 1487 1764 sparsum.
1547 1713 1670 1761 Quod
1703 1714 1740 1753 si
1773 1713 1878 1764 quid

275 1768 491 1814 peccasset
518 1778 660 1804 meum
688 1766 961 1817 mancipium,
990 1766 1035 1805 id
1061 1767 1177 1818 quod
1204 1771 1253 1806 tu
1280 1780 1367 1806 non
1394 1767 1553 1815 obiicis,
1581 1772 1728 1807 tamen
1754 1768 1878 1807 iuxta

275 1818 459 1870 priscum
487 1819 552 1858 ius
578 1819 735 1859 licebat
761 1833 899 1860 noxae
927 1821 1091 1860 dedere.
1149 1821 1270 1860 Dedo
1297 1822 1426 1874 igitur
1453 1822 1534 1861 tibi
1560 1826 1703 1861 totum
1731 1821 1876 1861 Hano·

274 1872 462 1912 uiensem
481 1877 526 1913 et
544 1869 725 1914 alterum
745 1876 813 1914 cui
831 1875 1032 1922 irasceris,
1053 1876 1170 1927 quod
1189 1876 1361 1927 quidem
1380 1877 1425 1915 in
1442 1876 1535 1916 illos
1554 1876 1658 1915 mihi
1676 1877 1780 1915 iuris
1797 1881 1877 1916 est.

274 1926 318 1967 81
347 1940 517 1979 sparsus
546 1932 612 1968 est
640 1942 796 1976 rumor,
827 1943 913 1981 quo
943 1930 1070 1969 modo
1099 1931 1258 1982 poterit
1287 1944 1313 1970 a
1341 1944 1409 1970 me
1439 1931 1660 1970 cohiberi?
1718 1931 1762 1971 Si
1791 1944 1877 1970 non

216 1999 253 2031 25
274 1982 433 2032 poterit
473 1982 588 2022 abire
629 1983 943 2023 Hannouiensis
983 1985 1064 2024 nisi
1103 1985 1286 2036 probata
1325 1998 1382 2033 re,
1424 1998 1510 2037 quo
1550 1985 1677 2024 modo
1718 1986 1878 2037 poterit

274 2036 480 2088 supprimi
524 2038 781 2090 negocium?
841 2038 893 2078 In
936 2052 1104 2078 summa
1147 2040 1294 2079 monui
1337 2053 1423 2079 non
1466 2040 1608 2087 semel,
1654 2039 1876 2092 obiurgaui

273 2089 429 2130 odiose.
487 2090 564 2131 Ille
587 2091 761 2131 deierat.
819 2092 962 2133 Scribe
985 2093 1090 2145 quid
1113 2094 1229 2133 aliud
1252 2094 1423 2146 possim,
1448 2098 1492 2134 et
1514 2094 1684 2134 faciam.

328 2144 443 2184 Bene
465 2145 573 2193 vale,
596 2146 823 2186 clarissime
845 2147 1163 2200 Epphendorpi.

327 2223 492 2263 Clariss.
523 2223 576 2263 D.
608 2224 791 2265 Henrieo
822 2225 1165 2278 Epphendorpio.

557 2363 679 2403 1372.
743 2362 883 2405 FROM
915 2363 1295 2405 BARTHOLOMEW
1327 2364 1587 2406 VILLANUS.

320 2453 468 2498 Leipzig
481 2453 555 2490 MS.
1608 2455 1745 2490 Locarn
1752 2467 1784 2490 0.

320 2511 395 2546 ΕΕ.
416 2521 468 2556 15.
1575 2523 1594 2558 3
1613 2513 1702 2559 July
1720 2523 1821 2558 1523.

317 2590 386 2630 [An
414 2591 557 2633 original
585 2591 699 2630 letter,
727 2592 922 2634 autograph
951 2591 1177 2634 throughout.
1228 2592 1246 2624 I
1274 2595 1403 2624 cannot
1430 2592 1573 2625 confirm
1601 2592 1661 2624 the
1687 2592 1869 2635 year-date

273 2633 338 2665 but
353 2634 449 2666 there
463 2635 492 2666 is
508 2635 655 2677 nothing
672 2640 709 2667 to
722 2636 868 2678 impugn
882 2638 923 2668 it.

318 2678 415 2709 Bart.
440 2677 595 2710 Villanus
619 2680 653 2711 of
676 2679 901 2718 Pontremoli,
925 2679 1037 2711 which
1058 2679 1088 2710 is
1109 2679 1144 2711 in
1169 2679 1228 2711 the
1250 2678 1450 2721 Apennines
1473 2690 1518 2711 on
1534 2679 1594 2711 the
1610 2679 1695 2711 road
1711 2679 1867 2711 between

273 2720 399 2752 Parma
414 2721 485 2753 and
501 2722 634 2764 Spezia‚
651 2733 761 2754 seems
776 2727 840 2755 not
857 2726 894 2754 to
911 2723 952 2754 be
969 2723 1151 2755 otherwise
1167 2723 1304 2755 known.
1345 2722 1399 2755 He
1416 2733 1486 2755 was
1502 2723 1651 2765 perhaps
1667 2734 1688 2754 a
1704 2733 1816 2755 canon
1830 2723 1868 2754 in

273 2764 331 2795 the
351 2764 530 2806 collegiate
546 2766 675 2799 chureh
695 2766 730 2798 of
750 2766 800 2799 St.
823 2767 943 2799 Victor
961 2770 1000 2798 at
1018 2766 1184 2798 Locamo.
1228 2766 1300 2798 The
1319 2766 1441 2808 family
1462 2766 1497 2798 of
1517 2767 1643 2799 Villani
1658 2767 1687 2798 is
1703 2766 1814 2798 found
1830 2770 1868 2797 at

272 2807 483 2840 Pontremoli
503 2808 593 2840 from
617 2810 829 2842 xivc-xviicz
861 2820 916 2842 see
935 2820 980 2842 an
998 2809 1239 2841 introduction
1257 2809 1304 2852 by
1323 2810 1430 2842 Aless.
1457 2810 1637 2842 d’Ancona
1661 2812 1734 2851 (pp.
1760 2820 1793 2848 x,
1818 2809 1867 2849 xi)

319 2954 345 2976 1.
371 2945 504 2986 equite]
520 2947 588 2978 For
603 2947 663 2979 the
677 2947 898 2989 signifieanee
914 2947 949 2979 of
965 2947 1036 2980 this
1150 2949 1200 2981 18.
1225 2946 1436 2990 Margareta]
1467 2945 1658 2988 Evidently
1688 2946 1867 2997 Erasmus’

273 2988 366 3073 wo7rd
373 2989 661 3074 1133ξῖλὲιέιέυὲζὲ
670 2991 780 3074 gp?
788 2993 861 3071 {g}
884 3001 958 3030 1911.
1103 2991 1338 3076 lgpilizslekegpir
1352 3003 1370 3065 :1
1375 2990 1530 3074 ‘pgr-haps
1543 2989 1602 3022 the
1616 2990 1864 3032 Rottpergcrin
