2012 3370
265 148 343 187 320
739 143 994 183 LETTERS
1025 143 1097 183 or
1126 143 1390 184 ERASMUS
1741 145 1866 193 [1523

185 275 245 308 305
268 256 568 307 Euangelicam
605 253 914 305 philosophiam
951 252 1089 292 adhuc
1125 257 1314 292 teneram
1351 266 1399 292 ac
1435 256 1679 292 nascentem
1715 254 1861 292 statim

267 315 437 351 coortus
457 315 522 349 est
542 308 725 347 mundus
749 307 945 346 omnibus
965 308 1049 346 suis
1070 308 1287 358 praesidiis
1304 321 1311 354 ;
1342 321 1416 359 per
1436 307 1618 346 Iudaeos
1636 312 1863 358 praetextu

266 366 476 416 religionis
501 364 703 402 aduersus
727 363 863 400 omnis
887 361 1096 413 religionis
1119 361 1282 401 fontem
1307 367 1559 413 pugnantes,
1585 374 1659 412 per
1682 361 1864 412 philoso-

269 421 374 471 phos
411 419 526 457 omni
562 417 780 456 doctrinae
817 429 965 467 genere
1002 416 1220 467 pollentes,
1258 429 1332 468 per
1368 417 1580 467 sophistas
1616 415 1864 466 disputandi

267 474 500 525 pertinacia
517 472 713 518 inuictos,
732 483 806 522 per
823 471 1011 509 rhetores
1029 470 1294 522 eloquentiae
1312 472 1472 509 viribus
1491 469 1772 516 admirabiles,
1791 482 1866 520 per

188 547 252 577 310
269 534 474 579 tyrannos
505 527 621 564 omni
651 538 800 575 genere
831 525 1105 564 saeuitiarum
1138 530 1338 572 armatos,
1371 538 1445 576 per
1475 538 1604 575 rech,
1638 524 1863 575 praesides

270 582 556 633 magistratus,
590 593 664 631 per
696 592 840 631 magos
872 593 919 618 ac
952 581 1273 631 praestigiarum
1307 580 1500 625 artifices,
1535 592 1608 629 per
1639 579 1865 617 daemones

268 638 392 676 huius
415 634 563 674 mundi
584 635 790 673 dominos.

323 691 413 729 Hos
436 703 582 729 omnes
605 689 830 736 tumultus,
856 689 974 727 velut
996 689 1207 727 inundans
1231 689 1438 727 malorum
1462 688 1648 739 pelagus,
1674 687 1866 738 Euange-

266 746 371 785 licae
400 745 594 784 veritatis
623 744 687 782 vis
715 743 895 794 excepit,
926 744 1141 789 sustinuit,
1172 744 1375 794 perrupit,
1407 743 1577 781 deuicit.
1635 741 1702 780 Ad
1731 741 1866 780 lucem

189 818 247 851 3¹5
268 801 380 839 enim
406 798 705 850 Euangelicam
731 811 914 849 aequum
939 802 1031 836 erat
1054 799 1197 836 omnia
1221 798 1432 836 humanae
1456 797 1674 848 potentiae
1698 795 1867 834 simula-

268 855 369 894 chra
385 866 645 893 euanescere.
692 853 878 891 Emicuit
896 852 1174 903 Euangelium
1190 852 1294 890 illud
1310 851 1488 903 simplex
1505 855 1548 890 et
1564 850 1735 896 humile,
1753 850 1869 901 quod

270 922 416 948 omnes
455 908 739 947 moliebantur
777 907 965 945 obruere.
1034 906 1149 944 Libri
1187 919 1331 945 eorum
1370 907 1444 957 qui
1482 918 1648 944 summo
1686 905 1867 956 ingenio,

271 963 451 1002 mirabili
469 962 717 1008 eruditione,
737 961 948 1012 exquisita
965 960 1166 999 facundia
1182 961 1440 1011 scripserunt
1456 959 1659 999 aduersus
1677 959 1869 1010 Euange-

270 1019 388 1064 lium,
421 1030 496 1056 ceu
528 1017 692 1055 somnia
722 1015 933 1066 quaedam
966 1015 1077 1054 vltro
1109 1019 1389 1061 euanuerunt,
1422 1014 1527 1053 adeo
1558 1018 1609 1053 vt
1638 1027 1691 1053 ne
1722 1017 1871 1052 extent

190 1090 254 1121 320
270 1072 456 1123 quidem,
483 1071 564 1109 nisi
590 1071 624 1108 si
650 1083 736 1121 qua
762 1069 1001 1120 fragmenta
1027 1073 1197 1108 seruata
1230 1072 1333 1107 sunt
1367 1082 1392 1108 a
1418 1068 1679 1108 Christianis.
1735 1067 1871 1119 Reges

273 1126 389 1177 quod
415 1126 531 1176 prius
551 1124 876 1176 impugnabant,
899 1123 1082 1163 adorant
1102 1137 1110 1169 ;
1147 1124 1312 1175 magica
1340 1124 1405 1162 vis
1433 1123 1623 1170 euanuit,
1645 1122 1872 1161 daemones

272 1180 478 1220 eiulantes
507 1180 745 1218 eiiciuntur.
804 1178 1077 1229 Philosophia
1107 1178 1298 1217 confessa
1327 1182 1392 1217 est
1421 1190 1542 1216 suam
1571 1177 1798 1223 inscitiam,
1829 1181 1873 1215 et

271 1235 418 1274 relicta
437 1234 572 1273 stulta
591 1234 811 1272 hominum
835 1233 1057 1284 sapientia,
1076 1232 1274 1284 amplexa
1296 1236 1361 1271 est
1383 1233 1619 1283 sapientem
1639 1231 1871 1270 stulticiam

270 1290 405 1329 crucis
425 1302 433 1335 ;
471 1288 659 1327 rhetores
681 1287 872 1327 scribunt
893 1288 1084 1326 encomia
1106 1287 1202 1326 Iesu
1224 1287 1392 1334 Christi,
1414 1290 1567 1337 poetae
1588 1286 1689 1325 deos
1710 1289 1874 1324 veteres

191 1362 229 1394 32
236 1362 251 1394 5
271 1343 491 1390 exibilant,
511 1347 555 1382 et
573 1355 648 1394 pro
666 1343 897 1381 innumeris
916 1355 1048 1380 vnum
1067 1341 1210 1380 Iesum
1229 1341 1443 1381 Christum
1461 1341 1708 1380 decantant.
1756 1339 1873 1378 Haec

272 1402 398 1437 tanta
418 1397 567 1436 mundi
586 1397 770 1436 mutatio
790 1397 936 1447 paucis
956 1397 1077 1435 annis
1098 1409 1123 1435 a
1143 1396 1309 1435 Christo
1329 1408 1453 1447 passo
1474 1408 1548 1446 per
1566 1399 1709 1434 totum
1729 1394 1873 1433 orbem

274 1452 363 1491 fieri
398 1455 550 1502 coepta
583 1455 661 1498 est,
697 1464 746 1490 ac
780 1450 905 1489 nullis
939 1450 1157 1501 praesidiis
1191 1450 1388 1489 humanis
1421 1462 1586 1500 semper
1618 1449 1799 1488 increuit
1830 1449 1874 1486 in

276 1507 426 1553 maius,
467 1506 601 1545 donec
640 1505 896 1544 fermentum
937 1505 1178 1544 admixtum
1216 1504 1378 1543 farinae
1417 1505 1521 1543 satis
1559 1503 1697 1543 tribus
1735 1506 1874 1541 totam

275 1561 461 1600 afficeret
485 1560 837 1611 conspersionem,
864 1559 997 1598 donec
1023 1572 1201 1610 granum
1227 1559 1384 1610 sinapis
1409 1563 1546 1597 terrae
1570 1556 1776 1596 infossum
1803 1569 1876 1607 per

195 1633 261 1666 330
276 1616 435 1662 Asiam,
456 1627 531 1665 per
550 1614 736 1653 Africam
757 1618 801 1653 et
821 1614 1037 1664 Europam
1057 1614 1143 1652 late
1163 1613 1369 1664 panderet
1388 1625 1528 1651 ramos
1548 1625 1658 1651 suos.

330 1669 508 1708 Accedit
530 1669 611 1707 huc
635 1668 751 1719 quod
773 1669 848 1719 qui
871 1669 1097 1707 veritatem
1121 1667 1422 1718 Euangelicam
1446 1666 1768 1717 oppugnabant,
1792 1678 1878 1704 non

278 1724 415 1763 solum
461 1723 679 1762 habebant
723 1723 843 1761 varia
887 1722 1233 1761 terriculamenta
1277 1721 1431 1772 quibus
1476 1720 1665 1759 mascula
1708 1732 1879 1771 quoque

276 1782 450 1830 pectora
476 1781 650 1829 possent
676 1776 938 1823 labefactari,
967 1776 1120 1823 edicta,
1149 1775 1393 1822 tribunalia,
1422 1774 1755 1821 confiscationes,
1784 1787 1878 1825 pro-

276 1833 539 1883 scriptiones,
563 1832 707 1878 .exilia,
737 1844 935 1878 carcereS,
965 1831 1143 1877 eculeos,
1173 1831 1325 1882 virgas,
1355 1843 1533 1876 secures,
1563 1842 1720 1876 cruces,
1749 1829 1878 1879 ignes,

197 1904 257 1938 335
280 1887 450 1933 bestias,
497 1890 683 1932 mortes3
744 1886 1025 1925 verumetiam
1069 1885 1286 1924 illecebras
1330 1884 1470 1923 varias
1513 1884 1668 1935 quibus
1713 1883 1880 1921 animus

279 1941 477 1992 quamuis
516 1941 736 1979 continens
774 1944 918 1991 posset
956 1940 1182 1991 corrumpi.
1249 1939 1432 1978 Dicebat
1469 1938 1634 1984 Caesar,
1676 1937 1685 1952 ‘
1704 1937 1880 1988 Abnega

281 1996 509 2041 Christum,
531 1999 576 2034 et
594 1999 686 2034 esto
715 1995 827 2034 inter
856 2007 1047 2045 proceres
1077 2007 1192 2033 meos
1222 1994 1412 2045 primus:
1458 1993 1502 2031 ni
1531 1992 1648 2038 facis,
1680 1990 1878 2030 confisca-

281 2051 442 2088 buntur
468 2062 614 2087 omnes
640 2053 740 2088 tuae
767 2048 1007 2095 facultates,
1036 2049 1223 2088 saeuiam
1250 2049 1295 2086 in
1321 2060 1496 2086 vxorem
1524 2060 1572 2086 ac
1598 2046 1764 2092 liberos,
1791 2046 1880 2096 ipse

282 2105 427 2143 bestiis
449 2104 654 2142 obiicieris
674 2103 697 2141 '.
750 2102 852 2150 Quis
873 2103 940 2142 hic
961 2103 1171 2154 persuasit
1191 2106 1260 2141 tot
1280 2102 1500 2141 hominum
1522 2101 1691 2140 milibus
1713 2104 1764 2139 vt
1784 2113 1879 2139 cum

201 2175 266 2207 340
284 2158 439 2209 gaudio
469 2158 709 2208 acciperent
737 2157 916 2196 honores
950 2157 1188 2208 ademptos,
1217 2156 1445 2196 facultates
1474 2156 1674 2206 direptas,
1705 2158 1756 2193 vt
1784 2167 1879 2193 con-

285 2213 510 2263 spicientes
532 2224 603 2250 eos
625 2211 780 2262 quibus
802 2211 906 2250 nihil
929 2211 1147 2250 habebant
1169 2210 1401 2250 secundum
1424 2210 1562 2249 Deum
1586 2209 1765 2255 charius,
1789 2209 1881 2259 rapi

282 2266 337 2306 ad
355 2266 560 2305 immania
577 2266 796 2316 supplicia,
817 2266 975 2317 gratias
994 2269 1167 2316 agerent
1186 2278 1194 2304 :
1230 2269 1280 2304 vt
1297 2266 1377 2316 ipsi
1396 2265 1568 2304 demum
1587 2277 1720 2315 quum
1738 2263 1881 2302 liceret

283 2321 478 2372 effugere,
506 2333 639 2371 quum
665 2320 810 2359 liceret
835 2320 968 2358 tantis
995 2319 1123 2371 potiri
1149 2319 1395 2365 commodis,
1423 2319 1535 2358 vltro
1562 2332 1605 2358 se
1631 2317 1882 2369 praeberent

282 2374 641 2414 excarnificandos
662 2377 678 2413 ⁶?
733 2374 861 2413 Nulla
886 2375 950 2413 vis
975 2374 1186 2413 humanae
1211 2373 1435 2412 facundiae
1460 2373 1504 2411 id
1529 2373 1766 2424 potuisset3
1808 2370 1882 2410 sed

203 2446 262 2478 345
283 2430 429 2468 diuina
448 2429 537 2468 veri
558 2429 622 2467 vis
642 2429 798 2479 potuit,
820 2442 929 2479 quae
949 2428 1114 2467 latebat
1133 2429 1177 2466 in
1197 2441 1326 2479 grano
1348 2428 1518 2478 sinapis.

336 2484 425 2523 Nec
449 2483 795 2534 philosophorum
820 2483 1014 2521 doctrina
1038 2483 1175 2521 caruit
1197 2482 1416 2521 lenocinio.
1471 2481 1601 2520 Stoici
1624 2480 1880 2525 libertatem,

285 2551 406 2577 veras
437 2537 624 2584 diuitias,
656 2538 876 2584 sanitates,
908 2550 1084 2589 regnum
1115 2536 1282 2587 aliaque
1312 2536 1430 2575 dictu
1461 2533 1685 2586 magnifica
1715 2533 1881 2584 pollice-

287 2593 457 2631 bantur.
521 2592 718 2643 Epicurei
747 2592 1016 2642 voluptatem
1046 2591 1219 2630 auribus
1252 2591 1473 2629 hominum
1509 2588 1880 2628 commendabant.

285 2647 557 2698 Peripatetici
579 2647 765 2697 corporis
786 2646 899 2685 bona
920 2660 1017 2685 cum
1039 2647 1200 2685 virtute
1223 2645 1495 2696 copulabant.
1546 2644 1605 2683 At
1627 2641 1884 2694 Euangelica

354 2749 426 2780 311.
452 2747 513 2778 per
533 2746 653 2777 magos
670 2740 747 2776 post
762 2736 914 2768 artifices
936 2736 1031 2768 'iterat
1053 2748 1094 2768 a:
1130 2746 1193 2768 om.
1218 2737 1250 2770 β.
1412 2737 1484 2777 326.
1510 2743 1614 2775 passo
1634 2745 1676 2765 a:
1712 2731 1824 2763 occiso
1845 2734 1880 2767 β.

288 2793 360 2824 345.
386 2781 459 2812 veri
480 2783 541 2812 ao:
577 2790 658 2812 vere
680 2792 706 2812 ε.

337 2913 409 2944 323.
434 2902 627 2934 stulticiam
659 2902 783 2941 crucis]
806 2902 856 2936 Cf.
885 2912 896 2934 1
924 2903 998 2935 Cor.
1028 2912 1054 2934 1.
1121 2903 1216 2935 Luke
1237 2912 1285 2942 13.
1304 2911 1356 2934 21.
1403 2900 1588 2939 Sat-um(=
1609 2899 1721 2940 σάτον)
1740 2899 1883 2932 denotes

295 2948 346 2984 18,
375 2946 519 3025 236252—114d
550 2946 614 2988 Ep.
649 2956 723 2987 337⁰
755 2955 845 2987 497;
887 2946 961 2978 also
989 2947 1052 2988 Ep.
1121 2945 1495 3021 aH2ebrev1Yahnli313nsgirriea
1522 2985 1616 3026 is]Cf
1638 2987 1731 3019 Matt
1758 2996 1769 3018 1
1845 2997 1857 3020 1

296 2999 412 3074 1433’8.
437 3013 663 3071 fernientum]
689 3032 729 3064 Cf
778 3032 881 3064 Matt.
913 3042 960 3072 13.
1000 3042 1054 3073 33,
1117 3000 1312 3072 2,:l3tlgrkg4.
1332 3040 1430 3072 30-2,
1447 2997 1543 3063 Lulie
1563 3011 1750 3071 13.·18-19·.
1777 2996 1838 3029 3'3
1864 3008 1884 3013 -
