2012 3370
221 136 300 177 314
696 134 950 174 LETTERS
982 135 1054 174 OF
1084 135 1347 175 ERASMUs
1697 137 1822 186 [1523

277 245 459 284 Proinde
486 244 662 283 videbar
689 244 792 281 mihi
818 243 1011 282 facturus
1039 246 1413 295 congruentissime
1441 245 1474 282 si
1505 244 1581 282 tibi
1609 244 1819 283 medicum

163 325 201 358 35
224 300 336 339 hunc
362 299 667 350 Euangelicum
694 299 923 345 mitterem,
950 299 1024 349 qui
1049 311 1190 337 sacras
1213 298 1358 338 literas
1383 298 1490 337 adeo
1515 311 1602 337 non
1626 298 1822 338 fastidias

224 359 286 401 vt,
317 353 432 405 quod
461 357 539 392 tua
566 353 726 403 scripta
754 355 985 399 testantur,
1014 353 1059 391 in
1087 353 1152 391 his
1180 354 1311 392 etiam
1340 353 1453 392 vltra
1484 352 1821 391 mediocritatem

223 409 462 461 profeceris,
487 411 537 446 vt
559 407 634 458 qui
655 406 736 445 tibi
759 406 891 446 donet
913 406 1075 458 aliquid
1097 407 1223 446 huius
1244 409 1420 459 generis,
1444 420 1530 446 non
1553 411 1645 445 tam
1668 419 1824 446 munus

223 463 324 502 dare
347 462 546 501 videatur
568 474 699 512 quam
723 461 908 500 officium
930 474 1145 512 reponere.
1198 462 1310 509 Quid
1332 462 1448 513 quod
1471 466 1516 500 et
1539 462 1724 500 coniunx
1746 465 1825 500 tua

224 517 499 563 nobilissima,
533 516 707 554 Vnicum
740 516 820 554 1100
853 529 960 555 aeuo
992 529 1117 555 verae
1150 517 1324 568 pietatis
1356 515 1586 567 exemplar,
1619 515 1826 554 fastiditis

162 596 208 627 40
224 573 347 623 nugis
382 570 659 610 muliebribus
696 570 853 609 bonam
889 570 971 609 diei
1007 575 1174 622 partem
1211 571 1391 610 collocat
1425 572 1469 609 in
1505 571 1634 609 sacris
1668 570 1822 609 libris?

224 639 322 665 cum
356 625 460 664 alias
498 626 708 676 principes
745 625 966 672 foeminas,
998 639 1108 676 quae
1146 627 1377 664 maximam
1416 626 1621 675 temporis
1658 628 1825 675 partem

224 682 268 719 in
291 679 491 726 fucando,
515 680 560 718 in
584 679 676 718 alea
699 679 990 731 similibusque
1012 680 1175 719 lusibus
1199 684 1440 726 conterunt,
1466 680 1699 718 admonens
1723 678 1826 729 quid

224 736 338 787 ipsas
363 734 540 781 deceat;
581 738 676 773 tum
701 734 823 773 nobis
847 738 1038 773 nostram
1063 735 1324 785 exprobrans
1348 735 1563 785 ignauiam
1589 733 1657 772 vel
1680 733 1826 784 impie·

227 794 362 829 tatem
401 789 558 840 potius,
599 790 672 839 qui
712 790 944 827 maximam
983 790 1099 828 vitae
1138 793 1304 840 partem
1343 790 1387 827 in
1426 789 1657 839 prophanis
1694 787 1827 826 literis

165 868 204 900 45
228 844 504 883 absumimus.
561 842 654 882 Iam
684 844 718 881 si
746 843 825 882 hoc
854 844 1062 894 imprimis
1089 857 1214 881 curae
1243 848 1320 890 cst,
1352 847 1401 882 vt
1427 845 1472 882 in
1499 842 1825 881 monarcharum

228 899 335 938 aulis
364 911 529 949 semper
558 897 702 936 adsint
735 902 885 936 exacte
919 898 1035 936 docti
1064 902 1396 948 perspectaeque
1424 897 1523 936 fidei
1558 897 1723 943 medici,
1754 896 1827 946 qui

228 966 373 992 curam
405 956 537 1004 agant
566 953 669 1003 regii
700 953 914 1002 corporis3
963 956 1127 1002 quanto
1159 953 1293 1002 magis
1325 953 1526 990 conuenit
1555 952 1639 990 illic
1671 951 1829 990 versari

228 1008 388 1046 Lucam
410 1006 636 1053 medicum,
660 1007 733 1057 qui
755 1019 842 1044 11011
863 1007 1124 1045 scammonio
1146 1010 1223 1045 aut
1244 1006 1427 1045 elleboro
1449 1010 1624 1045 tueatur
1645 1005 1831 1056 corporis

228 1062 385 1101 bonam
402 1061 708 1107 valetudinem,
727 1060 801 1099 sed
818 1060 989 1099 coelesti
1005 1061 1237 1112 pharmaco
1253 1060 1405 1099 liberet
1421 1062 1612 1099 animum
1630 1073 1656 1098 a
1673 1059 1832 1098 morbis

170 1140 212 1172 50
229 1116 285 1155 ad
326 1120 544 1155 aeternam
584 1119 767 1154 mortem
808 1115 1155 1166 pertrahentibus
1177 1115 1183 1153 !
1242 1117 1315 1166 qui
1357 1119 1458 1154 sunt
1486 1116 1697 1167 ignoratio
1727 1115 1829 1160 veri,

229 1170 467 1210 diffidentia
487 1183 586 1221 erga
607 1170 760 1216 Deum,
784 1183 903 1208 amor
924 1170 1049 1208 huius
1071 1169 1233 1217 mundi,
1257 1170 1449 1216 ambitio,
1473 1170 1668 1216 auaritia,
1691 1169 1831 1216 luxus,

230 1225 389 1272 odium,
405 1224 581 1264 inuidia.
641 1224 753 1263 Nam
768 1224 834 1263 his
849 1224 1008 1264 morbis
1023 1225 1209 1263 obnoxia
1223 1228 1289 1263 est
1308 1225 1445 1263 omnis
1461 1225 1552 1263 vita
1572 1223 1832 1270 mortalium,

230 1278 594 1331 quemadmodum
623 1280 686 1318 ait
713 1278 896 1318 Ioannes
923 1278 1168 1330 Apostolus,
1199 1279 1424 1330 deplorans
1452 1283 1595 1318 totum
1624 1277 1831 1317 mundum

230 1336 275 1374 in
292 1334 405 1373 malo
422 1334 611 1385 positum
628 1346 731 1380 esse,
750 1347 827 1372 nec
845 1333 960 1373 aliud
977 1335 1022 1372 in
1039 1347 1088 1373 00
1105 1347 1280 1386 regnare
1297 1347 1427 1384 quam
1446 1333 1832 1384 concupiscentiam

173 1413 188 1443 5
196 1412 210 1443 5
233 1389 383 1435 carnis,
422 1389 810 1438 concupiscentiam
848 1388 1067 1427 oculorum
1105 1392 1149 1427 et
1186 1388 1428 1439 superbiam
1466 1389 1596 1427 vitae.
1662 1387 1729 1425 Ab
1767 1386 1832 1425 his

233 1443 391 1482 morbis
422 1443 502 1481 1100
533 1442 630 1493 plus
661 1446 726 1481 est
757 1443 932 1493 periculi
969 1443 1146 1481 summis
1177 1443 1451 1493 principibus,
1485 1455 1571 1493 quo
1603 1441 1737 1480 maior
1769 1444 1834 1479 est

231 1497 498 1548 indulgentia
517 1496 716 1536 fortunae
737 1501 782 1535 et
803 1496 919 1548 quod
938 1497 1044 1536 libet
1064 1497 1249 1536 faciendi
1268 1497 1454 1536 licentia.

288 1552 443 1590 Videor
459 1555 605 1590 autem
622 1551 726 1590 mihi
742 1564 829 1590 non
843 1552 1014 1590 inanem
1032 1564 1204 1602 operam
1221 1556 1483 1602 sumpturus,
1502 1552 1536 1589 si
1554 1551 1632 1589 tibi
1649 1551 1834 1601 primum

235 1606 395 1645 Lucam
431 1605 656 1652 medicum,
694 1605 847 1644 deinde
881 1606 1161 1657 pharmacum
1197 1606 1313 1657 quod
1349 1605 1501 1652 adfert,
1539 1606 1685 1657 paucis
1721 1617 1832 1643 com-

173 1678 219 1705 00
235 1660 467 1706 mendaro;
513 1660 688 1699 tametsi
716 1673 803 1699 non
832 1659 984 1699 dubito
1014 1661 1118 1711 quin
1147 1664 1364 1711 vtrunque
1393 1661 1462 1706 sit,
1493 1664 1543 1698 vt
1573 1673 1662 1698 esse
1691 1658 1834 1704 debet,

235 1719 336 1754 tuae
355 1714 507 1766 pietati
527 1714 1005 1753 commendatissimum.
1053 1715 1264 1754 Nimirum
1284 1715 1351 1753 hic
1370 1719 1435 1753 est
1453 1714 1522 1752 ille
1541 1714 1677 1752 Lucas
1696 1714 1836 1765 patria

236 1769 546 1808 Antiochensis.
604 1768 700 1817 (Est
725 1773 871 1808 autem
896 1768 1125 1808 Antiochia
1151 1770 1303 1808 ciuitas
1329 1769 1429 1808 olim
1455 1768 1562 1807 adeo
1588 1768 1762 1806 celebris
1787 1780 1836 1805 ac

236 1827 388 1875 potens
405 1827 455 1861 vt
471 1824 509 1862 ei
526 1824 639 1877 parti
656 1823 802 1874 Syriae
819 1837 929 1874 quae
946 1823 1133 1863 Ciliciam
1152 1824 1340 1874 attingit,
1358 1836 1514 1862 nomen
1531 1822 1696 1862 dederit
1715 1835 1723 1868 ;
1758 1822 1837 1860 1100

238 1879 332 1929 ipsa
370 1890 540 1929 quoque
579 1877 720 1916 Roma
757 1877 930 1925 felicior,
971 1878 1088 1929 quod
1126 1878 1194 1917 hic
1233 1879 1418 1930 primum
1457 1877 1600 1916 sedem
1639 1877 1838 1915 habuerit

176 1952 214 1984 05
237 1933 539 1983 Apostolorum
563 1932 759 1983 princeps
782 1932 947 1979 Petrus,
973 1933 1174 1984 quodque
1196 1933 1241 1971 in
1264 1932 1344 1972 hac
1367 1932 1526 1971 Paulus
1550 1936 1594 1970 et
1617 1931 1838 1970 Barnabas

236 1986 472 2038 Apostoliei
498 1987 684 2025 muneris
710 1986 966 2038 dignitatem
992 1988 1266 2038 acceperint.)
1320 1987 1422 2026 Fuit
1448 1991 1594 2025 autem
1620 1985 1842 2024 familiaris

238 2040 541 2092 Apostolorum
558 2042 761 2088 omnium,
780 2041 854 2080 sed
874 2042 1126 2093 praecipuus
1147 2045 1382 2080 assectator
1402 2041 1537 2088 Pauli,
1555 2045 1687 2091 atque
1707 2041 1838 2078 etiam

237 2095 587 2146 peregrinationis
609 2095 722 2134 illius
744 2095 992 2135 indiuiduus
1016 2110 1169 2135 comes.
1223 2096 1290 2135 Ex
1314 2097 1514 2135 conuictu
1537 2094 1841 2146 Apostolorum

238 2149 407 2200 scripsit
430 2148 711 2200 Euangelium
731 2163 740 2196 ;
780 2163 832 2188 ex
855 2150 920 2189 his
943 2164 1054 2201 quae
1077 2151 1236 2189 Paulus
1256 2152 1350 2202 ipso
1373 2154 1484 2189 teste
1506 2150 1648 2202 gessit,
1674 2149 1842 2199 scripsit

177 2224 222 2255 70
239 2203 440 2242 volumen
479 2204 546 2241 cui
583 2203 760 2242 titulum
797 2204 901 2243 fecit
937 2205 1049 2243 Acta
1086 2205 1403 2256 Apostolorum.
1471 2204 1581 2243 Eam
1619 2204 1839 2242 historiam

240 2257 445 2308 produxit
473 2270 608 2309 Vsque
637 2257 693 2296 ad
722 2258 956 2296 secundum
986 2272 1147 2298 annum
1176 2259 1298 2298 Pauli
1328 2259 1492 2298 Romae
1522 2258 1839 2303 commorantis,

240 2312 320 2351 hoc
336 2315 402 2351 est
418 2324 553 2362 vsque
572 2311 628 2350 ad
644 2316 847 2363 quartum
866 2312 1047 2352 Neronis
1067 2313 1255 2352 Caesaris
1271 2327 1278 2351 :
1310 2313 1422 2352 vnde
1443 2314 1673 2352 conjiciunt
1693 2311 1841 2350 eadem

239 2367 284 2405 in
303 2366 406 2405 vrbe
423 2366 580 2404 librum
599 2379 688 2405 esse
706 2368 926 2418 scriptum.
974 2367 1171 2418 Satisque
1190 2371 1360 2406 constat
1377 2368 1489 2406 inter
1507 2366 1709 2412 eruditos,
1729 2366 1842 2404 hunc

241 2433 329 2459 esse
357 2421 476 2459 euius
502 2421 631 2459 toties
656 2422 701 2459 in
727 2421 916 2472 epistolis
943 2423 1138 2460 meminit
1165 2422 1322 2460 Paulus
1349 2421 1579 2472 Apostolus
1600 2434 1607 2458 :
1652 2420 1771 2459 velut
1796 2420 1841 2458 in

180 2493 219 2526 75
241 2474 422 2526 epistola
450 2474 505 2513 ad
534 2475 773 2514 Corinthios
802 2476 1000 2523 secunda,
1033 2476 1041 2491 ‘
1061 2476 1252 2514 Misimus
1280 2477 1411 2514 etiam
1440 2488 1537 2514 cum
1564 2475 1636 2514 illo
1663 2473 1841 2512 fratrem

241 2533 449 2576 nostrum,
470 2530 589 2568 cuius
606 2529 699 2568 laus
717 2534 782 2569 est
799 2531 844 2568 in
862 2530 1095 2581 Euangelio
1113 2543 1188 2581 per
1205 2543 1351 2569 omnes
1369 2530 1564 2569 ecclesias
1583 2529 1607 2567 '.
1655 2529 1842 2567 Rursum

242 2583 428 2622 scribens
465 2583 521 2622 ad
558 2583 835 2631 Colossenses,
877 2584 885 2599 ⁶
905 2585 1076 2624 Salutat
1096 2585 1104 2600 '
1142 2585 1284 2636 inquit
1323 2584 1330 2599 ‘
1350 2597 1427 2624 vos
1464 2584 1614 2630 Lucas,
1653 2582 1842 2622 medicus

242 2638 513 2677 charissimus
532 2637 556 2676 ’.
605 2638 792 2677 Rursum
810 2640 854 2677 in
873 2639 1053 2690 epistola
1071 2638 1127 2677 ad
1145 2638 1417 2678 Timotheum
1436 2638 1634 2684 secunda,
1658 2637 1666 2652 ‘
1685 2637 1844 2676 Demas

289 2742 339 2773 41.
365 2732 538 2773 principes
565 2734 610 2767 B:
638 2733 806 2774 principis
832 2745 863 2764 α.
1000 2737 1051 2776 46.
1077 2737 1279 2776 perspectae
1306 2746 1339 2774 7.
1482 2744 1535 2777 74.
1559 2731 1749 2774 Apostolus
1778 2732 1840 2763 αδε

243 2785 306 2806 om.
327 2786 378 2814 γε.
515 2786 566 2819 77.
591 2777 635 2810 βε
661 2775 890 2810 Collossenses
909 2789 939 2808 α.

290 2901 342 2937 36.
369 2899 512 2939 scripta]
529 2899 591 2932 See
607 2899 673 2941 Ep.
696 2907 790 2943 1227.
807 2911 863 2942 5n.
1121 2912 1173 2943 53.
1201 2899 1365 2940 Ioannes]
1383 2910 1408 2932 1.
1426 2910 1455 2932 2.
1477 2908 1594 2942 15-17.

292 2951 343 2983 37.
370 2942 569 2982 profeceris]
586 2943 636 2975 Cf.
657 2944 720 2984 Ep.
745 2954 838 2986 1227.
857 2954 935 2984 24n.
1119 2955 1171 2988 75.
1198 2943 1409 2982 Corinthios]
1425 2953 1455 2974 2.
1473 2945 1503 2975 8.
1525 2945 1573 2975 18.

292 2985 344 3026 38.
370 2985 538 3024 coniunx]
581 2986 631 3018 Cf.
677 2987 766 3028 Epp.
816 2990 909 3020 1028.
952 2997 1011 3027 411,
1122 2999 1175 3030 77.
1199 2986 1431 3025 Colossenses]
1445 2997 1477 3027 4
1500 2996 1548 3027 14-

252 3035 349 3068 1313.
371 3037 423 3068 77,
446 3034 542 3068 1404.
560 3038 613 3069 24.
1121 3032 1172 3073 78.
1198 3028 1436 3068 Timotheum]
1452 3038 1482 3061 2.
1500 3039 1532 3070 4.
1554 3038 1604 3067 10,
1626 3038 1674 3060 11.
