2012 3370
200 1342 239 1373 45
261 1336 392 1374 quam
426 1323 560 1363 decet.

259 128 337 166 258

728 128 984 167 LETTERS
1016 127 1088 168 OF
1118 127 1382 167 ERASMUS

1733 126 1859 175 [1523

315 238 488 278 Vtinam
506 238 703 276 adessent
722 237 824 275 mihi
842 237 1051 287 praesidia
1067 249 1177 287 quae
1194 236 1297 275 mihi
1313 235 1466 274 tribuis
1483 235 1539 274 ad
1556 234 1862 274 cohercendum

260 293 339 331 hoc
365 292 584 331 dissidium
606 292 613 330 1
656 305 742 329 non
767 291 999 329 dubitarim
1025 291 1149 329 huius
1174 292 1290 330 vitae
1314 291 1479 329 iactura
1502 288 1682 340 publicis
1707 289 1864 328 mederi

261 347 395 386 malis.

455 347 645 385 Primum
673 345 785 396 stylo
809 346 956 384 vincor
982 359 1007 384 a
1034 345 1192 392 multis,
1219 358 1296 384 nec
1324 345 1427 384 haec
1452 357 1517 382 res
1547 343 1660 394 stylo
1691 344 1862 395 geritur.

262 401 456 439 Eruditio
482 401 604 451 longe
630 404 694 438 est
719 399 830 438 infra
854 399 1192 439 mediocritatem
1213 412 1221 445 ;
1264 403 1307 438 et
1332 400 1365 437 si
1391 412 1477 450 qua
1502 402 1579 444 est,
1606 411 1658 436 ex
1683 398 1865 436 vetustis

261 455 482 494 autoribus
515 455 669 493 hausta
700 459 778 501 cst,
812 458 861 493 vt
892 455 1032 505 aptior
1063 455 1118 493 sit
1149 454 1339 493 concioni
1370 466 1500 504 quam
1531 465 1711 503 pugnae.

202 524 244 554 30
261 510 384 548 huius
409 509 655 547 homunculi
679 522 789 559 quae
812 510 948 560 possit
972 522 1060 547 esse
1085 509 1293 547 autoritas
1315 511 1330 546 ‘?

1772 452 1864 490 Iam

1390 508 1457 546 An
1482 506 1597 558 apud
1622 506 1698 545 hos
1723 506 1866 544 valeat

260 564 469 602 autoritas
506 563 685 609 Erasini,
723 563 838 614 apud
873 576 979 614 quos
1015 563 1119 601 nihil
1154 563 1285 601 habet
1320 561 1518 613 ponderis
1554 561 1763 599 autoritas
1798 564 1867 598 tot

260 617 588 664 academiarum,
609 621 677 656 tot
696 618 948 668 principum,
970 630 1018 656 ac
1038 618 1192 656 summi
1212 617 1394 667 (lenique
1414 614 1632 654 Pontificis
1653 617 1668 653 ‘?
1718 613 1867 654 Gratia

259 672 294 710 si
310 685 396 723 qua
414 672 510 718 fuit,
532 676 609 710 aut
628 672 685 710 sic
705 672 871 711 refrixit
890 676 939 710 vt
959 685 1065 722 pene
1084 672 1201 710 nulla
1220 672 1288 717 sit,
1310 675 1387 709 aut
1406 683 1576 721 prorsus
1596 669 1771 715 interiit,
1790 673 1867 707 aut

258 727 303 764 in
323 726 468 764 odium
490 727 620 765 etiam
641 738 763 765 versa
783 731 860 765 est.
912 726 991 773 Qui
1013 730 1141 765 antea
1162 726 1370 764 sexcentis
1391 724 1579 776 epistolis
1601 723 1868 762 describebar

200 795 236 826 33
263 780 271 795 ‘
291 784 356 819 ter
391 781 603 819 maximus
639 781 761 819 heros
781 780 805 827 ⁹,
838 780 847 795 ‘
867 782 1061 832 princeps
1091 781 1310 819 literarum
1326 779 1349 826 ',
1384 779 1393 794 ‘
1413 779 1543 830 sydus
1574 778 1825 817 Germaniae
1842 777 1865 823 ⁹,

261 834 270 850 ‘
286 834 348 873 sol
371 835 610 874 studiorum
626 834 650 882 ',
675 835 683 850 ‘
699 836 878 874 antistes
902 835 1110 874 bonarum
1133 834 1351 873 literarum
1368 834 1392 880 ',
1416 834 1425 848 ‘
1440 833 1597 871 vindex
1619 832 1868 883 syncerioris

260 889 497 940 theologiae
513 889 536 936 ',
559 903 671 928 nunc
693 894 770 928 aut
789 889 914 928 sileor
934 894 1011 927 aut
1030 889 1153 940 longe
1174 889 1350 927 diuersis
1371 887 1581 927 coloribus
1602 887 1819 938 depingor.

314 943 431 983 Nihil
449 957 589 982 moror
606 944 752 982 inanes
770 944 862 982 illos
882 943 1044 989 titulos,
1064 943 1219 994 quibus
1237 943 1340 981 nihil
1360 942 1476 981 aliud
1494 955 1622 992 quam
1643 940 1867 993 grauabar.

262 998 424 1045 Quibus
453 999 653 1037 conuiciis
682 998 807 1036 multi
834 1011 946 1036 nunc
975 997 1294 1036 debacchantur
1321 998 1365 1035 in
1393 1000 1524 1047 caput
1552 1009 1707 1042 meum,
1737 1008 1867 1046 quam

198 1068 243 1098 40
261 1052 536 1091 amarulentis
570 1052 719 1091 libellis
754 1053 982 1098 incessunt,
1019 1052 1173 1102 quibus
1208 1051 1333 1089 minis
1367 1050 1595 1089 territant!
1632 1050 1721 1089 Nec
1754 1050 1866 1088 enim

260 1106 488 1145 defuerunt
508 1107 583 1157 qui
604 1107 707 1145 mihi
729 1107 907 1145 exitium
929 1106 1248 1152 denunciarent,
1272 1105 1305 1143 si
1327 1104 1431 1156 quid
1452 1118 1519 1144 me
1541 1117 1866 1143 commonerem.

260 1160 319 1199 At
338 1161 509 1199 interim
530 1160 601 1199 alii
621 1160 846 1199 clamitant
867 1161 969 1199 mihi
991 1161 1215 1199 conuenire
1236 1173 1333 1198 cum
1354 1159 1621 1205 Lutheranis,
1644 1158 1869 1198 clamitant

261 1227 328 1253 me
359 1215 463 1253 nihil
493 1215 537 1253 in
567 1215 686 1253 illum
718 1215 926 1254 scribere:
974 1214 1048 1253 sed
1078 1215 1151 1265 qui
1183 1214 1455 1253 vehementer
1484 1213 1635 1252 fauent
1664 1212 1866 1257 Luthero,

261 1269 450 1308 fremunt
467 1282 535 1308 me
552 1270 731 1308 nimium
749 1269 993 1321 frequenter
1010 1270 1213 1308 incessere
1232 1268 1482 1315 Lutherum,
1501 1272 1545 1307 et
1562 1267 1868 1306 amarulentius

262 1377 465 1428 epistolis.

624 1323 864 1371 Quiritatur
896 1324 975 1362 hoc
1008 1324 1147 1375 ipsum
1182 1323 1393 1362 Lutherus
1426 1323 1470 1361 in
1502 1323 1588 1361 suis
1621 1322 1677 1361 ad
1710 1322 1867 1360 amicos

518 1377 625 1417 Late
649 1382 772 1429 patet
795 1378 1036 1424 Germania,
1062 1382 1106 1417 et
1131 1377 1325 1416 abundat
1348 1376 1652 1416 excellentibus
1675 1376 1865 1427 ingeniis,

261 1432 350 1471 Nec
376 1432 485 1471 hanc
511 1436 657 1471 tamen
683 1432 819 1471 solum
845 1433 912 1472 hic
938 1432 1070 1471 habet
1096 1432 1274 1471 affectus
1294 1445 1302 1478 ;
1345 1445 1431 1470 non
1457 1431 1591 1470 ausim
1619 1430 1798 1469 scribere
1824 1430 1867 1469 in

262 1499 392 1537 quam
432 1486 578 1525 multis
616 1487 871 1538 regionibus,
911 1499 1042 1538 quam
1081 1487 1264 1537 penitus,
1305 1485 1581 1537 popularibus
1621 1485 1773 1523 animis
1811 1485 1866 1523 sit

260 1540 416 1579 infixus
436 1540 612 1579 Lutheri
630 1541 754 1580 fauor
773 1546 817 1580 et
836 1541 981 1580 odium
1001 1540 1214 1580 Pontificii
1233 1540 1428 1579 nominis.

202 1614 244 1646 50
261 1595 414 1645 aliquis
433 1599 598 1646 quanta
617 1596 674 1633 sit
692 1596 956 1646 ingeniorum
977 1594 1559 1646 peruicacia—constantiam
1586 1597 1746 1632 vocant
1772 1594 1865 1644 ipsi.

1477 1539 1607 1578 Porro
1627 1540 1701 1577 Vix
1721 1539 1868 1578 credat

260 1649 348 1689 Nec
369 1649 569 1688 abhorret
588 1649 642 1688 ab
662 1650 726 1688 his
747 1650 859 1689 bona
878 1663 975 1701 pars
995 1663 1139 1688 eorum
1159 1650 1233 1700 qui
1252 1649 1456 1687 deamant
1474 1648 1690 1699 politiores
1708 1647 1866 1686 literas,

316 1703 434 1742 Haec
465 1703 611 1742 dolens
641 1717 689 1742 ac
718 1717 889 1754 gemens
915 1703 1063 1750 refero,
1087 1704 1257 1742 beatiss.
1289 1703 1431 1749 Pater,
1459 1706 1503 1741 et
1528 1703 1695 1741 vtinam
1724 1702 1865 1740 vana!

263 1757 367 1797 Cum
395 1757 593 1796 omnibus
618 1758 794 1797 eruditis
821 1762 913 1797 erat
939 1759 1042 1797 mihi
1068 1757 1372 1796 iucundissima
1397 1756 1600 1796 sodalitas
1621 1769 1629 1803 3
1673 1756 1752 1795 hac
1779 1756 1868 1795 sola

262 1812 524 1863 possessione
554 1812 732 1851 videbar
762 1813 867 1851 mihi
898 1812 1012 1852 felix.

262 1925 393 1971 caput
424 1934 579 1959 meum.

263 1975 401 2014 adhuc
425 1975 550 2014 huius
574 1976 704 2014 animi
727 1989 794 2015 me
817 1977 1022 2027 poenitet.

1074 1812 1185 1851 Pene
1217 1812 1324 1851 mori
1364 1811 1605 1850 maluissem
1637 1824 1767 1862 quam
1799 1814 1868 1849 tot

201 1887 215 1919 5
223 1887 237 1918 5
262 1866 460 1905 amicitiis
487 1867 746 1914 renunciare,
772 1880 821 1906 ac
844 1867 1008 1914 mundi,
1032 1880 1162 1918 prope
1191 1866 1383 1912 dixerim,
1409 1865 1554 1904 odium
1583 1866 1795 1904 concitare
1823 1865 1867 1903 in

642 1921 700 1959 Et
730 1925 877 1960 tamen
908 1922 987 1960 hoc
1020 1921 1150 1960 malui
1182 1934 1311 1971 quam
1343 1920 1478 1959 videri
1508 1919 1741 1966 factiosus;
1789 1932 1866 1958 nec

1075 1976 1173 2015 Non
1196 1976 1263 2014 hic
1287 1974 1627 2013 commemorabo
1656 1977 1865 2025 quantam

261 2029 538 2080 tragoediam,
562 2029 754 2069 fortassis
776 2030 1144 2075 immedicabilem,
1168 2030 1380 2080 potuerim
1403 2029 1601 2075 excitare,
1625 2029 1659 2066 si
1681 2041 1865 2079 quorun-

262 2083 362 2122 dam
392 2083 616 2122 affectibus
646 2097 712 2123 me
741 2085 1042 2135 praebuissem.

201 2151 246 2181 60
263 2151 465 2176 arcanum
481 2137 660 2176 effutire.
705 2139 746 2177 N
748 2152 794 2177 ec
810 2139 888 2178 hoc
905 2140 1074 2178 nomine
1091 2139 1194 2177 mihi
1210 2151 1337 2189 posco
1354 2138 1548 2189 gratiam,
1566 2137 1681 2188 quod
1698 2150 1723 2175 a
1738 2136 1866 2175 male-

1101 2085 1213 2122 Malo
1242 2083 1431 2122 fraudari
1460 2083 1539 2122 hac
1569 2083 1706 2134 gratia
1735 2095 1864 2133 quam

262 2191 356 2230 ficio
399 2193 648 2242 temperaui,
693 2197 910 2244 vtcunque
953 2193 1120 2232 diuersa
1162 2206 1259 2243 pars
1301 2193 1508 2243 pietatem
1550 2191 1751 2242 appellat.
1823 2191 1866 2230 Si

263 2246 520 2285 valetudinis
544 2259 592 2285 ac
617 2248 846 2285 senectutis
870 2248 1142 2286 excusatione
1166 2251 1337 2286 tantum
1362 2247 1696 2297 conquieuissem
1719 2246 1763 2284 in
1787 2245 1866 2283 hoc

261 2405 356 2438 late:
389 2415 444 2437 see
464 2416 485 2437 a
503 2406 608 2437 letter
627 2406 662 2438 of
682 2406 778 2438 Alex.
801 2407 1033 2445 Minutianus,

266 2459 278 2481 1
304 2450 384 2481 Jan.
411 2459 491 2490 1521
517 2449 640 2491 (Milan
661 2450 731 2482 MS.
757 2451 864 2482 Brera
885 2450 960 2482 AD.
984 2451 1030 2482 xi.

263 2503 316 2534 31,
332 2493 355 2524 f.
376 2502 437 2534 159
453 2495 518 2534 VO).
559 2493 608 2525 Cf.
626 2494 701 2525 also
717 2494 805 2525 Bun.
823 2494 863 2525 E.
880 2505 914 2535 p.
933 2505 985 2536 59.

309 2548 357 2578 311
386 2540 441 2568 tot
458 2536 732 2576 academiarum]
751 2537 800 2569 Cf.
821 2538 912 2579 Epp.
935 2546 1032 2578 1030.

267 2582 457 2620 1611,1141.
482 2590 557 2620 ron,
580 2583 672 2621 1165.
698 2591 771 2621 1311.

309 2635 359 2666 35.
386 2627 439 2655 ter
467 2626 657 2665 maximus]
686 2624 736 2656 Cf.
769 2625 859 2666 Epp.
893 2634 965 2665 319.
1002 2634 1031 2663 1,

265 2676 338 2707 344.
359 2668 389 2705 8,
412 2676 504 2708 1353.
528 2671 601 2707 289.

351 2710 526 2752 princeps]
539 2711 589 2743 Cf.
604 2711 694 2753 Epp.
709 2720 782 2752 357.
799 2712 897 2753 27-8,
912 2714 986 2754 380.
1002 2723 1030 2745 1.

351 2753 473 2795 sydus]
493 2755 542 2786 Cf.
564 2755 628 2795 Ep.
647 2757 725 2795 463.
745 2756 797 2795 78.

352 2798 574 2837 G÷rmaniae]
598 2798 649 2830 Cf.
677 2799 766 2840 Epp.
799 2807 874 2838 303.
911 2808 1031 2839 13-14‚

265 2843 1028 2883 359-27‚374-41‚376·24‚391-53‚482-

263 2885 317 2915 26.
337 2892 410 2924 510.
431 2894 481 2924 17,
497 2887 572 2917 612.
596 2894 669 2922 ron,
687 2886 762 2918 866.
779 2895 877 2924 41-2.

309 2931 361 2969 36.
387 2927 452 2966 sol]
469 2928 518 2960 Cf.
539 2928 604 2969 Ep.
626 2931 721 2961 1260.
745 2931 840 2971 148n.

354 2970 524 3002 bonarum
546 2971 742 3012 literarum]
768 2972 817 3005 Cf.
843 2972 933 3014 Epp.
954 2981 1029 3014 355.

263 3017 617 3056 472464-22‚074-3v

1146 2417 1197 2449 37.
1225 2405 1435 2446 theologiae]
1465 2406 1514 2438 Of.
1546 2417 1566 2436 a
1596 2406 1699 2437 letter
1728 2406 1763 2437 of
1791 2407 1864 2437 Mu-

1099 2449 1217 2480 tianus
1232 2452 1270 2480 to
1284 2449 1339 2480 Jo.
1357 2449 1465 2490 Lang,
1481 2459 1523 2488 24
1538 2449 1621 2490 May
1638 2458 1722 2490 1520
1737 2449 1862 2489 (MRE.

1097 2495 1175 2532 634,
1202 2492 1327 2524 MRE2.
1358 2494 1448 2533 590),
1476 2492 1562 2524 with
1588 2503 1609 2523 a
1634 2493 1715 2533 long
1740 2493 1865 2533 eulogy

1099 2536 1287 2577 beginning
1333 2534 1341 2548 ⁶
1356 2536 1490 2568 Scimus
1533 2546 1597 2567 nos
1641 2546 1760 2567 omnes
1804 2538 1864 2577 qui

1098 2580 1283 2611 restitutae
1303 2579 1348 2611 ab
1368 2579 1514 2611 Erasmo
1533 2579 1728 2621 theologiae
1747 2584 1863 2620 gratu-

1099 2623 1224 2661 lamur,
1241 2626 1416 2664 quantum
1432 2624 1569 2665 prosint
1585 2623 1721 2655 Erasmi
1743 2623 1864 2654 diuina

1097 2668 1133 2698 in
1155 2677 1228 2698 rem
1249 2667 1484 2699 Christianam
1506 2667 1631 2699 merita
1645 2667 1653 2680 ⁷
1671 2680 1677 2699 ε
1714 2677 1769 2698 see
1791 2667 1864 2698 also

1099 2711 1162 2752 Ep.
1178 2712 1256 2751 980.
1275 2719 1350 2751 53n.

1143 2765 1195 2797 45.
1222 2753 1410 2793 Lutherus]
1440 2754 1508 2785 For
1535 2758 1652 2785 recent
1680 2755 1863 2785 criticisms

1098 2798 1133 2828 of
1155 2800 1320 2830 Era-smus
1341 2799 1377 2829 in
1398 2797 1452 2829 his
1471 2797 1592 2829 letters
1613 2797 1655 2829 cf.
1680 2798 1761 2828 LE2.
1783 2807 1861 2838 455,

1099 2851 1173 2883 525,
1197 2850 1269 2882 535·

1145 2888 1194 2928 58.
1224 2884 1446 2926 quorundam
1479 2883 1678 2922 affectibus]
1712 2883 1864 2924 Perhaps

1098 2928 1199 2960 those
1215 2929 1293 2960 who
1309 2928 1438 2960 wished
1454 2927 1526 2959 him
1542 2931 1580 2958 to
1595 2927 1676 2958 take
1692 2937 1713 2957 a
1727 2926 1865 2965 leading

1099 2976 1181 3012 part
1204 2973 1240 3004 in
1266 2972 1326 3004 the
1351 2971 1492 3003 defence
1517 2970 1552 3002 of
1576 2970 1771 3003 Reuchlin:
1809 2981 1864 3002 see

1100 3016 1163 3057 Ep.
1186 3025 1279 3055 1041.
1301 3024 1377 3053 11n,
1393 3014 1462 3045 and
1479 3013 1521 3045 cf.
1541 3014 1604 3055 Ep.
1626 3023 1718 3055 1155.
1742 3017 1815 3048 18n.
