2012 3370
231 139 311 178 404
704 133 958 174 LETTERS
989 133 1062 172 OF
1091 132 1354 173 ERASMUS
1447 172 1449 174 ,
1705 133 1829 184 [1524

234 248 424 287 omnium
448 260 530 298 que
555 245 697 297 palam
720 245 765 283 in
787 244 1042 283 immensum
1065 243 1201 295 egisti,
1226 244 1271 282 ni
1294 244 1403 282 hanc
1427 245 1729 293 tempestatem
1752 246 1829 283 tuo

233 303 444 343 sedaueris
469 301 636 346 studio3
666 299 850 337 maxime
873 298 990 349 quod
1017 298 1141 336 multi
1169 298 1335 337 sinistre
1362 297 1443 336 tibi
1468 296 1585 336 illam
1609 301 1829 348 acceptam

176 371 214 404 55
233 357 386 403 ferant,
417 356 625 407 plerisque
655 354 826 392 interim
862 365 939 404 pro
975 356 1020 392 te
1056 352 1217 391 viribus
1254 352 1450 391 omnibus
1487 355 1687 390 strennue
1723 352 1829 390 reni-

235 411 438 451 tentibus.

289 465 371 505 Sed
400 465 489 503 siue
518 467 567 503 tu
597 475 722 514 opem
750 461 861 501 feras
891 460 1073 500 adflictis
1102 460 1290 500 Eclesiae
1318 460 1444 500 rebus
1473 460 1562 499 siue
1590 472 1678 499 non
1705 458 1830 506 feras,

236 523 374 559 certus
395 531 489 557 sum
510 518 586 557 hec
608 530 721 556 noua
741 517 969 567 impiorum
989 520 1040 555 vt
1060 520 1161 555 sunt
1181 516 1325 555 studia
1345 515 1567 566 persistere
1588 526 1674 553 non
1695 526 1830 565 posse,

235 578 326 613 esto
366 574 499 612 eciam
540 572 676 611 celum
715 570 918 622 affulgeat
957 574 1000 610 et
1040 570 1256 622 quaelibet
1295 581 1507 621 prospera,
1549 572 1599 607 vt
1638 572 1831 619 putatur,

174 635 217 666 60
234 628 409 667 fortuna
424 626 621 666 arrideat.
678 625 896 673 Quocirca,
914 624 1088 664 Erasme
1104 624 1464 675 humaniss<ime>‚
1480 623 1745 674 posteritatis
1764 622 1832 661 fac

234 687 286 722 vt
321 682 588 728 memineris;
641 693 742 719 nam
778 680 951 718 minime
987 679 1138 718 dubito
1175 679 1368 718 futurum
1405 677 1521 729 quod
1557 681 1833 728 expectamus

235 736 423 776 seculum
443 736 566 788 longe
586 735 735 774 melius
755 747 886 786 quam
907 734 986 773 hoc
1007 746 1177 785 presens
1197 733 1251 772 de
1270 746 1314 772 re
1336 732 1575 772 Christiana
1598 744 1831 771 sensurum.

237 791 360 840 Quod
380 792 414 830 si
430 791 598 842 proprie
619 789 829 841 opinionis
848 792 891 827 te
912 801 1057 827 sensus
1075 801 1162 826 non
1180 788 1333 838 tangit,
1355 791 1405 826 vt
1425 790 1537 826 certe
1555 790 1729 838 tangere
1747 798 1833 825 non

234 846 376 893 debet,
408 845 559 884 salt-em
592 844 827 885 Seruatoris
858 843 992 882 nostri
1022 855 1073 881 ac
1104 841 1326 893 Euangelii
1355 842 1465 881 ratio
1496 845 1539 880 te
1570 845 1831 892 permoueat,

175 907 214 946 65
235 905 286 940 vt
310 904 355 940 et
380 912 528 939 sanam
553 899 678 938 huius
704 898 943 937 doctrinam
970 896 1024 935 ab
1054 897 1208 935 iniuria
1232 896 1420 935 vindices
1450 899 1494 935 et
1522 894 1755 946 perfectam
1785 907 1834 934 ac

236 967 455 1007 synceram
480 954 635 994 Christi
659 953 943 1004 cognitionem
967 950 1058 990 orbi
1083 955 1400 990 commonstres.
1453 949 1506 988 In
1529 962 1615 1001 quo
1637 953 1682 988 te
1706 953 1831 996 certe,

235 1011 270 1049 si
299 1022 386 1049 non
416 1009 601 1055 alterius,
634 1007 785 1046 saltem
816 1018 911 1044 mea
940 1005 1117 1056 diligens
1146 1004 1315 1044 iuuabit
1345 1017 1473 1056 opera
1503 1008 1592 1051 aut,
1625 1005 1660 1043 si
1689 1007 1734 1043 te
1762 1002 1835 1042 illa

233 1065 380 1104 iuuare
410 1076 497 1102 non
527 1074 713 1113 possum,
745 1061 898 1099 saltem
927 1059 1035 1098 velle
1065 1072 1151 1098 non
1181 1058 1387 1098 desinam.
1445 1058 1534 1098 Nec
1565 1059 1833 1097 committam

233 1120 396 1158 interea
421 1121 471 1156 vt
497 1121 541 1156 et
562 1116 717 1156 Christi
737 1114 893 1166 gloriae
917 1127 966 1153 ac
992 1126 1120 1153 sanae
1150 1112 1373 1164 Euangelii
1396 1112 1616 1152 doetrinae
1641 1112 1833 1152 seducto-

174 1185 217 1217 70
234 1184 414 1223 rumque
433 1171 616 1210 fratrum
636 1170 918 1209 conscientiae
939 1181 1064 1220 opem
1090 1180 1167 1220 pro
1193 1168 1356 1207 viribus
1382 1179 1468 1207 non
1495 1167 1641 1206 feram.
1699 1165 1833 1214 Idem,

235 1228 270 1266 si
299 1226 401 1265 mihi
429 1224 630 1272 attendis,
661 1228 705 1264 et
732 1228 782 1263 tu
809 1224 854 1262 in
881 1223 961 1262 hac
989 1227 1067 1262 tua
1095 1226 1298 1274 prouecta
1326 1225 1469 1261 aetate
1496 1221 1639 1269 facies,
1669 1225 1719 1261 vt
1746 1222 1836 1260 sine

235 1280 396 1320 offensa
432 1280 668 1319 aduentum
704 1279 877 1318 Domini
913 1278 1048 1317 nostri
1084 1277 1181 1316 Iesu
1219 1276 1375 1316 Christi
1410 1280 1635 1328 expectare
1671 1276 1834 1327 possis:

236 1337 309 1387 qui
328 1340 385 1383 te,
408 1347 494 1382 oro,
516 1337 723 1386 perpetuo
745 1336 886 1372 seruet
910 1344 962 1371 ac
983 1331 1082 1371 beet
1103 1332 1250 1371 eciam.
1301 1330 1419 1378 Vale,
1442 1335 1486 1370 et
1508 1343 1575 1370 me
1596 1330 1729 1370 literis
1750 1330 1837 1369 tuis

237 1394 384 1429 contra
407 1389 593 1440 dignare.

175 1456 215 1489 75
292 1444 328 1483 E
348 1443 609 1495 Nerobyrgo.
640 1452 701 1493 17.
728 1441 927 1480 Februar.
954 1440 1034 1480 An.
1061 1451 1210 1479 XXIIII.

1169 1494 1332 1546 T<uus>
1359 1493 1541 1533 Ioannes
1570 1493 1779 1532 Hanerus.

290 1576 460 1615 Eximio
486 1587 536 1614 ac
559 1573 795 1625 praestanti
823 1573 928 1619 viro,
959 1571 1013 1610 D.
1044 1571 1223 1610 Erasmo
1253 1570 1557 1617 Roterodamo‚
1589 1569 1837 1622 syncerioris

236 1630 472 1681 theologiae
496 1627 773 1668 instauratori
799 1639 854 1679 ac
874 1630 1068 1677 patrono.
1127 1624 1332 1664 Basileae.

632 1785 753 1824 1422.
817 1782 886 1823 To
918 1781 1145 1822 LORENZO
1178 1780 1441 1822 CAMPEGIO.

281 1877 383 1922 Opus
401 1868 653 1921 Epistolarum
672 1886 707 1919 p.
726 1883 807 1918 715.
1519 1871 1638 1906 Basle.

280 1935 327 1971 N.
347 1946 381 1980 p.
398 1935 468 1970 682
486 1948 493 1968 :
527 1932 643 1967 Lond.
663 1932 738 1967 xix.
761 1942 824 1967 102
843 1946 850 1965 ;
883 1931 958 1966 LB.
976 1939 1057 1975 795.
1359 1940 1400 1964 21
1422 1928 1613 1975 February
1633 1928 1787 1975 (1524).

279 2014 366 2055 [The
390 2012 572 2055 year-date
596 2013 633 2044 in
658 2012 694 2044 H
718 2012 747 2043 is
773 2010 958 2052 obviously
982 2021 1111 2054 wrong.
1160 2011 1233 2044 The
1258 2022 1352 2044 error
1376 2011 1526 2053 perhaps
1551 2021 1649 2044 arose
1673 2011 1763 2043 from
1789 2022 1835 2043 an

233 2058 408 2090 inversion
433 2057 469 2089 of
491 2056 553 2089 the
576 2059 646 2088 two
670 2054 753 2087 final
777 2054 912 2097 figures,
938 2055 1073 2096 though
1096 2064 1155 2087 1111
1173 2056 1202 2088 is
1220 2055 1357 2096 usually
1375 2055 1485 2088 found
1503 2056 1539 2088 in
1558 2054 1594 2087 H
1611 2055 1730 2088 rather
1747 2055 1835 2088 than

234 2109 296 2134 rv:
331 2112 369 2134 or
388 2101 449 2133 the
469 2099 651 2141 year-date
671 2109 754 2140 may
773 2098 863 2131 have
885 2098 972 2130 been
993 2099 1136 2141 missing
1157 2110 1202 2132 on
1223 2099 1284 2132 the
1304 2098 1528 2142 rough-draft
1547 2098 1617 2131 and
1636 2098 1727 2131 have
1748 2098 1835 2131 been

235 2144 395 2186 supplied
410 2142 677 2184 inaccurately.]

401 2250 603 2280 ERASMVS
630 2250 730 2279 ROT.
760 2250 1014 2279 LAVRENTIO
1045 2251 1271 2281 CAMPEGIO
1302 2253 1434 2282 CARD.
1464 2253 1564 2282 LEG.
1595 2252 1630 2282 S.
1662 2253 1705 2281 D.

291 2320 359 2360 Ex
372 2320 506 2358 literis
520 2319 607 2358 tuis
622 2318 907 2370 superioribus
919 2319 1136 2370 ingentem
1151 2320 1293 2359 animo
1315 2319 1525 2360 laetitiam
1545 2334 1833 2373 conceperam,

236 2374 352 2426 quod
385 2373 662 2425 intelligerem
692 2372 951 2413 Clementem
986 2383 1052 2412 VII
1087 2386 1139 2412 ex
1167 2373 1240 2413 illa
1274 2374 1398 2414 fatali
1432 2375 1645 2414 Medicum
1673 2376 1836 2415 familia

234 2441 375 2468 rerum
405 2426 701 2480 gubernaculis
730 2427 981 2467 admotum:
1029 2440 1157 2478 quem
1187 2429 1361 2468 tametsi
1391 2441 1478 2468 non
1509 2430 1724 2481 cognorim
1753 2431 1834 2469 nisi

235 2496 288 2522 ex
313 2483 400 2522 tuis
427 2481 663 2533 Pacaeique
687 2481 834 2529 literis,
862 2485 1009 2521 tamen
1037 2483 1192 2521 mirum
1219 2486 1284 2522 est
1313 2495 1444 2534 quam
1470 2483 1574 2522 mihi
1601 2497 1720 2523 mens
1748 2497 1834 2523 non

201 2537 370 2585 51aeua,
400 2541 452 2576 vt
479 2536 674 2583 arbitror,
704 2536 844 2575 nescio
873 2536 977 2587 quid
1006 2549 1184 2588 magnae
1212 2536 1429 2576 felicitatis
1456 2539 1682 2590 praesagit.
1740 2537 1834 2578 Hoc

235 2591 438 2643 gaudium
465 2591 569 2630 mihi
596 2590 949 2641 conduplicarunt
976 2591 1228 2642 posteriores
1253 2591 1401 2631 literae
1428 2595 1542 2638 tuae,
1571 2605 1682 2643 quae
1709 2593 1833 2644 signi-

234 2645 366 2685 ficant
392 2649 436 2685 te
461 2646 506 2684 in
531 2649 723 2684 nostram
751 2644 1022 2684 Germaniam
1048 2644 1304 2697 delegatum,
1332 2650 1384 2685 vt
1409 2645 1486 2685 hos
1512 2646 1700 2686 infelices
1725 2651 1831 2686 tem-

235 2712 387 2751 porum
412 2699 624 2739 tumultus
650 2700 883 2738 autoritate
908 2703 986 2738 tua
1010 2700 1304 2752 sapientiaque
1330 2713 1559 2752 componas
1579 2714 1587 2748 ;
1630 2702 1703 2752 qui
1728 2700 1834 2740 nulli

235 2754 347 2793 bono
368 2767 455 2793 non
475 2754 713 2805 grauissimi
735 2757 849 2801 sunt,
873 2753 978 2793 mihi
999 2766 1099 2793 sane
1121 2755 1252 2794 etiam
1273 2767 1407 2806 vsque
1429 2755 1484 2794 ad
1505 2756 1621 2794 vitae
1642 2755 1833 2794 taedium

179 2821 219 2844 10
236 2807 472 2859 displicent.
532 2807 789 2859 Quanquam
818 2812 963 2848 autem
993 2821 1090 2847 vere
1119 2809 1383 2860 prouinciam
1411 2810 1635 2861 suscepisti
1663 2808 1831 2861 plenam

597 2894 691 2926 1422.
716 2902 785 2926 m.
923 2902 1004 2926 Lm.
1022 2903 1085 2928 om.
1104 2894 1149 2927 N.
1290 2904 1325 2927 D.
1343 2895 1420 2928 add.
1438 2895 1485 2927 N.

283 2984 378 3016 1422.
408 2993 435 3016 1.
461 2985 712 3026 superioribus]
746 2985 820 3017 Not
850 2988 998 3018 extant:
1111 2986 1143 3017 6.
1168 2986 1392 3027 posteriores]
1440 2985 1523 3017 Also
1572 2988 1637 3017 not
1682 2989 1831 3020 extant:

237 3037 293 3060 see
308 3026 374 3069 Ep.
396 3029 487 3067 1416.
511 3038 563 3061 1n.
1067 3028 1175 3062 dated
1194 3038 1207 3061 1
1227 3029 1308 3062 Feb.
1325 3029 1416 3061 from
1431 3028 1543 3061 Rome
1560 3029 1628 3068 (see
1642 3028 1677 3061 ll.
1696 3033 1807 3072 71—2).
