2012 3370
259 142 337 181 302
734 139 988 179 LETTERS
1020 139 1091 179 OF
1122 138 1385 180 ERASMUS
1737 140 1860 190 [1523

262 252 427 303 placido
453 255 628 301 tamque
655 253 802 300 aperto
829 248 926 287 stilo
952 261 1026 300 per
1046 253 1090 288 te
1116 249 1354 301 nuperrime
1375 249 1694 301 paraphrastice
1719 248 1860 300 expla-

262 311 378 353 nata,
396 310 445 344 vt
460 305 639 356 quilibet
654 304 783 343 etiam
799 304 1095 355 semipaganus
1109 304 1154 342 in
1169 316 1382 343 summum
1402 303 1647 354 theologum
1668 303 1861 342 modicis-

262 361 368 399 simo
393 360 535 398 labore
560 359 679 397 breui
703 358 837 409 possit
861 358 1052 397 euadere.
1111 357 1280 397 Gratias
1303 359 1432 409 igitur
1455 357 1716 396 immortales
1741 370 1862 408 agere

264 415 466 453 debemus
494 426 640 451 omnes
669 412 899 451 immortali
933 412 1048 458 Deo;
1086 413 1165 451 tibi
1199 417 1357 460 autem,
1393 413 1457 451 vti
1489 413 1534 450 in
1567 412 1647 450 hoc
1680 412 1862 451 Diuinae

206 488 247 520 50
263 468 563 508 Prouidentiae
595 480 767 518 organo,
796 467 930 505 teneri
963 467 1339 518 quamplurimum,
1368 480 1452 505 non
1487 479 1703 517 secusque,
1731 466 1862 504 immo

264 523 410 573 magis,
452 521 656 574 gratulari
696 534 825 572 quam
868 521 1052 560 Romani
1091 526 1255 561 veteres
1294 522 1375 560 illis
1415 521 1515 559 olim
1555 520 1751 559 solebant
1790 521 1863 571 qui

263 576 451 615 subactis
490 576 636 614 alienis
674 576 811 627 regnis
849 576 1163 626 triumphantes
1202 577 1388 627 patrium
1428 588 1583 613 nomen
1622 574 1863 613 mundanae

263 631 418 682 gloriae
445 630 563 669 fumo
591 630 908 669 consecrabant.
968 629 1080 677 Quid
1107 631 1261 669 caeteri
1289 631 1367 668 hac
1394 630 1438 668 in
1466 633 1587 680 parte
1615 629 1751 667 acturi
1778 629 1865 667 sint

265 686 434 731 nescio;
484 698 570 736 quo
605 689 750 724 autem
786 685 840 723 ad
875 698 942 723 me
977 686 1148 732 attinet,
1187 685 1294 724 sciat
1339 685 1540 722 Erasmus
1578 696 1645 721 me
1692 687 1863 722 tantum

207 759 243 791 55
265 740 426 778 nomini
449 752 525 777 suo
549 739 742 778 deditum
767 752 868 785 esse,
894 743 944 778 vt
966 740 1077 777 inter
1099 739 1323 790 legendum
1348 751 1475 789 opera
1499 751 1588 784 sua,
1614 737 1863 776 Methodum

266 794 525 845 praesertim,
550 794 707 832 centies
731 807 897 832 mecum
921 794 1052 832 verba
1073 794 1145 832 illa
1168 794 1420 844 repetierim,
1447 793 1455 808 ⁴
1476 792 1628 831 Inueni
1651 792 1864 831 hominem

265 848 497 888 secundum
517 861 588 887 cor
608 861 749 887 meum
765 847 788 886 '.
847 848 887 887 N
889 861 911 886 e
934 848 1173 899 despexeris
1192 849 1351 899 itaque,
1377 848 1503 886 homo
1528 847 1864 892 clementissime,

266 904 507 942 venientem
541 902 596 941 ad
634 907 678 941 te
711 902 925 941 hominem
964 915 1051 941 non
1083 915 1262 953 magnae
1294 903 1386 953 opis
1419 902 1493 941 sed
1526 901 1662 940 bonae
1696 901 1863 940 mentis.

266 957 529 997 Christianus
571 957 857 996 Christianum
899 957 1103 1007 suscipiat
1144 957 1214 1007 pio
1257 969 1357 995 sane
1400 960 1443 995 et
1485 955 1666 995 candido
1709 955 1866 994 affectu

206 1024 251 1055 60
266 1012 547 1063 dispositum:
597 1012 671 1062 qui
703 1012 747 1049 in
780 1011 907 1050 tertio
939 1010 1010 1049 illo
1043 1015 1120 1049 tuo
1153 1010 1307 1049 circulo
1340 1010 1444 1049 nulli
1477 1010 1616 1049 adhuc
1650 1009 1867 1048 mundano

267 1067 466 1105 astrictus
487 1065 655 1104 vinculo
678 1078 851 1116 vagans,
875 1069 1075 1116 expectat
1096 1064 1338 1104 auidissime
1359 1065 1499 1116 quinti
1519 1064 1630 1103 illius
1651 1064 1781 1103 etiam
1803 1064 1868 1102 tui

266 1121 469 1171 temporis
488 1119 779 1171 refrigeratam
799 1120 1052 1158 charitatem
1072 1119 1334 1165 recalescere,
1355 1119 1685 1170 prolapsumque
1704 1122 1867 1157 statum

266 1175 310 1213 in
331 1174 478 1213 melius
497 1173 728 1213 reformari.
788 1173 882 1221 Qua
900 1174 944 1212 in
963 1187 1007 1212 re
1028 1173 1289 1213 Erasmicam
1309 1173 1563 1213 industriam
1584 1173 1688 1212 totis
1707 1173 1868 1211 viribus

267 1228 473 1268 desudare
507 1241 674 1267 necesse
707 1232 783 1275 est,
821 1242 897 1267 nec
931 1229 1084 1267 timeat
1117 1229 1221 1279 quin
1255 1227 1459 1275 Christus,
1495 1228 1614 1267 cuius
1647 1228 1868 1278 negocium

207 1296 246 1335 63
268 1284 420 1335 agitur,
459 1283 745 1334 pientissimos
780 1283 869 1322 eius
906 1282 1199 1334 bonorumque
1235 1283 1425 1322 omnium
1463 1287 1641 1321 conatus
1679 1281 1867 1320 adiuuet.

269 1338 446 1377 Interim
472 1350 633 1376 memor
657 1337 750 1388 ipsa
775 1337 831 1376 sit
856 1338 952 1384 mei,
979 1337 1014 1376 si
1039 1350 1124 1388 quo
1149 1338 1194 1376 in
1219 1337 1372 1388 angulo
1399 1337 1550 1376 domus
1576 1336 1749 1375 Domini
1774 1348 1867 1374 vas-

268 1392 410 1432 culum
433 1404 574 1430 meum
596 1392 691 1430 vsui
712 1404 801 1431 esse
822 1392 956 1442 possit
975 1405 984 1439 ;
1023 1391 1209 1443 spondeo
1232 1396 1344 1430 certe
1366 1404 1442 1442 pro
1464 1396 1555 1430 tam
1577 1390 1722 1429 diuino
1745 1403 1869 1441 opere

270 1447 467 1498 spiritum
488 1445 698 1485 exhalare.
756 1445 859 1485 Vale
875 1459 927 1485 ex
950 1450 1067 1493 voto,
1092 1447 1158 1484 vir
1181 1446 1447 1497 Euangelice,
1473 1450 1517 1484 et
1539 1458 1607 1484 me
1629 1446 1673 1483 in
1696 1449 1869 1483 tuorum

270 1501 523 1540 asseclarum
543 1513 719 1539 numero
739 1513 928 1540 numera.
987 1499 1165 1539 Locarni
1183 1501 1333 1551 quinto
1351 1500 1497 1539 Nonas
1515 1499 1612 1538 Iulii
1632 1510 1727 1538 M.D.
1747 1499 1868 1538 xxiii.

208 1574 254 1607 70
922 1554 1250 1606 Barptolaemus
1278 1554 1469 1594 Villanus
1498 1553 1813 1592 Pontremulen.

324 1625 572 1664 Praesentes
603 1625 680 1664 has
712 1625 906 1664 dedimus
938 1625 1207 1676 perferendas
1240 1625 1295 1664 ad
1327 1629 1370 1664 te
1404 1625 1639 1673 Quaestori.
1704 1624 1796 1663 Has
1827 1625 1871 1663 in

269 1684 412 1731 partes
441 1679 631 1718 Basileae
660 1679 796 1718 eidem
825 1681 984 1730 poterit
1012 1684 1056 1719 et
1084 1684 1162 1718 tua
1190 1680 1394 1731 dignatio,
1424 1680 1459 1718 si
1488 1679 1673 1725 vacabit,
1707 1679 1757 1729 (si
1785 1691 1872 1718 non

272 1746 441 1785 prorsus
461 1733 791 1785 dedignabitur),
810 1747 906 1773 suas
923 1734 1219 1773 commendare
1235 1748 1242 1780 ;
1272 1734 1525 1786 promi[s]sit
1541 1734 1652 1772 enim
1673 1746 1716 1772 se
1735 1738 1870 1772 trans-

272 1789 498 1827 missurum
521 1788 576 1827 ad
597 1801 687 1827 nos
746 1788 851 1827 Vale
872 1789 1040 1836 iterum,
1064 1788 1179 1836 felix,
1199 1792 1280 1828 etc.

209 1864 248 1896 75
326 1842 454 1893 Apud
494 1855 571 1881 nos
611 1843 923 1881 insusurratum
966 1847 1031 1882 est
1071 1842 1263 1882 nonnihil
1305 1842 1357 1881 de
1398 1842 1573 1882 concilio
1615 1842 1872 1893 Argentinae

272 1896 522 1936 celebrando
543 1910 550 1943 ;
591 1897 634 1935 id
658 1910 788 1947 quam
812 1910 960 1936 verum
983 1898 1053 1944 sit,
1079 1911 1130 1936 ex
1154 1901 1198 1936 te
1220 1897 1496 1936 libentissime
1520 1897 1681 1936 scirem.

273 2005 309 2044 B
327 1951 604 2043 Celleberrimo
639 1953 730 1990 Viro
769 1951 941 1990 domino
976 1951 1193 1991 Desiderio
1233 1952 1410 1990 Erasmo
1446 1951 1749 1998 Roterodamo,
1789 1953 1871 1989 etc.

313 2019 374 2044 aS1
391 2018 477 2045 eae.

689 2160 812 2198 1373.
876 2157 1017 2199 FRoM
1048 2157 1257 2199 ANTONY
1289 2157 1463 2199 CLAVA.

323 2241 474 2276 Breslau
489 2241 563 2276 MS.
582 2240 699 2276 Rehd.
716 2253 735 2276 2
742 2251 796 2287 54.
815 2250 831 2286 5
838 2251 871 2285 3.
1644 2241 1779 2277 Ghent.

323 2299 487 2334 EE2.21.
1563 2299 1690 2345 5July
1710 2309 1824 2345 1523.

320 2374 391 2414 [An
414 2373 558 2414 original
581 2373 695 2412 letter,
720 2373 916 2416 autograph
940 2373 1166 2414 throughout.
1214 2372 1286 2404 The
1309 2372 1492 2414 year-date
1516 2372 1551 2404 of
1576 2372 1635 2404 the
1660 2372 1876 2413 manuscript

277 2419 306 2451 is
325 2417 573 2451 corroborated
590 2418 639 2460 by
654 2418 692 2450 L.
712 2419 869 2461 Algoet's
889 2419 974 2451 visit
990 2422 1028 2450 to
1045 2416 1208 2458 England
1225 2417 1272 2456 (ll.
1298 2415 1404 2458 1—2).]

612 2515 664 2547 54.
692 2515 760 2546 quo
779 2505 856 2537 MS.
879 2507 942 2546 (q0,
961 2505 1046 2536 sicut
1065 2505 1102 2536 in
1118 2515 1166 2535 vv.
1184 2516 1238 2547 43,
1253 2507 1308 2545 66)
1325 2518 1332 2538 :
1359 2503 1453 2545 quod
1470 2504 1542 2535 ΕΕ.

323 2645 374 2684 56.
402 2641 543 2680 Inueni]
560 2643 645 2674 Acts
666 2652 715 2683 13.
735 2652 788 2674 22.
1115 2643 1271 2673 nerantis
1303 2652 1324 2674 a
1353 2642 1503 2683 pristino
1535 2641 1652 2682 vigore
1690 2640 1880 2673 Christiani

323 2689 376 2718 60.
403 2686 509 2717 tertio
532 2711 539 2717 .
567 2710 574 2718 .
601 2711 609 2717 .
636 2684 778 2723 circulo]
803 2685 852 2717 Cf.
880 2685 955 2717 Rat.
982 2696 1043 2717 ver.
1115 2686 1281 2726 spiritus:
1331 2685 1378 2717 ad
1412 2685 1508 2726 quod
1543 2685 1667 2726 opinor
1705 2685 1878 2726 pertinere

282 2729 407 2767 led„
423 2729 512 2761 Nov.
536 2731 631 2770 1518,
653 2728 693 2760 f0.
720 2728 747 2759 {³
771 2731 829 2761 v0:
864 2727 871 2741 ‘
886 2729 1045 2761 Tercium
1116 2739 1205 2770 quae
1224 2729 1310 2760 dicit
1327 2729 1498 2760 Dominus
1515 2729 1552 2760 in
1567 2728 1769 2769 Euangelio,
1783 2728 1878 2769 quod

281 2771 446 2804 circulum
465 2774 662 2814 promiscuo
686 2772 791 2814 vulgo
814 2772 896 2803 dare
914 2772 1045 2810 licebit,
1115 2772 1319 2804 abundante
1329 2771 1878 2813 iniquit-aterefrigescetcharitas

282 2825 344 2846 ceu
385 2816 617 2847 crassissimae
662 2815 765 2847 huius
807 2816 898 2847 orbis
941 2826 1045 2857 quem
1116 2815 1322 2847 multorum’
1337 2816 1561 2855 (LB.v.8813:
1579 2815 1795 2853 cf.Matt.24.
1811 2817 1875 2854 12).

282 2858 442 2899 fingimus
475 2859 591 2900 parti'
634 2859 719 2899 (LB.
757 2869 789 2890 v.
822 2861 931 2899 88D);
973 2859 1046 2891 also
1160 2870 1210 2901 71.
1240 2858 1438 2898 Quaestori]
1454 2857 1674 2899 Apparently
1691 2857 1750 2890 the
1767 2857 1876 2888 finan-

283 2901 349 2942 Ep.
367 2903 440 2942 858.
461 2911 571 2943 292,3.
1115 2902 1181 2934 cial
1205 2902 1330 2934 official
1354 2901 1390 2934 of
1419 2902 1479 2934 the
1507 2902 1672 2942 province
1699 2901 1736 2932 in
1764 2900 1878 2932 which

326 2947 378 2976 61.
404 2945 521 2984 quinti
548 2969 556 2977 .
588 2969 596 2977 .
628 2969 636 2977 .
667 2948 721 2978 62.
746 2944 928 2987 temporis]
953 2945 1044 2977 Ibid.
1115 2945 1272 2977 Locarno
1290 2956 1360 2977 was
1377 2944 1544 2977 situated.

284 2987 319 3018 ff.
345 2986 372 3017 {²
396 2990 446 3024 v⁰‚
470 2986 519 3019 f³z
550 2987 740 3026 ‘Quintum
766 2993 905 3030 tempus
931 2989 1045 3020 facere
1158 3000 1210 3032 75.
1237 2987 1463 3030 Argentinae]
1477 2988 1494 3018 I
1508 2997 1573 3018 can
1588 2986 1659 3018 find
1673 2997 1719 3018 no
1733 2990 1827 3019 trace
1843 2987 1878 3019 of

282 3030 402 3062 licebit
434 3030 607 3063 Ecclesiae
637 3031 852 3073 prolabentis
879 3042 919 3063 ac
945 3032 1045 3073 dege·
1113 3042 1184 3073 any
1201 3032 1312 3073 origin
1327 3031 1382 3063 for
1398 3031 1468 3063 this
1485 3040 1635 3063 rumour.
