2012 3370
156 121 277 171 1497]
592 119 665 158 To
696 117 930 157 GEORGE
961 116 1313 157 SPALATINUS
1675 117 1749 155 551

709 270 904 298 eEosseio
936 270 1193 298 sPALA'rnx‘o.

207 326 247 365 S.
268 325 315 367 P,
365 325 536 377 Semper
557 324 730 363 adnisus
751 336 844 362 sum
866 328 915 362 vt
935 323 1015 362 hoc
1036 336 1230 362 amarum
1251 336 1299 362 ac
1322 323 1557 362 violentum
1579 322 1755 361 Lutheri

153 379 430 430 pharmacum
453 378 568 431 quod
591 377 735 417 orbem
759 378 983 424 concussit,
1008 382 1176 428 pareret
1199 377 1359 428 aliquid
1383 377 1580 416 sanitatis
1603 376 1753 416 bonae.

154 433 235 472 Sed
260 433 327 472 hic
353 433 477 472 video
502 432 710 484 quosdam
736 432 888 470 exoriri
913 432 987 482 qui
1012 435 1188 470 vertunt
1212 431 1292 470 hoc
1317 432 1361 470 in
1386 444 1510 470 suum
1535 431 1754 482 priuatum

153 487 451 539 compendium
472 500 480 525 ε
518 499 602 538 quo
623 498 772 537 genere
794 485 1015 524 hominum
1035 485 1141 524 nihil
1162 498 1352 536 vnquam
1374 485 1463 524 vidi
1483 485 1755 536 pestileneius

153 546 229 579 aut
269 540 595 581 intractabiliuS.
665 540 922 590 Contempto
964 539 1151 578 Luthero
1193 552 1317 578 suum
1358 543 1492 590 agunt
1532 540 1790 591 negociums

153 596 375 634 coniurati.
438 595 603 634 Horum
637 607 773 633 mores
807 606 903 632 cum
937 593 1074 639 video,
1109 606 1196 632 non
1228 593 1365 632 solum
1397 593 1551 632 reddor
1584 593 1638 631 ab
1670 594 1755 632 isto

152 650 325 701 negocio
344 649 529 695 alienior,
551 660 698 686 verum
717 648 851 687 eciam
871 659 896 685 a
915 647 1036 686 bonis
1054 646 1221 685 litteris.
1269 647 1502 698 Nunquam
1522 659 1607 686 non
1627 647 1755 686 audio

153 702 446 755 Euangelium,
481 702 586 741 nihil
619 702 744 740 video
778 700 1123 752 Euangeli<c>011.
1192 700 1435 740 Excuciunt
1468 701 1677 740 cucullam
1711 704 1755 739 et

151 757 316 796 ducunt
350 769 515 804 vxores,
552 756 704 795 deinde
739 755 976 794 defendunt
1011 754 1206 803 factum3
1257 760 1301 794 et
1335 756 1506 794 interim
1542 759 1755 794 venantur

150 810 368 850 fortunam
384 811 548 850 lautam
565 823 614 849 ac
630 815 785 849 tutam.
832 809 1033 850 Scribunt
1048 808 1211 848 libellos
1227 808 1407 848 furiosos
1424 809 1585 860 absque
1601 809 1752 855 titulis,
1776 824 1814 846 10

151 869 228 904 aut
261 864 384 912 fictis,
421 870 465 904 et
500 865 667 904 addunt
701 864 869 916 dogma,
906 864 964 903 510
1000 876 1088 902 0550
1124 862 1439 902 defendendum
1476 863 1752 914 Euangeliou.

152 918 187 958 Ο
227 920 444 971 praeclara
483 919 720 971 praesidia!
793 918 886 957 Hoc
926 918 1097 957 nomine
1138 917 1266 956 laudo
1309 917 1574 956 Lutherum:
1632 917 1755 955 addit

149 985 305 1013 nomen
324 987 461 1020 suum,
484 978 528 1012 et
547 973 673 1012 docet
692 973 814 1012 licere
835 972 990 1024 quibus
1010 973 1099 1023 ipse
1119 985 1206 1011 11011
1226 972 1376 1010 vtitur.
1426 971 1564 1018 Dices,
1588 971 1754 1010 Rabule

150 1032 251 1066 sunt
277 1028 382 1067 nihil
409 1028 464 1066 ad
493 1027 768 1079 Euangeliou.
826 1026 909 1066 Sed
936 1026 1012 1065 hos
1039 1026 1211 1065 rabulas
1237 1025 1388 1065 fouent
1416 1026 1556 1072 duces,
1587 1026 1753 1077 Capito,

151 1081 302 1129 Hedio,
320 1081 684 1133 Oecolampadius‚
701 1081 938 1132 Zwinglius.
982 1080 1039 1119 Hi
1053 1081 1272 1120 concitant
1285 1081 1485 1119 seuiciam
1499 1081 1752 1131 principum,
1776 1095 1811 1127 15

149 1140 193 1174 et
221 1137 266 1177 in
296 1149 363 1175 me
393 1136 688 1175 debachantur
718 1136 834 1187 quod
864 1148 950 1174 non
980 1134 1182 1187 profitear
1211 1147 1367 1174 nomen
1398 1134 1587 1173 Lutheri.
1662 1134 1753 1186 Ego

149 1190 334 1241 periculo
364 1191 516 1242 capitis
546 1191 629 1230 mei
658 1189 943 1242 profite<b>or
973 1189 1089 1241 quod
1118 1202 1205 1228 non
1234 1202 1447 1241 assequor,
1480 1193 1557 1227 aut
1586 1188 1638 1227 de
1669 1201 1754 1240 quo

149 1244 314 1291 dubito,
346 1244 413 1284 vel
442 1245 559 1297 quod
587 1258 673 1284 non
702 1244 873 1296 probo?
933 1243 991 1282 Et
1019 1243 1097 1282 tali
1125 1243 1302 1282 factioni
1332 1256 1399 1282 me
1429 1243 1664 1282 addicam?
1710 1243 1754 1281 in

149 1298 304 1349 quibus
340 1298 464 1338 video
501 1299 608 1338 tales
644 1304 693 1338 vt
729 1298 874 1338 malim
911 1298 1085 1349 adjungi
1120 1297 1280 1337 Turcis.
1346 1297 1440 1336 Hoc
1477 1297 1579 1336 mihi
1617 1296 1752 1343 erede,

150 1352 368 1405 Euangelii
392 1354 616 1405 negocium
638 1365 860 1404 nunquam
882 1351 1026 1391 fouere
1049 1352 1254 1391 desinam.
1772 1368 1814 1389 20

203 1406 318 1446 Bene
339 1407 447 1454 vale,
471 1408 530 1446 mi
551 1407 783 1458 Spalatine,
806 1410 851 1446 et
871 1406 970 1445 huic
990 1407 1148 1453 iuueni,
1171 1407 1207 1446 51
1229 1418 1335 1457 opus
1357 1409 1434 1452 est,
1458 1405 1569 1445 saue.

203 1460 366 1501 Basilee
385 1461 588 1513 postridie
608 1474 707 1501 non.
729 1461 845 1512 Sept.
867 1460 992 1499 Anno
1011 1471 1232 1500 MDXXHH.

1287 1514 1405 1553 Eras.
1430 1514 1560 1553 Roth.
1584 1518 1698 1553 tuus.

572 1663 694 1701 1498.
758 1659 827 1701 To
860 1659 1049 1701 HELIUs
1082 1658 1330 1700 EOBANUS.

195 1749 318 1784 Getha
336 1750 410 1784 MS.
430 1750 548 1784 chart.
569 1750 610 1785 A.
631 1760 709 1794 399,
730 1750 755 1784 f.
775 1760 838 1794 231
863 1754 916 1784 v0.
1456 1749 1574 1783 Basle.

196 1807 385 1842 Hor-awitz
401 1808 439 1842 ii.
458 1818 491 1851 7.
1323 1808 1346 1841 6
1365 1807 1582 1852 September
1604 1816 1703 1852 1524.

193 1887 276 1928 [For
294 1887 354 1919 the
376 1889 590 1930 manuscript
610 1899 666 1920 see
687 1888 750 1930 Ep.
772 1890 836 1930 872
858 1889 986 1921 introd.
1032 1889 1085 1921 Its
1104 1888 1288 1930 year-date
1306 1888 1336 1920 is
1357 1887 1602 1921 corroborated
1624 1887 1671 1929 by
1692 1887 1751 1920 the

150 1931 304 1963 mention
335 1931 371 1963 of
400 1931 687 1969 Moldenueldius‚
717 1932 788 1964 and
819 1932 867 1973 by
896 1932 956 1965 the
987 1942 1132 1974 passage
1161 1932 1273 1964 about
1302 1931 1362 1964 the
1393 1931 1750 1973 pseudo-Lutherum,

149 1973 261 2005 which
275 1975 304 2007 is
320 1975 356 2006 in
372 1975 432 2007 the
448 1985 544 2008 same
560 1980 642 2007 tone
659 1986 697 2007 as
714 1976 802 2017 Epp.
825 1977 982 2017 1495—7.]

293 2072 610 2100 ERVDITISSIMO
643 2073 685 2100 D.
718 2073 899 2101 EOBANO
931 2074 1070 2102 HESSO
1102 2074 1227 2101 ERAS.
1260 2074 1604 2102 ROTERODAMVS.

204 2132 259 2178 S.,
289 2131 570 2171 eruditissime
598 2132 786 2171 Eobane.
861 2132 1034 2171 quenis
1055 2133 1120 2171 hic
1150 2133 1359 2172 Iohannes
1390 2132 1751 2173 Molthanueldius

149 2187 271 2224 enixe
296 2187 464 2237 rogauit
484 2191 533 2225 vt
554 2186 620 2225 vel
641 2186 808 2225 duobus
828 2191 871 2225 10
893 2187 1122 2226 salutarem
1145 2200 1193 2225 ac
1214 2187 1397 2225 totidem
1418 2200 1460 2224 50
1481 2187 1749 2225 commenda-

148 2252 250 2278 rem.
284 2239 520 2292 Vtrumque
539 2240 662 2279 facio.
703 2241 895 2280 Vicissim
916 2246 958 2280 te
978 2255 1093 2293 rogo,
1117 2241 1323 2280 salutabis
1342 2246 1536 2279 nostrum
1559 2241 1749 2286 Hunum,

149 2293 363 2333 hominem
385 2295 638 2346 prudentem
661 2299 705 2334 et
727 2295 969 2334 candidum.
1023 2296 1183 2347 Opinor
1205 2308 1281 2334 vos
1302 2295 1427 2333 isthic
1450 2308 1538 2333 esse
1561 2294 1750 2333 modera-

147 2349 276 2387 tiores
296 2362 303 2387 :
340 2349 456 2400 quod
475 2349 542 2388 vel
561 2354 638 2388 tua
658 2363 786 2388 causa
804 2350 944 2389 velim.
994 2349 1075 2388 Hic
1096 2349 1510 2401 pseudo-Lutherani
1531 2348 1751 2400 magnifice
1771 2360 1785 2391 5

148 2402 481 2450 tumultuantur,
515 2403 758 2443 subuersuri
789 2408 833 2443 et
864 2404 1100 2443 Lutherum
1132 2409 1175 2442 et
1215 2404 1348 2443 bonas
1379 2403 1536 2449 literas,
1570 2404 1612 2442 ni
1646 2404 1751 2443 deus

149 2456 300 2507 aliquis
320 2458 560 2497 subueniat.
610 2458 725 2497 Bene
745 2458 852 2505 vale,
875 2460 939 2497 vir
960 2460 1133 2509 optime.

204 2510 393 2550 Basileae
415 2512 618 2563 postridie
639 2512 773 2551 Nonis
794 2512 996 2563 Septemb
1018 2526 1025 2551 ε
1064 2512 1188 2551 Α11110
1213 2521 1329 2562 1524.

194 2605 288 2637 1497.
315 2607 344 2637 8.
371 2604 588 2647 Euangeliou
613 2606 713 2638 MS:
738 2606 921 2649 Euangelii
936 2606 1092 2647 Schleyel.
1313 2616 1360 2646 17.
1388 2604 1577 2647 profitebor
1602 2602 1648 2636 rel
1672 2613 1747 2644 pro-

149 2649 248 2681 fitear
266 2648 350 2680 coni.
395 2647 549 2681 Cronius.
755 2653 848 2683 1498.
876 2661 904 2682 2.
933 2651 1211 2683 commendarem
1232 2650 1428 2681 Horawitz:
1462 2647 1748 2680 commendatum

149 2692 226 2724 MS.
367 2701 394 2733 5.
421 2692 515 2733 quod
533 2693 678 2733 scripsi:
709 2694 794 2734 quid
813 2694 891 2727 MS.

198 2832 290 2862 1497.
321 2832 370 2862 16.
397 2832 431 2862 in
449 2829 517 2868 mc]
532 2829 582 2861 Cf.
600 2829 664 2870 Ep.
685 2839 779 2871 1459.
799 2832 876 2863 8011.
978 2832 1157 2871 returniug¹
1176 2835 1213 2862 to
1231 2830 1364 2862 Erfurt.

194 2884 245 2906 21.
272 2873 404 2913 iuueni]
422 2872 597 2914 Probably
613 2873 889 2906 Moldonueldius
907 2888 912 2905 :
1023 2885 1051 2906 2.
1079 2872 1230 2912 duobus]
1247 2884 1290 2905 sc.
1308 2873 1434 2906 verbis.

148 2929 203 2950 see
220 2917 309 2959 Epp-
331 2918 424 2957 1462.
445 2917 500 2953 81¹,
520 2918 613 2957 1498.
636 2926 661 2948 1.
1023 2927 1051 2957 3.
1080 2915 1240 2956 Hunuxn]
1255 2918 1318 2951 Sec
1334 2917 1399 2959 Ep.
1421 2919 1514 2958 1462.

197 2963 289 2994 1498.
321 2970 346 2992 1.
374 2959 685 3000 Molthanueldius]
734 2962 797 2994 800
849 2962 913 3003 Ep.
1020 2963 1052 2994 6.
1078 2960 1293 3000 subuersuri]
1321 2960 1371 2993 Cf.
1402 2960 1492 3003 Epp.
1522 2969 1615 3002 1495.
1647 2971 1744 3002 24—5,

154 3007 244 3045 1462.
265 3007 319 3036 811.
361 3004 396 3037 It·
419 3014 565 3045 appears
591 3004 669 3036 that
696 3005 736 3036 he
753 3016 822 3037 was
839 3016 914 3037 now
981 3008 1075 3045 1496.
1092 3010 1190 3037 00-1.
