2012 3370
136 400 174 422 10

201 112 275 150 152
671 113 926 154 LETTERS
957 114 1029 154 OF
1059 115 1323 158 ERASMUS
1672 121 1796 172 [1522

194 222 523 272 nugacissimum
541 222 592 261 de
610 223 829 264 Pontilice.
889 226 971 273 Qui
988 227 1168 279 scripsit,
1187 229 1221 267 si
1238 229 1472 268 addidisset
1488 242 1643 268 nomen
1659 243 1798 277 suum,

193 276 361 315 sortiter
399 277 637 315 insanisset.
696 278 820 318 Nunc
860 281 1115 330 periculosas
1154 296 1230 322 nec
1269 284 1408 322 minus
1447 283 1628 322 insulsas
1665 297 1800 336 nugas

194 330 355 381 absque
398 331 525 370 titulo
570 331 773 381 prodidit.
833 335 876 373 Si
919 335 1026 374 tales
1070 341 1172 375 sunt
1214 351 1359 377 omnes
1404 338 1650 384 Lutherani‚
1696 338 1800 378 mihi

194 385 414 432 valebunt,
464 389 681 436 quotquot
730 392 843 426 sunt.
902 389 1018 428 Nihil
1069 404 1258 443 vnquam
1307 392 1397 431 vidi
1446 392 1686 432 dementius
1735 393 1800 431 his

193 439 377 490 ineptiis.
435 439 528 477 Nisi
556 453 623 478 me
652 440 812 480 Bruma
840 442 906 481 hic
936 444 1141 496 alligaret,
1171 447 1322 497 quouis
1351 447 1628 498 demigrarem
1658 447 1802 498 potius

194 506 324 544 quam
354 493 598 532 huiusmodi
628 496 801 534 naenias
832 497 978 537 audire
1008 512 1188 551 cogerer.
1247 501 1363 541 Bene
1394 501 1501 548 vale,
1534 501 1591 540 mi
1621 500 1800 553 Zuingli,

193 552 237 585 et
258 560 345 586 rem
368 548 670 599 Euangelicam
692 550 923 600 prudenter
944 566 992 591 ac
1013 553 1181 594 fortiter
1202 568 1309 607 gere.

248 601 412 641 Basilee
436 602 613 653 postrid.
639 603 840 656 Concept.
866 606 946 646 An.
975 618 1091 657 1522.

1400 665 1601 704 Erasinus
1631 669 1744 704 tuus.

249 710 301 749 D.
328 710 554 750 Vdalricho
577 711 782 765 Zuinglio,
807 716 992 766 parocho
1015 717 1255 770 Turegensi.

563 869 686 909 1328.
752 869 892 910 FROM
926 871 1149 914 WILLIAM
1183 872 1435 915 BUDAEo‘s.

244 950 384 985 Budaei
402 950 591 996 Epistolac
607 951 774 993 Latinae,
795 963 895 998 1531,
912 954 935 989 i.
956 956 1021 989 126
1038 957 1098 998 (a).
1471 957 1584 991 Paris.

244 1008 385 1043 Budaci
402 1010 532 1053 Opera,
554 1018 653 1053 1557,
675 1010 697 1043 i.
716 1012 781 1053 378
801 1011 865 1054 (β).
1324 1024 1365 1058 14
1383 1014 1586 1048 December
1603 1018 1751 1059 <1522>.

239 1088 444 1129 [Evidently
464 1088 499 1119 of
518 1088 577 1119 the
594 1099 688 1120 sanie
705 1090 824 1130 period
844 1101 881 1122 as
901 1091 965 1133 Ep.
991 1101 1083 1133 1319.
1127 1093 1198 1124 The
1215 1093 1397 1135 year-date
1414 1104 1477 1126 can
1493 1094 1567 1127 also
1585 1094 1627 1127 be
1643 1095 1803 1137 assigned

194 1132 344 1164 without
365 1132 527 1173 question
548 1132 638 1163 from
662 1133 834 1165 Budaeus’
858 1136 1132 1176 appointments.
1179 1137 1196 1168 Ι
1218 1147 1275 1168 am
1297 1138 1399 1179 again
1420 1138 1557 1180 greatly
1576 1138 1744 1171 indebted
1767 1142 1804 1170 tro

194 1177 240 1208 M.
264 1175 487 1207 Delaruelle's
508 1175 679 1207 excellent
699 1180 799 1208 notes
819 1178 855 1209 in
879 1179 967 1210 313⁴.
995 1189 1066 1220 139.
1113 1180 1146 1212 If
1168 1180 1238 1212 this
1258 1180 1362 1213 letter
1381 1181 1422 1219 is,
1444 1192 1482 1213 as
1504 1182 1546 1213 he
1567 1185 1737 1224 suggests,
1758 1192 1803 1214 an

193 1230 327 1251 answer
350 1222 388 1250 to
410 1218 586 1250 Erasmus'
613 1220 815 1252 mentioned
842 1222 878 1253 in
902 1222 966 1264 Ep.
996 1232 1089 1263 1319.
1116 1235 1148 1261 2,
1173 1223 1253 1255 that
1276 1228 1372 1256 must
1393 1224 1484 1257 have
1513 1225 1599 1257 been
1630 1225 1742 1258 about
1763 1236 1802 1257 as

194 1263 277 1295 slow
299 1263 336 1295 in
360 1262 487 1294 transit
519 1273 557 1294 as
582 1263 795 1295 Botzheim’s
827 1266 1028 1298 mentioned
1051 1268 1086 1299 in
1111 1267 1176 1309 Ep.
1205 1277 1297 1309 1331.
1328 1278 1355 1299 1.
1400 1268 1469 1300 For
1491 1268 1593 1311 delay
1616 1269 1651 1301 in
1676 1269 1804 1302 transit

195 1307 350 1338 between
370 1305 470 1337 Basle
487 1305 557 1337 and
575 1306 672 1338 Paris
688 1307 730 1338 cf.
751 1307 824 1339 also
841 1309 905 1351 Ep.
929 1319 1012 1351 1370
1028 1310 1104 1342 init.

239 1350 282 1381 In
301 1360 322 1381 a
342 1349 509 1381 collected
528 1349 658 1381 edition
682 1351 716 1381 of
738 1351 910 1384 Budaeus⁷
933 1353 1057 1391 works‚
1079 1354 1190 1392 Basle,
1212 1355 1361 1393 Froben,
1385 1364 1479 1396 1557,
1501 1356 1560 1388 the
1581 1359 1658 1388 text
1678 1356 1713 1388 of
1734 1356 1804 1388 this

194 1393 298 1425 let-ter
314 1403 383 1424 was
399 1393 575 1424 corrected
591 1393 627 1424 in
643 1403 664 1424 a
679 1394 744 1426 few
761 1395 888 1436 places,
904 1396 1037 1439 though
1055 1397 1238 1440 obviously
1254 1399 1404 1431 without
1418 1399 1601 1441 authority
1615 1411 1624 1438 3
1654 1400 1724 1432 and
1741 1400 1804 1432 has

195 1437 269 1469 also
285 1436 434 1468 suffered
451 1446 546 1468 some
563 1436 822 1478 depravation]

636 1545 859 1576 BVDAEVS
893 1547 1084 1577 ERASMO
1118 1547 1336 1577 SALVTEM
1343 1569 1350 1577 .

251 1605 639 1645 GRATVLATIONEM
689 1611 810 1646 tuam
860 1608 1083 1648 libentiore
1134 1609 1276 1647 animo
1326 1622 1456 1661 quam
1507 1609 1703 1650 hilariore
1752 1615 1804 1650 vt

196 1673 437 1712 agnoscam,
461 1664 539 1699 tua
562 1661 859 1701 beneuolentia
881 1662 1034 1702 effecit.
1093 1663 1204 1702 Nam
1228 1663 1344 1715 quod
1366 1668 1566 1704 ornatum
1589 1678 1656 1704 me
1678 1665 1804 1704 simul

196 1728 285 1753 esse
320 1714 617 1754 honestissimo
653 1729 825 1755 munere
861 1717 1020 1764 scribis,
1057 1721 1102 1756 et
1135 1718 1255 1769 graui
1290 1718 1438 1757 morbo
1473 1719 1558 1758 cito
1591 1718 1802 1766 exiluisse,

196 1769 328 1808 falsus
346 1768 391 1807 id
410 1769 489 1807 tibi
508 1769 680 1816 scilicet,
702 1775 752 1809 vt
771 1771 939 1818 assolet,
960 1772 1173 1823 quispiam
1192 1785 1337 1811 rumor
1355 1773 1505 1812 attulit
1521 1786 1529 1812 :
1560 1773 1683 1824 quasi
1702 1787 1802 1813 vero

198 1823 371 1862 morbus
394 1823 516 1862 annis
538 1823 834 1876 duodeuiginti
855 1826 1044 1873 inolitus,
1062 1830 1112 1866 vt
1132 1827 1196 1866 ita
1217 1827 1370 1874 dicam,
1395 1831 1525 1879 atque
1547 1827 1741 1875 fibratus,
1758 1829 1803 1868 in

197 1877 368 1917 homine
407 1877 612 1925 studioso,
653 1879 811 1918 nedum
849 1880 894 1919 in
932 1880 1012 1920 hoc
1052 1882 1220 1928 aetatis,
1261 1881 1402 1920 sanari
1439 1881 1616 1922 tandem
1655 1883 1804 1933 possit.

198 1931 386 1971 Auctum
407 1945 484 1983 ego
506 1946 605 1971 vero
627 1946 694 1972 me
714 1934 946 1974 honorifico
967 1949 1140 1974 munere
1161 1940 1205 1974 et
1225 1949 1325 1975 sane
1346 1936 1488 1987 opimo
1504 1950 1591 1976 non
1606 1937 1801 1984 diffiteor,

199 1986 491 2025 munificentia
514 1987 628 2038 regia
648 2001 656 2033 ;
696 2001 831 2040 eoque
854 2003 1027 2029 munere
1051 1989 1168 2041 quod
1191 1990 1294 2029 mihi
1317 1991 1442 2030 amici
1466 1991 1561 2038 mei,
1587 1991 1703 2043 quod
1725 1991 1807 2031 viri

199 2040 313 2086 boni,
357 2040 473 2091 quod
514 2041 734 2081 literarum
775 2043 964 2083 fautores
1006 2045 1275 2096 exoptabant
1315 2046 1576 2097 augurioque
1617 2046 1805 2096 quodam

143 2113 183 2135 10
198 2094 361 2133 iamdiu
382 2094 682 2135 destinabant:
715 2101 764 2135 vt
787 2097 929 2137 sedere
952 2099 1038 2137 iam
1058 2099 1206 2138 literae
1225 2100 1269 2138 in
1288 2100 1435 2151 primis
1454 2100 1663 2139 subselliis
1685 2100 1803 2140 audi-

199 2149 319 2199 rique
345 2161 396 2187 ex
422 2154 623 2200 suggestu
643 2156 817 2201 possent
842 2156 886 2190 et
911 2152 1026 2191 domi
1052 2157 1095 2192 et
1121 2166 1304 2204 peregre,
1325 2154 1532 2205 quasique
1551 2167 1573 2193 e
1592 2155 1805 2206 superiore

199 2203 291 2242 1000
320 2202 520 2254 dignitati
548 2216 649 2243 suae
677 2207 947 2255 patrocinari.
1017 2206 1069 2245 Id
1097 2212 1162 2246 est
1189 2209 1301 2246 enim
1334 2208 1379 2246 in
1406 2209 1509 2247 vrbe
1537 2213 1582 2248 et
1608 2209 1652 2247 in
1680 2209 1805 2249 curiis

200 2257 376 2296 summis
412 2270 592 2303 censere,
629 2261 760 2309 atque
795 2260 905 2299 inter
941 2261 1078 2299 aulica
1113 2261 1286 2300 consilia
1320 2263 1533 2313 specimen
1567 2263 1632 2302 sui
1666 2263 1802 2310 edere,

200 2311 326 2350 simul
342 2310 551 2362 Principis
568 2313 682 2351 tanti
699 2313 812 2352 latus
831 2327 907 2365 pro
921 2319 1135 2366 potestate
1149 2316 1325 2366 cingere.
1385 2316 1491 2355 Late
1509 2317 1621 2356 enim
1639 2317 1804 2356 functio

166 2366 327 2415 :huius
358 2367 543 2405 muneris
575 2371 725 2417 patet:
773 2368 817 2407 in
849 2382 917 2408 me
947 2370 1077 2408 etiam
1109 2383 1158 2408 eo
1190 2370 1372 2416 vberius,
1406 2384 1491 2422 quo
1522 2370 1688 2410 facilius
1718 2372 1804 2411 iam

201 2424 330 2459 antea
363 2420 466 2459 mihi
501 2420 642 2460 aditus
677 2421 798 2461 aulae
831 2423 961 2462 etiam
996 2424 1265 2463 abstrusioris
1298 2424 1521 2476 patebant,
1557 2438 1653 2464 cum
1689 2425 1804 2465 adire

202 2475 341 2513 visum
361 2479 467 2513 erat.

258 2528 415 2568 Verum
447 2542 500 2567 ne
533 2530 782 2570 ἐνδείκνυσθαι
813 2536 850 2571 ἐν
880 2534 970 2585 τῷδε
1002 2535 1055 2586 τῴ
1085 2535 1263 2584 ἀξιώματι
1297 2533 1468 2584 possim,
1490 2536 1639 2587 νεογνόν
1675 2534 1804 2574 efficit

249 2618 343 2650 1328.
369 2625 436 2649 TIT.
465 2627 670 2650 evLIELMvs
685 2629 852 2652 BVDAEvs
867 2630 1011 2653 ERAsMo
1025 2631 1104 2654 Ro'r.
1120 2631 1147 2654 s.
1163 2623 1196 2656 β.
1238 2631 1267 2654 2.
1294 2633 1480 2665 agnoscam
1492 2625 1515 2658 β
1531 2636 1538 2656 :
1554 2634 1760 2666 cognoscam
1770 2636 1800 2656 α.

205 2704 410 2737 Rhomanus
444 2706 629 2738 Erasmum
665 2707 878 2740 haereticum
914 2709 969 2741 de·
1038 2709 1222 2751 Requests,
1248 2712 1284 2743 in
1308 2712 1502 2744 succession
1527 2716 1564 2744 to
1588 2713 1642 2745 Jo.
1670 2712 1801 2745 Caluau

203 2748 349 2780 clarasse
366 2749 476 2781 fertur
490 2750 509 2780 '.
1036 2753 1070 2792 (l.
1089 2756 1179 2793 8111).
1219 2755 1272 2786 He
1287 2766 1357 2787 was
1370 2756 1524 2787 received
1538 2757 1574 2787 in
1589 2756 1802 2788 Parliament

251 2792 344 2823 1327.
375 2802 424 2824 11.
452 2793 695 2835 demigrarem]
720 2795 768 2827 Cf.
794 2795 858 2837 Ep.
888 2805 971 2836 1319
1036 2806 1073 2827 21
1095 2797 1182 2839 Aug.
1206 2807 1307 2839 1522:
1326 2809 1381 2830 see
1397 2800 1493 2831 Actes
1508 2800 1547 2831 de
1562 2799 1727 2839 Franpois
1739 2801 1802 2837 ΙΨ,

204 2834 332 2866 introd.
1038 2840 1099 2877 vii,
1112 2851 1144 2881 p.
1161 2851 1248 2881 4903
1267 2842 1316 2881 ix,
1333 2853 1366 2883 p.
1388 2844 1458 2882 146.
1496 2842 1526 2874 A
1538 2842 1640 2874 fuller
1651 2846 1802 2874 account

253 2887 304 2917 13.
330 2879 518 2919 prudenter
541 2890 580 2911 ac
603 2880 755 2920 fortiter]
779 2882 857 2924 Egli
881 2893 972 2914 com·
1037 2883 1072 2914 of
1098 2883 1157 2915 the
1182 2884 1297 2916 duties
1322 2885 1356 2917 of
1382 2886 1440 2916 the
1466 2886 1562 2917 office
1585 2886 1614 2917 is
1638 2886 1741 2927 given
1765 2887 1801 2918 in

204 2931 303 2962 pares
322 2922 408 2953 with
428 2923 492 2963 Ep.
517 2933 609 2963 1314.
636 2935 751 2966 14—15.
1038 2926 1103 2968 Ep.
1133 2936 1225 2969 1370.
1246 2936 1385 2969 57—103.

252 2965 346 2997 1328.
374 2974 403 3004 3.
431 2965 586 3004 munere]
611 2967 774 3000 Budaeus
796 2967 865 3000 had
888 2968 974 3000 been
1085 2979 1115 3009 5.
1143 2972 1244 3003 annis
1260 2971 1517 3012 duodeuiginti]
1542 2971 1594 3005 Cf.
1613 2972 1676 3015 Ep.
1702 2979 1798 3014 1073.

204 3008 396 3048 appointed
421 3019 484 3040 one
509 3009 543 3040 of
568 3010 627 3041 the
649 3011 746 3052 eight
770 3011 916 3043 Masters
941 3012 976 3043 of
1039 3013 1095 3043 6n.
