<?xml version="1.0" encoding="UTF-8"?>
<!DOCTYPE html PUBLIC "-//W3C//DTD XHTML 1.0 Transitional//EN"
    "http://www.w3.org/TR/xhtml1/DTD/xhtml1-transitional.dtd">
<html xmlns="http://www.w3.org/1999/xhtml" xml:lang="en" lang="en">
 <head>
  <title>
</title>
<meta http-equiv="Content-Type" content="text/html;charset=utf-8" />
  <meta name='ocr-system' content='tesseract 3.04.00' />
  <meta name='ocr-capabilities' content='ocr_page ocr_carea ocr_par ocr_line ocrx_word'/>
</head>
<body>
  <div class='ocr_page' id='page_1' title='image "./opusepistolarum05eras_0203.png"; bbox 0 0 2012 3370; ppageno 0'>
   <div class='ocr_carea' id='block_1_1' title="bbox 156 119 1745 174">
    <p class='ocr_par' dir='ltr' id='par_1_1' title="bbox 156 119 1745 174">
     <span class='ocr_line' id='line_1_1' title="bbox 156 119 1745 174; baseline -0.001 -13"><span class='ocrx_word' id='word_1_1' title='bbox 156 123 280 174; x_wconf 85' lang='lat'>1334]</span> <span class='ocrx_word' id='word_1_2' title='bbox 629 120 702 159; x_wconf 83' lang='lat' dir='ltr'><strong>To</strong></span> <span class='ocrx_word' id='word_1_3' title='bbox 731 119 886 159; x_wconf 69' lang='grc' dir='ltr'><strong>ιΙΟΗΝ</strong></span> <span class='ocrx_word' id='word_1_4' title='bbox 914 119 1299 160; x_wconf 78' lang='lat' dir='ltr'><strong>CARONDELET</strong></span> <span class='ocrx_word' id='word_1_5' title='bbox 1669 120 1745 160; x_wconf 87' lang='lat'><strong>173</strong></span> 
     </span>
    </p>
   </div>
   <div class='ocr_carea' id='block_1_2' title="bbox 151 227 1747 316">
    <p class='ocr_par' dir='ltr' id='par_1_2' title="bbox 151 227 1747 316">
     <span class='ocr_line' id='line_1_2' title="bbox 151 227 1747 273; baseline -0.001 -10"><span class='ocrx_word' id='word_1_6' title='bbox 151 232 236 263; x_wconf 85' lang='lat'><strong>26-8</strong></span> <span class='ocrx_word' id='word_1_7' title='bbox 254 243 262 269; x_wconf 90' lang='lat'>;</span> <span class='ocrx_word' id='word_1_8' title='bbox 296 230 369 262; x_wconf 88' lang='lat' dir='ltr'><strong>also</strong></span> <span class='ocrx_word' id='word_1_9' title='bbox 388 230 478 273; x_wconf 88' lang='lat' dir='ltr'><strong>Epp.</strong></span> <span class='ocrx_word' id='word_1_10' title='bbox 502 239 597 267; x_wconf 90' lang='lat'>1000,</span> <span class='ocrx_word' id='word_1_11' title='bbox 619 230 728 269; x_wconf 83' lang='lat'>1460),</span> <span class='ocrx_word' id='word_1_12' title='bbox 748 229 808 260; x_wconf 89' lang='lat' dir='ltr'><strong>the</strong></span> <span class='ocrx_word' id='word_1_13' title='bbox 828 232 904 260; x_wconf 89' lang='lat' dir='ltr'><strong>text</strong></span> <span class='ocrx_word' id='word_1_14' title='bbox 923 228 958 261; x_wconf 89' lang='lat' dir='ltr'><strong>of</strong></span> <span class='ocrx_word' id='word_1_15' title='bbox 977 230 1000 263; x_wconf 82' lang='grc' dir='ltr'>β</span> <span class='ocrx_word' id='word_1_16' title='bbox 1016 238 1086 261; x_wconf 84' lang='lat' dir='ltr'><strong>was</strong></span> <span class='ocrx_word' id='word_1_17' title='bbox 1105 228 1269 271; x_wconf 87' lang='lat' dir='ltr'><strong>adopted.</strong></span> <span class='ocrx_word' id='word_1_18' title='bbox 1311 227 1384 261; x_wconf 85' lang='lat' dir='ltr'><strong>The</strong></span> <span class='ocrx_word' id='word_1_19' title='bbox 1403 229 1583 271; x_wconf 84' lang='lat' dir='ltr'><strong>year-date</strong></span> <span class='ocrx_word' id='word_1_20' title='bbox 1603 239 1684 271; x_wconf 83' lang='lat' dir='ltr'><strong>may</strong></span> <span class='ocrx_word' id='word_1_21' title='bbox 1705 230 1747 262; x_wconf 92' lang='lat' dir='ltr'><strong>be</strong></span> 
     </span>
     <span class='ocr_line' id='line_1_3' title="bbox 152 272 1746 316; baseline -0.002 -9"><span class='ocrx_word' id='word_1_22' title='bbox 152 274 365 316; x_wconf 85' lang='lat' dir='ltr'><strong>interpreted</strong></span> <span class='ocrx_word' id='word_1_23' title='bbox 385 285 423 306; x_wconf 86' lang='lat' dir='ltr'><strong>so</strong></span> <span class='ocrx_word' id='word_1_24' title='bbox 443 284 481 305; x_wconf 88' lang='lat' dir='ltr'><strong>as</strong></span> <span class='ocrx_word' id='word_1_25' title='bbox 502 277 539 305; x_wconf 90' lang='lat' dir='ltr'><strong>to</strong></span> <span class='ocrx_word' id='word_1_26' title='bbox 559 272 714 304; x_wconf 84' lang='lat' dir='ltr'><strong>conform</strong></span> <span class='ocrx_word' id='word_1_27' title='bbox 736 276 773 304; x_wconf 89' lang='lat' dir='ltr'><strong>to</strong></span> <span class='ocrx_word' id='word_1_28' title='bbox 795 272 874 304; x_wconf 85' lang='lat' dir='ltr'><strong>that</strong></span> <span class='ocrx_word' id='word_1_29' title='bbox 895 272 930 304; x_wconf 92' lang='lat' dir='ltr'><strong>of</strong></span> <span class='ocrx_word' id='word_1_30' title='bbox 950 272 1009 304; x_wconf 86' lang='lat' dir='ltr'><strong>the</strong></span> <span class='ocrx_word' id='word_1_31' title='bbox 1030 272 1145 311; x_wconf 88' lang='lat' dir='ltr'><strong>book;</strong></span> <span class='ocrx_word' id='word_1_32' title='bbox 1179 273 1249 304; x_wconf 89' lang='lat' dir='ltr'><strong>and</strong></span> <span class='ocrx_word' id='word_1_33' title='bbox 1271 272 1340 304; x_wconf 85' lang='lat' dir='ltr'><strong>this</strong></span> <span class='ocrx_word' id='word_1_34' title='bbox 1360 273 1388 304; x_wconf 87' lang='lat' dir='ltr'><strong>is</strong></span> <span class='ocrx_word' id='word_1_35' title='bbox 1408 272 1597 305; x_wconf 90' lang='lat' dir='ltr'><strong>confirmed</strong></span> <span class='ocrx_word' id='word_1_36' title='bbox 1617 273 1665 315; x_wconf 90' lang='lat' dir='ltr'><strong>by</strong></span> <span class='ocrx_word' id='word_1_37' title='bbox 1687 273 1746 305; x_wconf 86' lang='lat' dir='ltr'><strong>the</strong></span> 
     </span>
    </p>
   </div>
   <div class='ocr_carea' id='block_1_3' title="bbox 152 317 1743 445">
    <p class='ocr_par' dir='ltr' id='par_1_3' title="bbox 152 317 1743 445">
     <span class='ocr_line' id='line_1_4' title="bbox 152 317 985 359; baseline -0.004 -9"><span class='ocrx_word' id='word_1_38' title='bbox 152 328 322 359; x_wconf 83' lang='lat' dir='ltr'>sequence</span> <span class='ocrx_word' id='word_1_39' title='bbox 341 318 377 350; x_wconf 92' lang='lat' dir='ltr'><strong>of</strong></span> <span class='ocrx_word' id='word_1_40' title='bbox 395 318 525 355; x_wconf 88' lang='lat' dir='ltr'><strong>letters,</strong></span> <span class='ocrx_word' id='word_1_41' title='bbox 545 317 634 358; x_wconf 85' lang='lat' dir='ltr'><strong>Epp.</strong></span> <span class='ocrx_word' id='word_1_42' title='bbox 660 326 755 356; x_wconf 86' lang='lat'>1320,</span> <span class='ocrx_word' id='word_1_43' title='bbox 778 324 871 357; x_wconf 75' lang='lat'><strong>1345,</strong></span> <span class='ocrx_word' id='word_1_44' title='bbox 892 324 985 357; x_wconf 82' lang='lat'>1350.</span> 
     </span>
     <span class='ocr_line' id='line_1_5' title="bbox 198 359 1741 403; baseline -0.001 -11"><span class='ocrx_word' id='word_1_45' title='bbox 198 361 266 393; x_wconf 88' lang='lat' dir='ltr'><strong>For</strong></span> <span class='ocrx_word' id='word_1_46' title='bbox 280 372 302 394; x_wconf 87' lang='lat' dir='ltr'><strong>a</strong></span> <span class='ocrx_word' id='word_1_47' title='bbox 319 360 482 403; x_wconf 85' lang='lat' dir='ltr'><strong>proposal</strong></span> <span class='ocrx_word' id='word_1_48' title='bbox 498 360 534 391; x_wconf 86' lang='lat' dir='ltr'><strong>of</strong></span> <span class='ocrx_word' id='word_1_49' title='bbox 549 359 609 391; x_wconf 85' lang='lat' dir='ltr'><strong>the</strong></span> <span class='ocrx_word' id='word_1_50' title='bbox 626 359 722 391; x_wconf 90' lang='lat' dir='ltr'><strong>work</strong></span> <span class='ocrx_word' id='word_1_51' title='bbox 738 369 794 391; x_wconf 87' lang='lat' dir='ltr'><strong>see</strong></span> <span class='ocrx_word' id='word_1_52' title='bbox 811 359 875 401; x_wconf 89' lang='lat' dir='ltr'><strong>Ep.</strong></span> <span class='ocrx_word' id='word_1_53' title='bbox 898 366 954 399; x_wconf 82' lang='lat'><strong>125</strong></span> <span class='ocrx_word' id='word_1_54' title='bbox 962 368 989 400; x_wconf 88' lang='lat'><strong>3.</strong></span> <span class='ocrx_word' id='word_1_55' title='bbox 1009 368 1062 398; x_wconf 88' lang='lat'><strong>29.</strong></span> <span class='ocrx_word' id='word_1_56' title='bbox 1109 359 1276 392; x_wconf 81' lang='lat' dir='ltr'><strong>Erasmus</strong></span> <span class='ocrx_word' id='word_1_57' title='bbox 1292 359 1402 392; x_wconf 88' lang='lat' dir='ltr'><strong>found</strong></span> <span class='ocrx_word' id='word_1_58' title='bbox 1417 360 1447 391; x_wconf 91' lang='lat' dir='ltr'><strong>it</strong></span> <span class='ocrx_word' id='word_1_59' title='bbox 1463 359 1611 391; x_wconf 89' lang='lat' dir='ltr'><strong>difficult</strong></span> <span class='ocrx_word' id='word_1_60' title='bbox 1629 360 1663 399; x_wconf 77' lang='lat'><strong>(1,</strong></span> <span class='ocrx_word' id='word_1_61' title='bbox 1684 369 1741 401; x_wconf 91' lang='lat' dir='ltr'><strong>pp.</strong></span> 
     </span>
     <span class='ocr_line' id='line_1_6' title="bbox 156 402 1743 445; baseline 0 -10"><span class='ocrx_word' id='word_1_62' title='bbox 156 405 205 436; x_wconf 89' lang='lat'><strong>16.</strong></span> <span class='ocrx_word' id='word_1_63' title='bbox 229 414 262 444; x_wconf 91' lang='lat'><strong>9,</strong></span> <span class='ocrx_word' id='word_1_64' title='bbox 286 413 338 443; x_wconf 87' lang='lat'><strong>42.</strong></span> <span class='ocrx_word' id='word_1_65' title='bbox 366 406 410 445; x_wconf 88' lang='grc'><strong>5).</strong></span> <span class='ocrx_word' id='word_1_66' title='bbox 458 403 502 437; x_wconf 91' lang='lat' dir='ltr'><strong>Of</strong></span> <span class='ocrx_word' id='word_1_67' title='bbox 516 403 575 435; x_wconf 83' lang='lat' dir='ltr'><strong>the</strong></span> <span class='ocrx_word' id='word_1_68' title='bbox 592 411 668 435; x_wconf 84' lang='lat' dir='ltr'><strong>MSS.</strong></span> <span class='ocrx_word' id='word_1_69' title='bbox 688 402 730 434; x_wconf 84' lang='lat' dir='ltr'><strong>he</strong></span> <span class='ocrx_word' id='word_1_70' title='bbox 747 403 832 434; x_wconf 90' lang='lat' dir='ltr'><strong>used</strong></span> <span class='ocrx_word' id='word_1_71' title='bbox 848 403 865 434; x_wconf 96' lang='lat' dir='ltr'>I</span> <span class='ocrx_word' id='word_1_72' title='bbox 887 403 976 435; x_wconf 89' lang='lat' dir='ltr'><strong>have</strong></span> <span class='ocrx_word' id='word_1_73' title='bbox 992 403 1101 435; x_wconf 85' lang='lat' dir='ltr'><strong>found</strong></span> <span class='ocrx_word' id='word_1_74' title='bbox 1120 414 1167 435; x_wconf 93' lang='lat' dir='ltr'><strong>no</strong></span> <span class='ocrx_word' id='word_1_75' title='bbox 1184 403 1284 435; x_wconf 83' lang='lat' dir='ltr'><strong>other</strong></span> <span class='ocrx_word' id='word_1_76' title='bbox 1299 407 1393 435; x_wconf 83' lang='lat' dir='ltr'><strong>trace</strong></span> <span class='ocrx_word' id='word_1_77' title='bbox 1412 403 1499 435; x_wconf 86' lang='lat' dir='ltr'><strong>than</strong></span> <span class='ocrx_word' id='word_1_78' title='bbox 1523 403 1602 435; x_wconf 84' lang='lat' dir='ltr'><strong>that</strong></span> <span class='ocrx_word' id='word_1_79' title='bbox 1617 404 1653 436; x_wconf 89' lang='lat' dir='ltr'><strong>in</strong></span> <span class='ocrx_word' id='word_1_80' title='bbox 1678 404 1743 445; x_wconf 90' lang='lat' dir='ltr'><strong>Ep.</strong></span> 
     </span>
    </p>
   </div>
   <div class='ocr_carea' id='block_1_4' title="bbox 156 447 340 487">
    <p class='ocr_par' dir='ltr' id='par_1_4' title="bbox 156 447 340 487">
     <span class='ocr_line' id='line_1_7' title="bbox 156 447 340 487; baseline -0.005 -7"><span class='ocrx_word' id='word_1_81' title='bbox 156 450 250 487; x_wconf 86' lang='lat'><strong>1289.</strong></span> <span class='ocrx_word' id='word_1_82' title='bbox 274 447 340 487; x_wconf 84' lang='lat'><strong>18.]</strong></span> 
     </span>
    </p>
   </div>
   <div class='ocr_carea' id='block_1_5' title="bbox 190 544 1692 750">
    <p class='ocr_par' dir='ltr' id='par_1_5' title="bbox 190 544 1692 750">
     <span class='ocr_line' id='line_1_8' title="bbox 323 544 1566 584; baseline -0.002 -7"><span class='ocrx_word' id='word_1_83' title='bbox 323 545 748 577; x_wconf 71' lang='lat' dir='ltr'><strong>REVERENDISSIMO</strong></span> <span class='ocrx_word' id='word_1_84' title='bbox 778 545 832 574; x_wconf 85' lang='lat' dir='ltr'><strong>IN</strong></span> <span class='ocrx_word' id='word_1_85' title='bbox 865 544 1066 575; x_wconf 84' lang='lat' dir='ltr'><strong>CHRISTO</strong></span> <span class='ocrx_word' id='word_1_86' title='bbox 1096 544 1240 575; x_wconf 82' lang='lat' dir='ltr'>PATRI</span> <span class='ocrx_word' id='word_1_87' title='bbox 1270 545 1330 575; x_wconf 82' lang='lat' dir='ltr'><strong>AO</strong></span> <span class='ocrx_word' id='word_1_88' title='bbox 1362 545 1566 584; x_wconf 88' lang='lat' dir='ltr'><strong>DOMINO,</strong></span> 
     </span>
     <span class='ocr_line' id='line_1_9' title="bbox 226 602 1672 642; baseline -0.001 -7"><span class='ocrx_word' id='word_1_89' title='bbox 226 606 272 635; x_wconf 89' lang='lat' dir='ltr'><strong>D.</strong></span> <span class='ocrx_word' id='word_1_90' title='bbox 305 602 478 635; x_wconf 90' lang='lat' dir='ltr'>IOANNI</span> <span class='ocrx_word' id='word_1_91' title='bbox 509 603 863 641; x_wconf 80' lang='lat' dir='ltr'><strong>CARONDILETO,</strong></span> <span class='ocrx_word' id='word_1_92' title='bbox 896 602 1276 633; x_wconf 87' lang='lat' dir='ltr'><strong>ARCHIEPISCOPO</strong></span> <span class='ocrx_word' id='word_1_93' title='bbox 1306 603 1672 642; x_wconf 85' lang='lat' dir='ltr'><strong>PANORMITANO,</strong></span> 
     </span>
     <span class='ocr_line' id='line_1_10' title="bbox 190 660 1692 701; baseline -0.001 -8"><span class='ocrx_word' id='word_1_94' title='bbox 190 662 347 693; x_wconf 88' lang='lat' dir='ltr'>AVLAE</span> <span class='ocrx_word' id='word_1_95' title='bbox 380 661 660 692; x_wconf 78' lang='lat' dir='ltr'><strong>OAESAREAE</strong></span> <span class='ocrx_word' id='word_1_96' title='bbox 692 661 819 691; x_wconf 88' lang='lat' dir='ltr'>APVD</span> <span class='ocrx_word' id='word_1_97' title='bbox 852 660 1137 690; x_wconf 87' lang='lat' dir='ltr'><strong>BRABANTOS</strong></span> <span class='ocrx_word' id='word_1_98' title='bbox 1171 660 1478 692; x_wconf 88' lang='lat' dir='ltr'><strong>CONSILIARIO</strong></span> <span class='ocrx_word' id='word_1_99' title='bbox 1512 662 1692 701; x_wconf 89' lang='lat' dir='ltr'><strong>SVMMO,</strong></span> 
     </span>
     <span class='ocr_line' id='line_1_11' title="bbox 577 718 1326 750; baseline 0 -2"><span class='ocrx_word' id='word_1_100' title='bbox 577 719 795 750; x_wconf 85' lang='lat' dir='ltr'><strong>ERASMVS</strong></span> <span class='ocrx_word' id='word_1_101' title='bbox 827 718 1184 749; x_wconf 86' lang='lat' dir='ltr'><strong>ROTERODAMVS</strong></span> <span class='ocrx_word' id='word_1_102' title='bbox 1226 718 1262 748; x_wconf 89' lang='lat' dir='ltr'><strong>S.</strong></span> <span class='ocrx_word' id='word_1_103' title='bbox 1280 718 1326 748; x_wconf 85' lang='lat' dir='ltr'><strong>D.</strong></span> 
     </span>
    </p>
   </div>
   <div class='ocr_carea' id='block_1_6' title="bbox 138 779 1805 2842">
    <p class='ocr_par' dir='ltr' id='par_1_6' title="bbox 143 779 1805 1635">
     <span class='ocr_line' id='line_1_12' title="bbox 201 779 1742 833; baseline 0.001 -13"><span class='ocrx_word' id='word_1_104' title='bbox 201 781 302 821; x_wconf 83' lang='lat' dir='ltr'>NISI</span> <span class='ocrx_word' id='word_1_105' title='bbox 330 794 499 833; x_wconf 89' lang='lat' dir='ltr'><strong>prorsus</strong></span> <span class='ocrx_word' id='word_1_106' title='bbox 527 782 652 820; x_wconf 90' lang='lat' dir='ltr'><strong>inane</strong></span> <span class='ocrx_word' id='word_1_107' title='bbox 680 793 835 819; x_wconf 90' lang='lat' dir='ltr'><strong>nomen</strong></span> <span class='ocrx_word' id='word_1_108' title='bbox 863 780 1050 819; x_wconf 85' lang='lat' dir='ltr'><strong>fatorum</strong></span> <span class='ocrx_word' id='word_1_109' title='bbox 1079 783 1157 827; x_wconf 91' lang='lat' dir='ltr'><strong>est,</strong></span> <span class='ocrx_word' id='word_1_110' title='bbox 1187 779 1434 819; x_wconf 87' lang='lat' dir='ltr'><strong>Praesulum</strong></span> <span class='ocrx_word' id='word_1_111' title='bbox 1464 781 1742 828; x_wconf 89' lang='lat' dir='ltr'><strong>ornatissime,</strong></span> 
     </span>
     <span class='ocr_line' id='line_1_13' title="bbox 147 834 1745 888; baseline 0 -13"><span class='ocrx_word' id='word_1_112' title='bbox 147 836 343 888; x_wconf 84' lang='lat' dir='ltr'><strong>equidem</strong></span> <span class='ocrx_word' id='word_1_113' title='bbox 363 835 545 875; x_wconf 90' lang='lat' dir='ltr'><strong>arbitror</strong></span> <span class='ocrx_word' id='word_1_114' title='bbox 564 835 643 874; x_wconf 90' lang='lat' dir='ltr'><strong>hoc</strong></span> <span class='ocrx_word' id='word_1_115' title='bbox 662 835 766 874; x_wconf 89' lang='lat' dir='ltr'><strong>mihi</strong></span> <span class='ocrx_word' id='word_1_116' title='bbox 786 847 955 886; x_wconf 89' lang='lat' dir='ltr'><strong>prorsus</strong></span> <span class='ocrx_word' id='word_1_117' title='bbox 974 835 1018 873; x_wconf 90' lang='lat' dir='ltr'><strong>in</strong></span> <span class='ocrx_word' id='word_1_118' title='bbox 1037 834 1138 873; x_wconf 83' lang='lat' dir='ltr'><strong>fatis</strong></span> <span class='ocrx_word' id='word_1_119' title='bbox 1158 847 1259 881; x_wconf 90' lang='lat' dir='ltr'><strong>esse,</strong></span> <span class='ocrx_word' id='word_1_120' title='bbox 1281 838 1332 873; x_wconf 86' lang='lat' dir='ltr'><strong>vt</strong></span> <span class='ocrx_word' id='word_1_121' title='bbox 1349 834 1582 874; x_wconf 72' lang='lat' dir='ltr'><strong>identidem</strong></span> <span class='ocrx_word' id='word_1_122' title='bbox 1602 836 1646 874; x_wconf 92' lang='lat' dir='ltr'><strong>in</strong></span> <span class='ocrx_word' id='word_1_123' title='bbox 1666 836 1745 875; x_wconf 91' lang='lat' dir='ltr'><strong>hoc</strong></span> 
     </span>
     <span class='ocr_line' id='line_1_14' title="bbox 147 888 1743 942; baseline -0.001 -13"><span class='ocrx_word' id='word_1_124' title='bbox 147 903 278 942; x_wconf 89' lang='lat' dir='ltr'><strong>genus</strong></span> <span class='ocrx_word' id='word_1_125' title='bbox 297 890 564 942; x_wconf 73' lang='lat' dir='ltr'><strong>labyrinthos</strong></span> <span class='ocrx_word' id='word_1_126' title='bbox 584 889 791 935; x_wconf 89' lang='lat' dir='ltr'><strong>reuoluar,</strong></span> <span class='ocrx_word' id='word_1_127' title='bbox 814 889 927 928; x_wconf 86' lang='lat' dir='ltr'><strong>Vnde</strong></span> <span class='ocrx_word' id='word_1_128' title='bbox 948 888 1166 928; x_wconf 83' lang='lat' dir='ltr'><strong>molestiae</strong></span> <span class='ocrx_word' id='word_1_129' title='bbox 1186 889 1402 940; x_wconf 88' lang='lat' dir='ltr'><strong>taediique</strong></span> <span class='ocrx_word' id='word_1_130' title='bbox 1423 890 1480 928; x_wconf 86' lang='lat' dir='ltr'><strong>sit</strong></span> <span class='ocrx_word' id='word_1_131' title='bbox 1500 888 1743 940; x_wconf 91' lang='lat' dir='ltr'><strong>plurimum,</strong></span> 
     </span>
     <span class='ocr_line' id='line_1_15' title="bbox 147 943 1745 996; baseline 0 -13"><span class='ocrx_word' id='word_1_132' title='bbox 147 945 301 996; x_wconf 89' lang='lat' dir='ltr'><strong>gloriae</strong></span> <span class='ocrx_word' id='word_1_133' title='bbox 326 958 456 996; x_wconf 89' lang='lat' dir='ltr'><strong>quam</strong></span> <span class='ocrx_word' id='word_1_134' title='bbox 482 945 718 983; x_wconf 89' lang='lat' dir='ltr'><strong>minimum.</strong></span> <span class='ocrx_word' id='word_1_135' title='bbox 776 944 947 983; x_wconf 88' lang='lat' dir='ltr'><strong>Etenim</strong></span> <span class='ocrx_word' id='word_1_136' title='bbox 972 947 1235 994; x_wconf 83' lang='lat' dir='ltr'><strong>quantopere</strong></span> <span class='ocrx_word' id='word_1_137' title='bbox 1261 943 1502 982; x_wconf 88' lang='lat' dir='ltr'><strong>sudandum</strong></span> <span class='ocrx_word' id='word_1_138' title='bbox 1528 944 1584 983; x_wconf 89' lang='lat' dir='ltr'><strong>sit</strong></span> <span class='ocrx_word' id='word_1_139' title='bbox 1609 945 1646 983; x_wconf 93' lang='lat' dir='ltr'><strong>ei</strong></span> <span class='ocrx_word' id='word_1_140' title='bbox 1671 945 1745 995; x_wconf 91' lang='lat' dir='ltr'><strong>qui</strong></span> 
     </span>
     <span class='ocr_line' id='line_1_16' title="bbox 147 997 1782 1053; baseline 0 -15"><span class='ocrx_word' id='word_1_141' title='bbox 147 1003 340 1038; x_wconf 86' lang='lat' dir='ltr'><strong>vetustos</strong></span> <span class='ocrx_word' id='word_1_142' title='bbox 359 1003 528 1038; x_wconf 82' lang='lat' dir='ltr'><strong>autores</strong></span> <span class='ocrx_word' id='word_1_143' title='bbox 545 1002 786 1049; x_wconf 89' lang='lat' dir='ltr'><strong>temporum</strong></span> <span class='ocrx_word' id='word_1_144' title='bbox 805 1011 853 1037; x_wconf 88' lang='lat' dir='ltr'><strong>ac</strong></span> <span class='ocrx_word' id='word_1_145' title='bbox 871 998 1137 1036; x_wconf 85' lang='lat' dir='ltr'><strong>librariorum</strong></span> <span class='ocrx_word' id='word_1_146' title='bbox 1156 997 1293 1049; x_wconf 89' lang='lat' dir='ltr'><strong>culpa,</strong></span> <span class='ocrx_word' id='word_1_147' title='bbox 1314 997 1387 1036; x_wconf 91' lang='lat' dir='ltr'><strong>sed</strong></span> <span class='ocrx_word' id='word_1_148' title='bbox 1405 998 1541 1037; x_wconf 88' lang='lat' dir='ltr'><strong>multo</strong></span> <span class='ocrx_word' id='word_1_149' title='bbox 1559 999 1745 1038; x_wconf 86' lang='lat' dir='ltr'><strong>maxime</strong></span> <span class='ocrx_word' id='word_1_150' title='bbox 1766 1019 1782 1053; x_wconf 77' lang='lat'>5</span> 
     </span>
     <span class='ocr_line' id='line_1_17' title="bbox 146 1052 1745 1104; baseline 0 -12"><span class='ocrx_word' id='word_1_151' title='bbox 146 1053 369 1093; x_wconf 81' lang='lat' dir='ltr'><strong>sciolorum</strong></span> <span class='ocrx_word' id='word_1_152' title='bbox 400 1057 444 1092; x_wconf 92' lang='lat' dir='ltr'><strong>et</strong></span> <span class='ocrx_word' id='word_1_153' title='bbox 475 1052 778 1092; x_wconf 88' lang='lat' dir='ltr'><strong>audaculorum</strong></span> <span class='ocrx_word' id='word_1_154' title='bbox 809 1053 1064 1099; x_wconf 85' lang='lat' dir='ltr'><strong>temeritate,</strong></span> <span class='ocrx_word' id='word_1_155' title='bbox 1096 1065 1182 1091; x_wconf 91' lang='lat' dir='ltr'><strong>non</strong></span> <span class='ocrx_word' id='word_1_156' title='bbox 1212 1065 1298 1091; x_wconf 82' lang='lat' dir='ltr'><strong>vno</strong></span> <span class='ocrx_word' id='word_1_157' title='bbox 1329 1052 1456 1091; x_wconf 90' lang='lat' dir='ltr'><strong>modo</strong></span> <span class='ocrx_word' id='word_1_158' title='bbox 1487 1052 1745 1104; x_wconf 88' lang='lat' dir='ltr'><strong>deprauatos</strong></span> 
     </span>
     <span class='ocr_line' id='line_1_18' title="bbox 147 1106 1743 1158; baseline 0 -12"><span class='ocrx_word' id='word_1_159' title='bbox 147 1107 370 1147; x_wconf 87' lang='lat' dir='ltr'><strong>emendare</strong></span> <span class='ocrx_word' id='word_1_160' title='bbox 398 1111 589 1154; x_wconf 88' lang='lat' dir='ltr'><strong>conatur,</strong></span> <span class='ocrx_word' id='word_1_161' title='bbox 620 1111 670 1146; x_wconf 90' lang='lat' dir='ltr'><strong>vt</strong></span> <span class='ocrx_word' id='word_1_162' title='bbox 697 1119 821 1146; x_wconf 93' lang='lat' dir='ltr'><strong>nemo</strong></span> <span class='ocrx_word' id='word_1_163' title='bbox 850 1107 993 1153; x_wconf 86' lang='lat' dir='ltr'><strong>sentit,</strong></span> <span class='ocrx_word' id='word_1_164' title='bbox 1023 1107 1086 1145; x_wconf 91' lang='lat' dir='ltr'><strong>ita</strong></span> <span class='ocrx_word' id='word_1_165' title='bbox 1113 1119 1237 1145; x_wconf 91' lang='lat' dir='ltr'><strong>nemo</strong></span> <span class='ocrx_word' id='word_1_166' title='bbox 1266 1106 1401 1145; x_wconf 89' lang='lat' dir='ltr'><strong>credit</strong></span> <span class='ocrx_word' id='word_1_167' title='bbox 1427 1107 1507 1146; x_wconf 93' lang='lat' dir='ltr'><strong>nisi</strong></span> <span class='ocrx_word' id='word_1_168' title='bbox 1535 1107 1610 1158; x_wconf 90' lang='lat' dir='ltr'><strong>qui</strong></span> <span class='ocrx_word' id='word_1_169' title='bbox 1637 1108 1743 1158; x_wconf 88' lang='lat' dir='ltr'><strong>peri-</strong></span> 
     </span>
     <span class='ocr_line' id='line_1_19' title="bbox 146 1160 1744 1213; baseline -0.001 -12"><span class='ocrx_word' id='word_1_170' title='bbox 146 1162 288 1201; x_wconf 92' lang='lat' dir='ltr'><strong>culum</strong></span> <span class='ocrx_word' id='word_1_171' title='bbox 316 1162 406 1213; x_wconf 90' lang='lat' dir='ltr'><strong>ipse</strong></span> <span class='ocrx_word' id='word_1_172' title='bbox 433 1161 592 1201; x_wconf 84' lang='lat' dir='ltr'><strong>fecerit.</strong></span> <span class='ocrx_word' id='word_1_173' title='bbox 650 1161 807 1200; x_wconf 88' lang='lat' dir='ltr'><strong>Verum</strong></span> <span class='ocrx_word' id='word_1_174' title='bbox 834 1160 939 1200; x_wconf 89' lang='lat' dir='ltr'><strong>illud</strong></span> <span class='ocrx_word' id='word_1_175' title='bbox 968 1161 1071 1199; x_wconf 90' lang='lat' dir='ltr'><strong>mihi</strong></span> <span class='ocrx_word' id='word_1_176' title='bbox 1100 1161 1243 1212; x_wconf 85' lang='lat' dir='ltr'><strong>magni</strong></span> <span class='ocrx_word' id='word_1_177' title='bbox 1271 1160 1490 1200; x_wconf 89' lang='lat' dir='ltr'><strong>cuiusdam</strong></span> <span class='ocrx_word' id='word_1_178' title='bbox 1519 1165 1564 1200; x_wconf 81' lang='lat' dir='ltr'><strong>et</strong></span> <span class='ocrx_word' id='word_1_179' title='bbox 1591 1162 1744 1201; x_wconf 86' lang='lat' dir='ltr'><strong>excelsi</strong></span> 
     </span>
     <span class='ocr_line' id='line_1_20' title="bbox 146 1215 1742 1267; baseline 0 -12"><span class='ocrx_word' id='word_1_180' title='bbox 146 1217 276 1255; x_wconf 91' lang='lat' dir='ltr'><strong>animi</strong></span> <span class='ocrx_word' id='word_1_181' title='bbox 306 1216 488 1263; x_wconf 88' lang='lat' dir='ltr'><strong>videtur,</strong></span> <span class='ocrx_word' id='word_1_182' title='bbox 520 1215 750 1267; x_wconf 77' lang='lat' dir='ltr'><strong>publicitus</strong></span> <span class='ocrx_word' id='word_1_183' title='bbox 780 1215 1036 1254; x_wconf 89' lang='lat' dir='ltr'><strong>benemereri</strong></span> <span class='ocrx_word' id='word_1_184' title='bbox 1066 1215 1119 1254; x_wconf 91' lang='lat' dir='ltr'><strong>de</strong></span> <span class='ocrx_word' id='word_1_185' title='bbox 1149 1215 1358 1262; x_wconf 89' lang='lat' dir='ltr'><strong>omnibus,</strong></span> <span class='ocrx_word' id='word_1_186' title='bbox 1390 1215 1458 1254; x_wconf 82' lang='lat' dir='ltr'><strong>vel</strong></span> <span class='ocrx_word' id='word_1_187' title='bbox 1488 1216 1595 1255; x_wconf 90' lang='lat' dir='ltr'><strong>citra</strong></span> <span class='ocrx_word' id='word_1_188' title='bbox 1625 1229 1742 1267; x_wconf 89' lang='lat' dir='ltr'><strong>spem</strong></span> 
     </span>
     <span class='ocr_line' id='line_1_21' title="bbox 145 1269 1805 1321; baseline 0 -12"><span class='ocrx_word' id='word_1_189' title='bbox 145 1270 201 1309; x_wconf 90' lang='lat' dir='ltr'><strong>ad</strong></span> <span class='ocrx_word' id='word_1_190' title='bbox 248 1270 586 1310; x_wconf 85' lang='lat' dir='ltr'><strong>benemerentem</strong></span> <span class='ocrx_word' id='word_1_191' title='bbox 633 1269 845 1309; x_wconf 90' lang='lat' dir='ltr'><strong>rediturae</strong></span> <span class='ocrx_word' id='word_1_192' title='bbox 891 1270 1080 1321; x_wconf 85' lang='lat' dir='ltr'><strong>gratiae:</strong></span> <span class='ocrx_word' id='word_1_193' title='bbox 1142 1282 1281 1320; x_wconf 87' lang='lat' dir='ltr'><strong>porro,</strong></span> <span class='ocrx_word' id='word_1_194' title='bbox 1329 1269 1566 1309; x_wconf 87' lang='lat' dir='ltr'><strong>excelsioris</strong></span> <span class='ocrx_word' id='word_1_195' title='bbox 1612 1271 1742 1310; x_wconf 89' lang='lat' dir='ltr'><strong>etiam</strong></span> <span class='ocrx_word' id='word_1_196' title='bbox 1765 1291 1805 1314; x_wconf 84' lang='lat'><strong>10</strong></span> 
     </span>
     <span class='ocr_line' id='line_1_22' title="bbox 145 1323 1742 1375; baseline 0 -11"><span class='ocrx_word' id='word_1_197' title='bbox 145 1325 276 1364; x_wconf 89' lang='lat' dir='ltr'><strong>animi</strong></span> <span class='ocrx_word' id='word_1_198' title='bbox 305 1328 383 1371; x_wconf 89' lang='lat' dir='ltr'><strong>est,</strong></span> <span class='ocrx_word' id='word_1_199' title='bbox 414 1324 622 1375; x_wconf 86' lang='lat' dir='ltr'><strong>planeque</strong></span> <span class='ocrx_word' id='word_1_200' title='bbox 652 1324 826 1375; x_wconf 87' lang='lat' dir='ltr'><strong>regium,</strong></span> <span class='ocrx_word' id='word_1_201' title='bbox 858 1328 908 1362; x_wconf 86' lang='lat' dir='ltr'><strong>vt</strong></span> <span class='ocrx_word' id='word_1_202' title='bbox 945 1324 1007 1362; x_wconf 87' lang='lat' dir='ltr'><strong>ait</strong></span> <span class='ocrx_word' id='word_1_203' title='bbox 1042 1323 1124 1370; x_wconf 90' lang='lat' dir='ltr'><strong>ille,</strong></span> <span class='ocrx_word' id='word_1_204' title='bbox 1156 1323 1266 1362; x_wconf 88' lang='lat' dir='ltr'><strong>male</strong></span> <span class='ocrx_word' id='word_1_205' title='bbox 1297 1323 1443 1362; x_wconf 89' lang='lat' dir='ltr'><strong>audire</strong></span> <span class='ocrx_word' id='word_1_206' title='bbox 1472 1337 1606 1375; x_wconf 91' lang='lat' dir='ltr'><strong>quum</strong></span> <span class='ocrx_word' id='word_1_207' title='bbox 1636 1324 1742 1364; x_wconf 88' lang='lat' dir='ltr'><strong>bene</strong></span> 
     </span>
     <span class='ocr_line' id='line_1_23' title="bbox 143 1377 1741 1429; baseline 0 -11"><span class='ocrx_word' id='word_1_208' title='bbox 143 1379 302 1418; x_wconf 90' lang='lat' dir='ltr'><strong>feceris.</strong></span> <span class='ocrx_word' id='word_1_209' title='bbox 361 1378 485 1426; x_wconf 80' lang='lat' dir='ltr'><strong>Quod</strong></span> <span class='ocrx_word' id='word_1_210' title='bbox 507 1378 611 1417; x_wconf 90' lang='lat' dir='ltr'><strong>mihi</strong></span> <span class='ocrx_word' id='word_1_211' title='bbox 633 1378 719 1416; x_wconf 89' lang='lat' dir='ltr'><strong>iam</strong></span> <span class='ocrx_word' id='word_1_212' title='bbox 741 1379 869 1417; x_wconf 88' lang='lat' dir='ltr'><strong>toties</strong></span> <span class='ocrx_word' id='word_1_213' title='bbox 893 1390 971 1416; x_wconf 82' lang='lat' dir='ltr'><strong>vsu</strong></span> <span class='ocrx_word' id='word_1_214' title='bbox 995 1378 1158 1416; x_wconf 83' lang='lat' dir='ltr'><strong>venisse</strong></span> <span class='ocrx_word' id='word_1_215' title='bbox 1181 1377 1332 1416; x_wconf 86' lang='lat' dir='ltr'><strong>ferrem</strong></span> <span class='ocrx_word' id='word_1_216' title='bbox 1355 1378 1562 1429; x_wconf 90' lang='lat' dir='ltr'><strong>iniquiore</strong></span> <span class='ocrx_word' id='word_1_217' title='bbox 1586 1379 1741 1426; x_wconf 88' lang='lat' dir='ltr'><strong>animo,</strong></span> 
     </span>
     <span class='ocr_line' id='line_1_24' title="bbox 143 1431 1744 1484; baseline 0 -12"><span class='ocrx_word' id='word_1_218' title='bbox 143 1434 223 1472; x_wconf 89' lang='lat' dir='ltr'><strong>nisi</strong></span> <span class='ocrx_word' id='word_1_219' title='bbox 243 1433 520 1484; x_wconf 89' lang='lat' dir='ltr'><strong>perspicerem</strong></span> <span class='ocrx_word' id='word_1_220' title='bbox 539 1432 666 1479; x_wconf 91' lang='lat' dir='ltr'><strong>idem,</strong></span> <span class='ocrx_word' id='word_1_221' title='bbox 688 1445 821 1483; x_wconf 90' lang='lat' dir='ltr'><strong>quum</strong></span> <span class='ocrx_word' id='word_1_222' title='bbox 842 1432 1038 1471; x_wconf 90' lang='lat' dir='ltr'><strong>omnibus</strong></span> <span class='ocrx_word' id='word_1_223' title='bbox 1058 1432 1133 1482; x_wconf 92' lang='lat' dir='ltr'><strong>qui</strong></span> <span class='ocrx_word' id='word_1_224' title='bbox 1153 1444 1230 1470; x_wconf 87' lang='lat' dir='ltr'><strong>sua</strong></span> <span class='ocrx_word' id='word_1_225' title='bbox 1249 1431 1459 1471; x_wconf 89' lang='lat' dir='ltr'><strong>industria</strong></span> <span class='ocrx_word' id='word_1_226' title='bbox 1479 1433 1622 1471; x_wconf 88' lang='lat' dir='ltr'><strong>conati</strong></span> <span class='ocrx_word' id='word_1_227' title='bbox 1642 1438 1744 1472; x_wconf 91' lang='lat' dir='ltr'><strong>sunt</strong></span> 
     </span>
     <span class='ocr_line' id='line_1_25' title="bbox 143 1486 1742 1539; baseline 0 -13"><span class='ocrx_word' id='word_1_228' title='bbox 143 1488 348 1539; x_wconf 84' lang='lat' dir='ltr'><strong>insignem</strong></span> <span class='ocrx_word' id='word_1_229' title='bbox 376 1487 609 1526; x_wconf 88' lang='lat' dir='ltr'><strong>vtilitatem</strong></span> <span class='ocrx_word' id='word_1_230' title='bbox 638 1486 802 1525; x_wconf 86' lang='lat' dir='ltr'><strong>adferre</strong></span> <span class='ocrx_word' id='word_1_231' title='bbox 830 1486 955 1525; x_wconf 88' lang='lat' dir='ltr'><strong>rebus</strong></span> <span class='ocrx_word' id='word_1_232' title='bbox 984 1486 1242 1532; x_wconf 85' lang='lat' dir='ltr'><strong>mortalium,</strong></span> <span class='ocrx_word' id='word_1_233' title='bbox 1277 1490 1371 1525; x_wconf 88' lang='lat' dir='ltr'><strong>tum</strong></span> <span class='ocrx_word' id='word_1_234' title='bbox 1398 1487 1479 1537; x_wconf 89' lang='lat' dir='ltr'><strong>ipsi</strong></span> <span class='ocrx_word' id='word_1_235' title='bbox 1512 1486 1612 1525; x_wconf 90' lang='lat' dir='ltr'><strong>diuo</strong></span> <span class='ocrx_word' id='word_1_236' title='bbox 1642 1486 1742 1526; x_wconf 90' lang='lat' dir='ltr'><strong>Hie-</strong></span> 
     </span>
     <span class='ocr_line' id='line_1_26' title="bbox 145 1540 1801 1594; baseline 0.001 -14"><span class='ocrx_word' id='word_1_237' title='bbox 145 1554 337 1593; x_wconf 88' lang='lat' dir='ltr'><strong>ronymo,</strong></span> <span class='ocrx_word' id='word_1_238' title='bbox 353 1554 439 1593; x_wconf 90' lang='lat' dir='ltr'><strong>quo</strong></span> <span class='ocrx_word' id='word_1_239' title='bbox 454 1542 546 1581; x_wconf 82' lang='lat' dir='ltr'><strong>viro</strong></span> <span class='ocrx_word' id='word_1_240' title='bbox 568 1541 674 1580; x_wconf 91' lang='lat' dir='ltr'><strong>nihil</strong></span> <span class='ocrx_word' id='word_1_241' title='bbox 688 1541 819 1580; x_wconf 90' lang='lat' dir='ltr'><strong>habet</strong></span> <span class='ocrx_word' id='word_1_242' title='bbox 834 1541 947 1580; x_wconf 89' lang='lat' dir='ltr'><strong>orbis</strong></span> <span class='ocrx_word' id='word_1_243' title='bbox 969 1540 1148 1580; x_wconf 85' lang='lat' dir='ltr'><strong>Latinus</strong></span> <span class='ocrx_word' id='word_1_244' title='bbox 1171 1541 1238 1580; x_wconf 87' lang='lat' dir='ltr'><strong>vel</strong></span> <span class='ocrx_word' id='word_1_245' title='bbox 1260 1540 1427 1580; x_wconf 88' lang='lat' dir='ltr'><strong>doctius</strong></span> <span class='ocrx_word' id='word_1_246' title='bbox 1449 1541 1518 1580; x_wconf 83' lang='lat' dir='ltr'><strong>vel</strong></span> <span class='ocrx_word' id='word_1_247' title='bbox 1539 1542 1742 1590; x_wconf 88' lang='lat' dir='ltr'><strong>sanctius,</strong></span> <span class='ocrx_word' id='word_1_248' title='bbox 1765 1562 1801 1594; x_wconf 86' lang='lat'><strong>15</strong></span> 
     </span>
     <span class='ocr_line' id='line_1_27' title="bbox 144 1596 356 1635; baseline 0 0"><span class='ocrx_word' id='word_1_249' title='bbox 144 1596 356 1635; x_wconf 88' lang='lat' dir='ltr'><strong>accidisse.</strong></span> 
     </span>
    </p>

    <p class='ocr_par' dir='ltr' id='par_1_7' title="bbox 140 1649 1804 2462">
     <span class='ocr_line' id='line_1_28' title="bbox 197 1649 1743 1701; baseline 0.001 -12"><span class='ocrx_word' id='word_1_250' title='bbox 197 1650 432 1689; x_wconf 89' lang='lat' dir='ltr'><strong>Plurimum</strong></span> <span class='ocrx_word' id='word_1_251' title='bbox 465 1649 628 1689; x_wconf 89' lang='lat' dir='ltr'><strong>sudoris</strong></span> <span class='ocrx_word' id='word_1_252' title='bbox 662 1662 949 1701; x_wconf 88' lang='lat' dir='ltr'><strong>compereram</strong></span> <span class='ocrx_word' id='word_1_253' title='bbox 981 1649 1026 1688; x_wconf 91' lang='lat' dir='ltr'><strong>in</strong></span> <span class='ocrx_word' id='word_1_254' title='bbox 1059 1649 1324 1689; x_wconf 88' lang='lat' dir='ltr'><strong>emendando</strong></span> <span class='ocrx_word' id='word_1_255' title='bbox 1358 1649 1634 1701; x_wconf 90' lang='lat' dir='ltr'><strong>Hieronymo,</strong></span> <span class='ocrx_word' id='word_1_256' title='bbox 1668 1651 1743 1690; x_wconf 91' lang='lat' dir='ltr'><strong>sed</strong></span> 
     </span>
     <span class='ocr_line' id='line_1_29' title="bbox 143 1704 1743 1756; baseline 0.001 -13"><span class='ocrx_word' id='word_1_257' title='bbox 143 1705 237 1756; x_wconf 89' lang='lat' dir='ltr'><strong>plus</strong></span> <span class='ocrx_word' id='word_1_258' title='bbox 259 1705 304 1744; x_wconf 92' lang='lat' dir='ltr'><strong>in</strong></span> <span class='ocrx_word' id='word_1_259' title='bbox 328 1704 490 1743; x_wconf 88' lang='lat' dir='ltr'><strong>Hilario</strong></span> <span class='ocrx_word' id='word_1_260' title='bbox 511 1717 519 1744; x_wconf 76' lang='grc' dir='ltr'>ε</span> <span class='ocrx_word' id='word_1_261' title='bbox 560 1705 678 1743; x_wconf 87' lang='lat' dir='ltr'><strong>cuius</strong></span> <span class='ocrx_word' id='word_1_262' title='bbox 701 1704 799 1743; x_wconf 87' lang='lat' dir='ltr'><strong>talis</strong></span> <span class='ocrx_word' id='word_1_263' title='bbox 822 1708 888 1744; x_wconf 88' lang='lat' dir='ltr'><strong>est</strong></span> <span class='ocrx_word' id='word_1_264' title='bbox 911 1705 1113 1743; x_wconf 90' lang='lat' dir='ltr'><strong>sermonis</strong></span> <span class='ocrx_word' id='word_1_265' title='bbox 1137 1704 1368 1751; x_wconf 87' lang='lat' dir='ltr'><strong>character,</strong></span> <span class='ocrx_word' id='word_1_266' title='bbox 1393 1708 1443 1743; x_wconf 79' lang='lat' dir='ltr'><strong>vt</strong></span> <span class='ocrx_word' id='word_1_267' title='bbox 1466 1705 1596 1743; x_wconf 89' lang='lat' dir='ltr'><strong>etiam</strong></span> <span class='ocrx_word' id='word_1_268' title='bbox 1620 1705 1655 1744; x_wconf 90' lang='lat' dir='ltr'><strong>si</strong></span> <span class='ocrx_word' id='word_1_269' title='bbox 1678 1718 1743 1744; x_wconf 88' lang='lat' dir='ltr'><strong>res</strong></span> 
     </span>
     <span class='ocr_line' id='line_1_30' title="bbox 142 1758 1743 1811; baseline 0 -13"><span class='ocrx_word' id='word_1_270' title='bbox 142 1771 217 1811; x_wconf 91' lang='lat' dir='ltr'><strong>per</strong></span> <span class='ocrx_word' id='word_1_271' title='bbox 251 1772 294 1798; x_wconf 91' lang='lat' dir='ltr'><strong>se</strong></span> <span class='ocrx_word' id='word_1_272' title='bbox 329 1759 535 1798; x_wconf 87' lang='lat' dir='ltr'><strong>dilucidas</strong></span> <span class='ocrx_word' id='word_1_273' title='bbox 570 1762 789 1806; x_wconf 87' lang='lat' dir='ltr'><strong>tractaret,</strong></span> <span class='ocrx_word' id='word_1_274' title='bbox 826 1763 973 1797; x_wconf 88' lang='lat' dir='ltr'><strong>tamen</strong></span> <span class='ocrx_word' id='word_1_275' title='bbox 1008 1762 1118 1797; x_wconf 88' lang='lat' dir='ltr'><strong>esset</strong></span> <span class='ocrx_word' id='word_1_276' title='bbox 1153 1762 1197 1797; x_wconf 92' lang='lat' dir='ltr'><strong>et</strong></span> <span class='ocrx_word' id='word_1_277' title='bbox 1231 1758 1449 1797; x_wconf 92' lang='lat' dir='ltr'><strong>intellectu</strong></span> <span class='ocrx_word' id='word_1_278' title='bbox 1485 1758 1664 1798; x_wconf 89' lang='lat' dir='ltr'><strong>difficilis</strong></span> <span class='ocrx_word' id='word_1_279' title='bbox 1699 1763 1743 1798; x_wconf 92' lang='lat' dir='ltr'><strong>et</strong></span> 
     </span>
     <span class='ocr_line' id='line_1_31' title="bbox 142 1812 1804 1864; baseline 0.001 -11"><span class='ocrx_word' id='word_1_280' title='bbox 142 1813 380 1864; x_wconf 86' lang='lat' dir='ltr'><strong>deprauatu</strong></span> <span class='ocrx_word' id='word_1_281' title='bbox 406 1813 554 1852; x_wconf 84' lang='lat' dir='ltr'><strong>facilis.</strong></span> <span class='ocrx_word' id='word_1_282' title='bbox 606 1813 730 1852; x_wconf 91' lang='lat' dir='ltr'><strong>Nunc</strong></span> <span class='ocrx_word' id='word_1_283' title='bbox 756 1812 861 1864; x_wconf 90' lang='lat' dir='ltr'><strong>quid</strong></span> <span class='ocrx_word' id='word_1_284' title='bbox 886 1825 1028 1852; x_wconf 91' lang='lat' dir='ltr'><strong>censes</strong></span> <span class='ocrx_word' id='word_1_285' title='bbox 1053 1812 1182 1851; x_wconf 87' lang='lat' dir='ltr'><strong>fuisse</strong></span> <span class='ocrx_word' id='word_1_286' title='bbox 1207 1813 1382 1863; x_wconf 85' lang='lat' dir='ltr'><strong>negocii,</strong></span> <span class='ocrx_word' id='word_1_287' title='bbox 1409 1825 1541 1863; x_wconf 91' lang='lat' dir='ltr'><strong>quum</strong></span> <span class='ocrx_word' id='word_1_288' title='bbox 1567 1826 1633 1852; x_wconf 91' lang='lat' dir='ltr'><strong>res</strong></span> <span class='ocrx_word' id='word_1_289' title='bbox 1657 1826 1743 1853; x_wconf 92' lang='lat' dir='ltr'><strong>non</strong></span> <span class='ocrx_word' id='word_1_290' title='bbox 1760 1832 1804 1855; x_wconf 87' lang='lat'><strong>20</strong></span> 
     </span>
     <span class='ocr_line' id='line_1_32' title="bbox 142 1866 1746 1918; baseline 0 -11"><span class='ocrx_word' id='word_1_291' title='bbox 142 1867 269 1907; x_wconf 91' lang='lat' dir='ltr'><strong>modo</strong></span> <span class='ocrx_word' id='word_1_292' title='bbox 289 1867 555 1907; x_wconf 89' lang='lat' dir='ltr'><strong>difficillimas</strong></span> <span class='ocrx_word' id='word_1_293' title='bbox 575 1880 723 1907; x_wconf 87' lang='lat' dir='ltr'><strong>verum</strong></span> <span class='ocrx_word' id='word_1_294' title='bbox 743 1867 874 1906; x_wconf 90' lang='lat' dir='ltr'><strong>etiam</strong></span> <span class='ocrx_word' id='word_1_295' title='bbox 893 1866 1208 1918; x_wconf 86' lang='lat' dir='ltr'><strong>inexplicabiles</strong></span> <span class='ocrx_word' id='word_1_296' title='bbox 1227 1866 1299 1905; x_wconf 87' lang='lat' dir='ltr'><strong>illa</strong></span> <span class='ocrx_word' id='word_1_297' title='bbox 1318 1880 1396 1906; x_wconf 87' lang='lat' dir='ltr'><strong>sua</strong></span> <span class='ocrx_word' id='word_1_298' title='bbox 1415 1867 1558 1918; x_wconf 88' lang='lat' dir='ltr'><strong>phrasi</strong></span> <span class='ocrx_word' id='word_1_299' title='bbox 1577 1867 1746 1908; x_wconf 88' lang='lat' dir='ltr'><strong>disserit</strong></span> 
     </span>
     <span class='ocr_line' id='line_1_33' title="bbox 142 1921 1740 1974; baseline 0 -13"><span class='ocrx_word' id='word_1_300' title='bbox 142 1923 281 1961; x_wconf 88' lang='lat' dir='ltr'><strong>verius</strong></span> <span class='ocrx_word' id='word_1_301' title='bbox 306 1934 437 1974; x_wconf 90' lang='lat' dir='ltr'><strong>quam</strong></span> <span class='ocrx_word' id='word_1_302' title='bbox 462 1921 648 1973; x_wconf 88' lang='lat' dir='ltr'><strong>explicat</strong></span> <span class='ocrx_word' id='word_1_303' title='bbox 668 1924 683 1960; x_wconf 85' lang='lat'><strong>‘?</strong></span> <span class='ocrx_word' id='word_1_304' title='bbox 742 1921 801 1960; x_wconf 89' lang='lat' dir='ltr'><strong>Et</strong></span> <span class='ocrx_word' id='word_1_305' title='bbox 826 1925 971 1960; x_wconf 89' lang='lat' dir='ltr'><strong>tamen</strong></span> <span class='ocrx_word' id='word_1_306' title='bbox 997 1922 1070 1959; x_wconf 84' lang='lat' dir='ltr'><strong>vix</strong></span> <span class='ocrx_word' id='word_1_307' title='bbox 1096 1922 1140 1960; x_wconf 91' lang='lat' dir='ltr'><strong>in</strong></span> <span class='ocrx_word' id='word_1_308' title='bbox 1165 1921 1295 1960; x_wconf 87' lang='lat' dir='ltr'><strong>alium</strong></span> <span class='ocrx_word' id='word_1_309' title='bbox 1322 1925 1515 1960; x_wconf 88' lang='lat' dir='ltr'><strong>autorem</strong></span> <span class='ocrx_word' id='word_1_310' title='bbox 1540 1921 1636 1973; x_wconf 88' lang='lat' dir='ltr'><strong>plus</strong></span> <span class='ocrx_word' id='word_1_311' title='bbox 1661 1922 1740 1961; x_wconf 91' lang='lat' dir='ltr'><strong>sibi</strong></span> 
     </span>
     <span class='ocr_line' id='line_1_34' title="bbox 142 1975 1740 2027; baseline 0.001 -12"><span class='ocrx_word' id='word_1_312' title='bbox 142 1977 334 2027; x_wconf 88' lang='lat' dir='ltr'><strong>permisit</strong></span> <span class='ocrx_word' id='word_1_313' title='bbox 367 1975 675 2016; x_wconf 82' lang='lat' dir='ltr'><strong>eruditulorum</strong></span> <span class='ocrx_word' id='word_1_314' title='bbox 710 1976 941 2022; x_wconf 88' lang='lat' dir='ltr'><strong>temeritas,</strong></span> <span class='ocrx_word' id='word_1_315' title='bbox 978 1975 1106 2027; x_wconf 92' lang='lat' dir='ltr'><strong>idque</strong></span> <span class='ocrx_word' id='word_1_316' title='bbox 1142 1976 1410 2026; x_wconf 89' lang='lat' dir='ltr'><strong>potissimum</strong></span> <span class='ocrx_word' id='word_1_317' title='bbox 1445 1976 1489 2014; x_wconf 91' lang='lat' dir='ltr'><strong>in</strong></span> <span class='ocrx_word' id='word_1_318' title='bbox 1523 1975 1640 2015; x_wconf 86' lang='lat' dir='ltr'><strong>libris</strong></span> <span class='ocrx_word' id='word_1_319' title='bbox 1676 1976 1740 2016; x_wconf 92' lang='lat' dir='ltr'><strong>De</strong></span> 
     </span>
     <span class='ocr_line' id='line_1_35' title="bbox 141 2030 1740 2082; baseline 0 -12"><span class='ocrx_word' id='word_1_320' title='bbox 141 2031 350 2070; x_wconf 81' lang='lat' dir='ltr'><strong>Trinitate</strong></span> <span class='ocrx_word' id='word_1_321' title='bbox 381 2034 426 2070; x_wconf 91' lang='lat' dir='ltr'><strong>et</strong></span> <span class='ocrx_word' id='word_1_322' title='bbox 456 2030 667 2082; x_wconf 84' lang='lat' dir='ltr'><strong>Synodis;</strong></span> <span class='ocrx_word' id='word_1_323' title='bbox 714 2030 758 2069; x_wconf 91' lang='lat' dir='ltr'><strong>in</strong></span> <span class='ocrx_word' id='word_1_324' title='bbox 789 2030 943 2081; x_wconf 87' lang='lat' dir='ltr'><strong>quibus</strong></span> <span class='ocrx_word' id='word_1_325' title='bbox 975 2030 1178 2081; x_wconf 89' lang='lat' dir='ltr'><strong>quoniam</strong></span> <span class='ocrx_word' id='word_1_326' title='bbox 1209 2033 1452 2069; x_wconf 85' lang='lat' dir='ltr'><strong>tractantur</strong></span> <span class='ocrx_word' id='word_1_327' title='bbox 1483 2030 1740 2081; x_wconf 87' lang='lat' dir='ltr'><strong>periculosae</strong></span> 
     </span>
     <span class='ocr_line' id='line_1_36' title="bbox 142 2084 1799 2137; baseline 0.001 -14"><span class='ocrx_word' id='word_1_328' title='bbox 142 2085 194 2124; x_wconf 91' lang='lat' dir='ltr'><strong>de</strong></span> <span class='ocrx_word' id='word_1_329' title='bbox 229 2085 354 2124; x_wconf 89' lang='lat' dir='ltr'><strong>rebus</strong></span> <span class='ocrx_word' id='word_1_330' title='bbox 390 2084 544 2124; x_wconf 90' lang='lat' dir='ltr'><strong>diuinis</strong></span> <span class='ocrx_word' id='word_1_331' title='bbox 580 2084 865 2131; x_wconf 88' lang='lat' dir='ltr'><strong>difficultates,</strong></span> <span class='ocrx_word' id='word_1_332' title='bbox 902 2084 1130 2136; x_wconf 87' lang='lat' dir='ltr'><strong>oportebat</strong></span> <span class='ocrx_word' id='word_1_333' title='bbox 1165 2097 1376 2123; x_wconf 89' lang='lat' dir='ltr'><strong>summam</strong></span> <span class='ocrx_word' id='word_1_334' title='bbox 1413 2084 1612 2124; x_wconf 89' lang='lat' dir='ltr'><strong>adhibere</strong></span> <span class='ocrx_word' id='word_1_335' title='bbox 1647 2085 1738 2124; x_wconf 93' lang='lat' dir='ltr'><strong>reli-</strong></span> <span class='ocrx_word' id='word_1_336' title='bbox 1759 2103 1799 2137; x_wconf 82' lang='lat'><strong>25</strong></span> 
     </span>
     <span class='ocr_line' id='line_1_37' title="bbox 141 2138 1739 2190; baseline 0.001 -13"><span class='ocrx_word' id='word_1_337' title='bbox 141 2140 320 2190; x_wconf 88' lang='lat' dir='ltr'><strong>gionem,</strong></span> <span class='ocrx_word' id='word_1_338' title='bbox 348 2152 424 2178; x_wconf 90' lang='lat' dir='ltr'><strong>nec</strong></span> <span class='ocrx_word' id='word_1_339' title='bbox 452 2140 614 2190; x_wconf 87' lang='lat' dir='ltr'><strong>apicem</strong></span> <span class='ocrx_word' id='word_1_340' title='bbox 641 2139 774 2178; x_wconf 87' lang='lat' dir='ltr'><strong>vllum</strong></span> <span class='ocrx_word' id='word_1_341' title='bbox 800 2139 1040 2178; x_wconf 88' lang='lat' dir='ltr'><strong>immutare.</strong></span> <span class='ocrx_word' id='word_1_342' title='bbox 1098 2138 1315 2190; x_wconf 87' lang='lat' dir='ltr'><strong>Siquidem</strong></span> <span class='ocrx_word' id='word_1_343' title='bbox 1342 2152 1394 2178; x_wconf 83' lang='lat' dir='ltr'><strong>ex</strong></span> <span class='ocrx_word' id='word_1_344' title='bbox 1421 2139 1585 2178; x_wconf 87' lang='lat' dir='ltr'><strong>collatis</strong></span> <span class='ocrx_word' id='word_1_345' title='bbox 1612 2140 1739 2178; x_wconf 86' lang='lat' dir='ltr'><strong>variis</strong></span> 
     </span>
     <span class='ocr_line' id='line_1_38' title="bbox 141 2193 1738 2245; baseline 0.001 -13"><span class='ocrx_word' id='word_1_346' title='bbox 141 2193 451 2244; x_wconf 85' lang='lat' dir='ltr'><strong>exemplaribus</strong></span> <span class='ocrx_word' id='word_1_347' title='bbox 478 2193 830 2244; x_wconf 89' lang='lat' dir='ltr'><strong>deprehendimus</strong></span> <span class='ocrx_word' id='word_1_348' title='bbox 856 2193 1011 2232; x_wconf 90' lang='lat' dir='ltr'><strong>alicubi</strong></span> <span class='ocrx_word' id='word_1_349' title='bbox 1036 2193 1239 2232; x_wconf 90' lang='lat' dir='ltr'><strong>librorum</strong></span> <span class='ocrx_word' id='word_1_350' title='bbox 1266 2193 1398 2232; x_wconf 89' lang='lat' dir='ltr'><strong>initiis</strong></span> <span class='ocrx_word' id='word_1_351' title='bbox 1425 2193 1594 2233; x_wconf 87' lang='lat' dir='ltr'><strong>additas</strong></span> <span class='ocrx_word' id='word_1_352' title='bbox 1620 2206 1738 2245; x_wconf 89' lang='lat' dir='ltr'><strong>prae-</strong></span> 
     </span>
     <span class='ocr_line' id='line_1_39' title="bbox 140 2247 1737 2299; baseline 0 -13"><span class='ocrx_word' id='word_1_353' title='bbox 140 2247 409 2295; x_wconf 84' lang='lat' dir='ltr'><strong>fatiunculas,</strong></span> <span class='ocrx_word' id='word_1_354' title='bbox 449 2261 591 2287; x_wconf 88' lang='lat' dir='ltr'><strong>rursus</strong></span> <span class='ocrx_word' id='word_1_355' title='bbox 627 2248 672 2286; x_wconf 91' lang='lat' dir='ltr'><strong>in</strong></span> <span class='ocrx_word' id='word_1_356' title='bbox 709 2247 792 2287; x_wconf 90' lang='lat' dir='ltr'><strong>fine</strong></span> <span class='ocrx_word' id='word_1_357' title='bbox 829 2247 1059 2294; x_wconf 82' lang='lat' dir='ltr'><strong>coronides,</strong></span> <span class='ocrx_word' id='word_1_358' title='bbox 1098 2248 1143 2286; x_wconf 91' lang='lat' dir='ltr'><strong>in</strong></span> <span class='ocrx_word' id='word_1_359' title='bbox 1180 2247 1319 2286; x_wconf 90' lang='lat' dir='ltr'><strong>medio</strong></span> <span class='ocrx_word' id='word_1_360' title='bbox 1356 2261 1520 2299; x_wconf 87' lang='lat' dir='ltr'><strong>pannos</strong></span> <span class='ocrx_word' id='word_1_361' title='bbox 1558 2253 1737 2295; x_wconf 82' lang='lat' dir='ltr'><strong>assutos,</strong></span> 
     </span>
     <span class='ocr_line' id='line_1_40' title="bbox 140 2301 1737 2353; baseline 0.001 -13"><span class='ocrx_word' id='word_1_362' title='bbox 140 2301 307 2349; x_wconf 91' lang='lat' dir='ltr'><strong>alicubi,</strong></span> <span class='ocrx_word' id='word_1_363' title='bbox 326 2302 441 2353; x_wconf 90' lang='lat' dir='ltr'><strong>quod</strong></span> <span class='ocrx_word' id='word_1_364' title='bbox 460 2302 646 2341; x_wconf 85' lang='lat' dir='ltr'><strong>Hilarius</strong></span> <span class='ocrx_word' id='word_1_365' title='bbox 664 2315 740 2341; x_wconf 92' lang='lat' dir='ltr'><strong>suo</strong></span> <span class='ocrx_word' id='word_1_366' title='bbox 758 2315 873 2341; x_wconf 90' lang='lat' dir='ltr'><strong>more</strong></span> <span class='ocrx_word' id='word_1_367' title='bbox 890 2302 1031 2341; x_wconf 86' lang='lat' dir='ltr'><strong>fuerat</strong></span> <span class='ocrx_word' id='word_1_368' title='bbox 1048 2301 1342 2353; x_wconf 88' lang='lat' dir='ltr'><strong>proloquutus,</strong></span> <span class='ocrx_word' id='word_1_369' title='bbox 1361 2302 1535 2341; x_wconf 87' lang='lat' dir='ltr'><strong>sciolum</strong></span> <span class='ocrx_word' id='word_1_370' title='bbox 1555 2302 1737 2353; x_wconf 88' lang='lat' dir='ltr'><strong>aliquem</strong></span> 
     </span>
     <span class='ocr_line' id='line_1_41' title="bbox 140 2356 1800 2408; baseline 0.001 -13"><span class='ocrx_word' id='word_1_371' title='bbox 140 2356 375 2396; x_wconf 87' lang='lat' dir='ltr'><strong>absolutius</strong></span> <span class='ocrx_word' id='word_1_372' title='bbox 417 2360 461 2395; x_wconf 87' lang='lat' dir='ltr'><strong>et</strong></span> <span class='ocrx_word' id='word_1_373' title='bbox 502 2356 741 2395; x_wconf 87' lang='lat' dir='ltr'><strong>euidentius</strong></span> <span class='ocrx_word' id='word_1_374' title='bbox 783 2360 985 2396; x_wconf 88' lang='lat' dir='ltr'><strong>conatum</strong></span> <span class='ocrx_word' id='word_1_375' title='bbox 1027 2356 1249 2408; x_wconf 87' lang='lat' dir='ltr'><strong>explicare.</strong></span> <span class='ocrx_word' id='word_1_376' title='bbox 1308 2356 1532 2396; x_wconf 90' lang='lat' dir='ltr'><strong>Nonnullis</strong></span> <span class='ocrx_word' id='word_1_377' title='bbox 1574 2357 1737 2408; x_wconf 87' lang='lat' dir='ltr'><strong>paginis</strong></span> <span class='ocrx_word' id='word_1_378' title='bbox 1757 2373 1800 2406; x_wconf 88' lang='lat'><strong>30</strong></span> 
     </span>
     <span class='ocr_line' id='line_1_42' title="bbox 140 2411 1066 2462; baseline 0 -13"><span class='ocrx_word' id='word_1_379' title='bbox 140 2411 291 2462; x_wconf 87' lang='lat' dir='ltr'><strong>viginti</strong></span> <span class='ocrx_word' id='word_1_380' title='bbox 313 2414 390 2450; x_wconf 87' lang='lat' dir='ltr'><strong>aut</strong></span> <span class='ocrx_word' id='word_1_381' title='bbox 411 2411 587 2462; x_wconf 87' lang='lat' dir='ltr'><strong>triginta</strong></span> <span class='ocrx_word' id='word_1_382' title='bbox 609 2424 754 2450; x_wconf 88' lang='lat' dir='ltr'><strong>versus</strong></span> <span class='ocrx_word' id='word_1_383' title='bbox 776 2415 898 2450; x_wconf 90' lang='lat' dir='ltr'><strong>erant</strong></span> <span class='ocrx_word' id='word_1_384' title='bbox 920 2411 1066 2450; x_wconf 89' lang='lat' dir='ltr'><strong>assuti.</strong></span> 
     </span>
    </p>

    <p class='ocr_par' dir='ltr' id='par_1_8' title="bbox 138 2464 1796 2787">
     <span class='ocr_line' id='line_1_43' title="bbox 193 2464 1737 2516; baseline -0.001 -12"><span class='ocrx_word' id='word_1_385' title='bbox 193 2465 286 2504; x_wconf 87' lang='lat' dir='ltr'><strong>Iam</strong></span> <span class='ocrx_word' id='word_1_386' title='bbox 306 2478 406 2504; x_wconf 80' lang='lat' dir='ltr'><strong>vero</strong></span> <span class='ocrx_word' id='word_1_387' title='bbox 426 2465 593 2516; x_wconf 91' lang='lat' dir='ltr'><strong>quoties</strong></span> <span class='ocrx_word' id='word_1_388' title='bbox 612 2465 857 2504; x_wconf 86' lang='lat' dir='ltr'><strong>incidebant</strong></span> <span class='ocrx_word' id='word_1_389' title='bbox 875 2465 968 2504; x_wconf 90' lang='lat' dir='ltr'><strong>loca</strong></span> <span class='ocrx_word' id='word_1_390' title='bbox 987 2478 1096 2516; x_wconf 86' lang='lat' dir='ltr'><strong>quae</strong></span> <span class='ocrx_word' id='word_1_391' title='bbox 1117 2464 1374 2504; x_wconf 88' lang='lat' dir='ltr'><strong>videbantur</strong></span> <span class='ocrx_word' id='word_1_392' title='bbox 1393 2464 1448 2503; x_wconf 89' lang='lat' dir='ltr'><strong>ab</strong></span> <span class='ocrx_word' id='word_1_393' title='bbox 1467 2464 1737 2515; x_wconf 89' lang='lat' dir='ltr'><strong>opinionibus</strong></span> 
     </span>
     <span class='ocr_line' id='line_1_44' title="bbox 138 2519 1735 2570; baseline -0.001 -12"><span class='ocrx_word' id='word_1_394' title='bbox 138 2519 248 2558; x_wconf 89' lang='lat' dir='ltr'><strong>inter</strong></span> <span class='ocrx_word' id='word_1_395' title='bbox 276 2519 536 2558; x_wconf 87' lang='lat' dir='ltr'><strong>orthodoxos</strong></span> <span class='ocrx_word' id='word_1_396' title='bbox 569 2520 748 2570; x_wconf 89' lang='lat' dir='ltr'><strong>receptis</strong></span> <span class='ocrx_word' id='word_1_397' title='bbox 777 2519 989 2565; x_wconf 89' lang='lat' dir='ltr'><strong>dissidere,</strong></span> <span class='ocrx_word' id='word_1_398' title='bbox 1020 2520 1114 2570; x_wconf 89' lang='lat' dir='ltr'><strong>plus</strong></span> <span class='ocrx_word' id='word_1_399' title='bbox 1143 2532 1273 2570; x_wconf 86' lang='lat' dir='ltr'><strong>quam</strong></span> <span class='ocrx_word' id='word_1_400' title='bbox 1302 2519 1454 2570; x_wconf 88' lang='lat' dir='ltr'><strong>viginti</strong></span> <span class='ocrx_word' id='word_1_401' title='bbox 1481 2519 1582 2557; x_wconf 88' lang='lat' dir='ltr'><strong>locis</strong></span> <span class='ocrx_word' id='word_1_402' title='bbox 1612 2519 1735 2569; x_wconf 87' lang='lat' dir='ltr'><strong>phar-</strong></span> 
     </span>
     <span class='ocr_line' id='line_1_45' title="bbox 138 2572 1738 2625; baseline 0 -13"><span class='ocrx_word' id='word_1_403' title='bbox 138 2586 307 2612; x_wconf 88' lang='lat' dir='ltr'><strong>macum</strong></span> <span class='ocrx_word' id='word_1_404' title='bbox 336 2573 662 2620; x_wconf 89' lang='lat' dir='ltr'><strong>admiscuerant,</strong></span> <span class='ocrx_word' id='word_1_405' title='bbox 693 2575 876 2613; x_wconf 85' lang='lat' dir='ltr'><strong>maxime</strong></span> <span class='ocrx_word' id='word_1_406' title='bbox 905 2574 1072 2625; x_wconf 87' lang='lat' dir='ltr'><strong>quoties</strong></span> <span class='ocrx_word' id='word_1_407' title='bbox 1104 2573 1298 2624; x_wconf 89' lang='lat' dir='ltr'><strong>disputat</strong></span> <span class='ocrx_word' id='word_1_408' title='bbox 1327 2573 1379 2611; x_wconf 90' lang='lat' dir='ltr'><strong>de</strong></span> <span class='ocrx_word' id='word_1_409' title='bbox 1417 2572 1631 2611; x_wconf 89' lang='lat' dir='ltr'><strong>doloribus</strong></span> <span class='ocrx_word' id='word_1_410' title='bbox 1660 2577 1738 2612; x_wconf 81' lang='lat' dir='ltr'><strong>aut</strong></span> 
     </span>
     <span class='ocr_line' id='line_1_46' title="bbox 138 2627 1796 2679; baseline 0 -13"><span class='ocrx_word' id='word_1_411' title='bbox 138 2627 408 2674; x_wconf 88' lang='lat' dir='ltr'><strong>cruciatibus,</strong></span> <span class='ocrx_word' id='word_1_412' title='bbox 440 2628 595 2679; x_wconf 89' lang='lat' dir='ltr'><strong>quibus</strong></span> <span class='ocrx_word' id='word_1_413' title='bbox 625 2627 827 2667; x_wconf 85' lang='lat' dir='ltr'><strong>affectum</strong></span> <span class='ocrx_word' id='word_1_414' title='bbox 857 2627 941 2667; x_wconf 89' lang='lat' dir='ltr'><strong>fuit</strong></span> <span class='ocrx_word' id='word_1_415' title='bbox 971 2641 1122 2679; x_wconf 88' lang='lat' dir='ltr'><strong>corpus</strong></span> <span class='ocrx_word' id='word_1_416' title='bbox 1153 2632 1197 2666; x_wconf 87' lang='lat' dir='ltr'><strong>et</strong></span> <span class='ocrx_word' id='word_1_417' title='bbox 1227 2628 1369 2665; x_wconf 89' lang='lat' dir='ltr'><strong>anima</strong></span> <span class='ocrx_word' id='word_1_418' title='bbox 1400 2627 1572 2665; x_wconf 89' lang='lat' dir='ltr'><strong>Domini</strong></span> <span class='ocrx_word' id='word_1_419' title='bbox 1602 2628 1736 2666; x_wconf 86' lang='lat' dir='ltr'><strong>nostri</strong></span> <span class='ocrx_word' id='word_1_420' title='bbox 1757 2645 1796 2678; x_wconf 83' lang='lat'><strong>35</strong></span> 
     </span>
     <span class='ocr_line' id='line_1_47' title="bbox 139 2681 1735 2733; baseline 0.001 -13"><span class='ocrx_word' id='word_1_421' title='bbox 139 2681 235 2721; x_wconf 88' lang='lat' dir='ltr'><strong>Iesu</strong></span> <span class='ocrx_word' id='word_1_422' title='bbox 255 2681 422 2721; x_wconf 84' lang='lat' dir='ltr'><strong>Christi.</strong></span> <span class='ocrx_word' id='word_1_423' title='bbox 476 2681 528 2720; x_wconf 93' lang='lat' dir='ltr'><strong>Id</strong></span> <span class='ocrx_word' id='word_1_424' title='bbox 551 2681 668 2728; x_wconf 83' lang='lat' dir='ltr'><strong>facit,</strong></span> <span class='ocrx_word' id='word_1_425' title='bbox 689 2694 823 2732; x_wconf 89' lang='lat' dir='ltr'><strong>quum</strong></span> <span class='ocrx_word' id='word_1_426' title='bbox 843 2682 934 2721; x_wconf 90' lang='lat' dir='ltr'><strong>aliis</strong></span> <span class='ocrx_word' id='word_1_427' title='bbox 954 2682 1118 2733; x_wconf 88' lang='lat' dir='ltr'><strong>aliquot</strong></span> <span class='ocrx_word' id='word_1_428' title='bbox 1136 2681 1251 2727; x_wconf 78' lang='lat' dir='ltr'><strong>locis,</strong></span> <span class='ocrx_word' id='word_1_429' title='bbox 1272 2685 1365 2720; x_wconf 86' lang='lat' dir='ltr'><strong>tum</strong></span> <span class='ocrx_word' id='word_1_430' title='bbox 1386 2681 1609 2732; x_wconf 82' lang='lat' dir='ltr'><strong>praecipue</strong></span> <span class='ocrx_word' id='word_1_431' title='bbox 1628 2681 1735 2721; x_wconf 92' lang='lat' dir='ltr'><strong>libro</strong></span> 
     </span>
     <span class='ocr_line' id='line_1_48' title="bbox 138 2735 1737 2787; baseline 0 -12"><span class='ocrx_word' id='word_1_432' title='bbox 138 2735 202 2775; x_wconf 90' lang='lat' dir='ltr'><strong>De</strong></span> <span class='ocrx_word' id='word_1_433' title='bbox 222 2735 432 2775; x_wconf 85' lang='lat' dir='ltr'><strong>Trinitate</strong></span> <span class='ocrx_word' id='word_1_434' title='bbox 453 2735 616 2775; x_wconf 93' lang='lat' dir='ltr'><strong>decimo</strong></span> <span class='ocrx_word' id='word_1_435' title='bbox 637 2749 645 2782; x_wconf 92' lang='lat'>;</span> <span class='ocrx_word' id='word_1_436' title='bbox 683 2736 756 2775; x_wconf 91' lang='lat' dir='ltr'><strong>sed</strong></span> <span class='ocrx_word' id='word_1_437' title='bbox 776 2737 839 2774; x_wconf 88' lang='lat' dir='ltr'><strong>ita</strong></span> <span class='ocrx_word' id='word_1_438' title='bbox 858 2736 1055 2787; x_wconf 86' lang='lat' dir='ltr'><strong>perplexe</strong></span> <span class='ocrx_word' id='word_1_439' title='bbox 1077 2740 1127 2774; x_wconf 86' lang='lat' dir='ltr'><strong>vt</strong></span> <span class='ocrx_word' id='word_1_440' title='bbox 1148 2735 1371 2786; x_wconf 79' lang='lat' dir='ltr'><strong>aliquoties</strong></span> <span class='ocrx_word' id='word_1_441' title='bbox 1394 2735 1519 2786; x_wconf 87' lang='lat' dir='ltr'><strong>plane</strong></span> <span class='ocrx_word' id='word_1_442' title='bbox 1540 2735 1737 2775; x_wconf 83' lang='lat' dir='ltr'><strong>videatur</strong></span> 
     </span>
    </p>

    <p class='ocr_par' dir='ltr' id='par_1_9' title="bbox 181 2808 1735 2842">
     <span class='ocr_line' id='line_1_49' title="bbox 181 2808 1735 2842; baseline 0.003 -5"><span class='ocrx_word' id='word_1_443' title='bbox 181 2814 249 2837; x_wconf 74' lang='lat' dir='ltr'><strong>rrr.</strong></span> <span class='ocrx_word' id='word_1_444' title='bbox 276 2814 599 2838; x_wconf 68' lang='lat' dir='ltr'><strong>nnvnnnnmssmo</strong></span> <span class='ocrx_word' id='word_1_445' title='bbox 620 2818 662 2838; x_wconf 85' lang='lat' dir='ltr'><strong>a:</strong></span> <span class='ocrx_word' id='word_1_446' title='bbox 698 2815 916 2838; x_wconf 80' lang='lat' dir='ltr'>AMPLISSIMO</span> <span class='ocrx_word' id='word_1_447' title='bbox 938 2809 972 2840; x_wconf 78' lang='grc' dir='ltr'><strong>β.</strong></span> <span class='ocrx_word' id='word_1_448' title='bbox 1064 2816 1159 2838; x_wconf 73' lang='lat' dir='ltr'>APVD</span> <span class='ocrx_word' id='word_1_449' title='bbox 1183 2816 1396 2839; x_wconf 56' lang='lat' dir='ltr'><strong>numam-os</strong></span> <span class='ocrx_word' id='word_1_450' title='bbox 1417 2808 1491 2840; x_wconf 80' lang='lat' dir='ltr'><strong>add.</strong></span> <span class='ocrx_word' id='word_1_451' title='bbox 1514 2809 1549 2842; x_wconf 83' lang='grc' dir='ltr'><strong>β.</strong></span> <span class='ocrx_word' id='word_1_452' title='bbox 1655 2817 1735 2841; x_wconf 74' lang='lat' dir='ltr'><strong>nne.</strong></span> 
     </span>
    </p>
   </div>
   <div class='ocr_carea' id='block_1_7' title="bbox 136 2849 1734 2928">
    <p class='ocr_par' dir='ltr' id='par_1_10' title="bbox 136 2849 1734 2928">
     <span class='ocr_line' id='line_1_50' title="bbox 136 2849 1734 2891; baseline 0.003 -11"><span class='ocrx_word' id='word_1_453' title='bbox 136 2852 212 2881; x_wconf 75' lang='lat' dir='ltr'><strong>ante</strong></span> <span class='ocrx_word' id='word_1_454' title='bbox 232 2858 396 2881; x_wconf 73' lang='lat' dir='ltr'>ERASMVS</span> <span class='ocrx_word' id='word_1_455' title='bbox 419 2850 494 2882; x_wconf 79' lang='lat' dir='ltr'><strong>add.</strong></span> <span class='ocrx_word' id='word_1_456' title='bbox 514 2851 548 2883; x_wconf 82' lang='grc' dir='ltr'><strong>β.</strong></span> <span class='ocrx_word' id='word_1_457' title='bbox 640 2849 793 2882; x_wconf 80' lang='lat' dir='ltr'><strong>Titulum</strong></span> <span class='ocrx_word' id='word_1_458' title='bbox 809 2851 912 2883; x_wconf 76' lang='lat' dir='ltr'><strong>multo</strong></span> <span class='ocrx_word' id='word_1_459' title='bbox 934 2849 1115 2883; x_wconf 77' lang='lat' dir='ltr'><strong>breuiorem</strong></span> <span class='ocrx_word' id='word_1_460' title='bbox 1131 2851 1187 2883; x_wconf 74' lang='lat' dir='ltr'><strong>dat</strong></span> <span class='ocrx_word' id='word_1_461' title='bbox 1205 2850 1250 2882; x_wconf 88' lang='lat' dir='ltr'><strong>N.</strong></span> <span class='ocrx_word' id='word_1_462' title='bbox 1475 2861 1506 2891; x_wconf 86' lang='lat'><strong>9.</strong></span> <span class='ocrx_word' id='word_1_463' title='bbox 1532 2850 1586 2883; x_wconf 83' lang='lat' dir='ltr'><strong>vel</strong></span> <span class='ocrx_word' id='word_1_464' title='bbox 1604 2851 1680 2885; x_wconf 80' lang='lat' dir='ltr'><strong>add.</strong></span> <span class='ocrx_word' id='word_1_465' title='bbox 1701 2853 1734 2886; x_wconf 83' lang='grc' dir='ltr'><strong>β.</strong></span> 
     </span>
     <span class='ocr_line' id='line_1_51' title="bbox 142 2892 807 2928; baseline 0.002 -4"><span class='ocrx_word' id='word_1_466' title='bbox 142 2902 190 2925; x_wconf 91' lang='lat'><strong>10.</strong></span> <span class='ocrx_word' id='word_1_467' title='bbox 216 2892 389 2925; x_wconf 85' lang='lat' dir='ltr'><strong>rediturae</strong></span> <span class='ocrx_word' id='word_1_468' title='bbox 409 2892 455 2925; x_wconf 82' lang='lat' dir='ltr'><strong>ad</strong></span> <span class='ocrx_word' id='word_1_469' title='bbox 476 2893 753 2925; x_wconf 81' lang='lat' dir='ltr'><strong>benemerentem</strong></span> <span class='ocrx_word' id='word_1_470' title='bbox 775 2895 807 2928; x_wconf 83' lang='grc' dir='ltr'><strong>β.</strong></span> 
     </span>
    </p>
   </div>
   <div class='ocr_carea' id='block_1_8' title="bbox 163 2951 1688 3056">
    <p class='ocr_par' dir='ltr' id='par_1_11' title="bbox 163 2951 1688 3056">
     <span class='ocr_line' id='line_1_52' title="bbox 163 2951 1688 3014; baseline 0.002 -14"><span class='ocrx_word' id='word_1_471' title='bbox 163 2951 213 3000; x_wconf 29' lang='lat' dir='ltr'><strong>st1⁷.</strong></span> <span class='ocrx_word' id='word_1_472' title='bbox 238 2951 407 3007; x_wconf 58' lang='lat' dir='ltr'><strong>fatorum]</strong></span> <span class='ocrx_word' id='word_1_473' title='bbox 426 2968 477 3001; x_wconf 77' lang='lat' dir='ltr'><strong>Cf,</strong></span> <span class='ocrx_word' id='word_1_474' title='bbox 498 2968 563 3010; x_wconf 88' lang='lat' dir='ltr'><strong>Ep.</strong></span> <span class='ocrx_word' id='word_1_475' title='bbox 588 2969 681 3001; x_wconf 77' lang='lat'><strong>1060.</strong></span> <span class='ocrx_word' id='word_1_476' title='bbox 705 2977 759 3009; x_wconf 79' lang='lat' dir='ltr'><strong>5n.</strong></span> <span class='ocrx_word' id='word_1_477' title='bbox 1019 2980 1068 3012; x_wconf 91' lang='lat'><strong>17.</strong></span> <span class='ocrx_word' id='word_1_478' title='bbox 1095 2970 1326 3012; x_wconf 85' lang='lat' dir='ltr'><strong>Hieronymo]</strong></span> <span class='ocrx_word' id='word_1_479' title='bbox 1342 2968 1396 3003; x_wconf 79' lang='lat' dir='ltr'><strong>cf.</strong></span> <span class='ocrx_word' id='word_1_480' title='bbox 1413 2970 1503 3013; x_wconf 88' lang='lat' dir='ltr'><strong>Epp.</strong></span> <span class='ocrx_word' id='word_1_481' title='bbox 1523 2973 1597 3014; x_wconf 89' lang='lat'><strong>308,</strong></span> <span class='ocrx_word' id='word_1_482' title='bbox 1614 2972 1688 3014; x_wconf 85' lang='lat'><strong>396.</strong></span> 
     </span>
     <span class='ocr_line' id='line_1_53' title="bbox 188 3011 1490 3056; baseline 0.002 -12"><span class='ocrx_word' id='word_1_483' title='bbox 188 3021 236 3044; x_wconf 92' lang='lat'><strong>11.</strong></span> <span class='ocrx_word' id='word_1_484' title='bbox 262 3012 409 3053; x_wconf 81' lang='lat' dir='ltr'><strong>regium]</strong></span> <span class='ocrx_word' id='word_1_485' title='bbox 425 3011 475 3045; x_wconf 84' lang='lat' dir='ltr'><strong>Cf.</strong></span> <span class='ocrx_word' id='word_1_486' title='bbox 495 3012 559 3054; x_wconf 84' lang='lat' dir='ltr'><strong>Ep.</strong></span> <span class='ocrx_word' id='word_1_487' title='bbox 581 3014 712 3055; x_wconf 85' lang='lat' dir='ltr'><strong>1578.n.</strong></span> <span class='ocrx_word' id='word_1_488' title='bbox 1016 3024 1068 3056; x_wconf 88' lang='lat'><strong>37.</strong></span> <span class='ocrx_word' id='word_1_489' title='bbox 1095 3014 1147 3046; x_wconf 86' lang='lat' dir='ltr'><strong>De</strong></span> <span class='ocrx_word' id='word_1_490' title='bbox 1163 3012 1352 3054; x_wconf 79' lang='lat' dir='ltr'><strong>Trinitate]</strong></span> <span class='ocrx_word' id='word_1_491' title='bbox 1372 3023 1420 3048; x_wconf 92' lang='lat'><strong>10.</strong></span> <span class='ocrx_word' id='word_1_492' title='bbox 1439 3024 1490 3056; x_wconf 90' lang='lat'><strong>23.</strong></span> 
     </span>
    </p>
   </div>
  </div>
 </body>
</html>
