2012 3370
224 175 344 223 1352]
782 172 854 212 TO
885 173 1110 213 ADRIAN
1140 174 1200 214 VI
1742 173 1815 216 261

219 295 346 333 regno
368 282 500 329 licuit,
522 282 637 334 quod
658 285 799 320 totum
822 283 876 321 ab
899 283 1022 322 vnius
1044 288 1152 322 nutu
1174 284 1344 335 pendet,
1368 285 1506 324 nescio
1529 297 1584 323 an
1606 285 1671 323 hic
1693 284 1819 323 liceat

218 336 263 374 in
292 340 383 376 tam
414 340 538 376 vasta
566 336 733 387 regione
762 337 891 387 inque
921 341 989 376 tot
1018 339 1228 390 principes
1258 339 1452 378 dissecta.
1512 339 1633 378 Certe
1664 339 1698 377 si
1728 342 1817 377 stat

219 391 432 430 sententia
480 390 727 437 carceribus,
778 389 932 442 flagris,
983 392 1366 440 confiscationibus,
1418 393 1565 440 exiliis,
1616 393 1814 438 censuris,

219 445 427 484 mortibus
455 445 629 484 obruere
661 444 821 483 malum
852 445 944 492 hoc,
975 446 1079 484 nihil
1110 447 1177 486 hic
1206 460 1312 498 opus
1343 448 1471 486 fuerit
1502 461 1595 486 meo
1627 446 1814 486 consilio.

220 498 473 550 Quanquam
506 498 629 537 video
662 502 762 537 tuae
795 501 1160 539 mansuetissimae
1193 506 1371 540 naturae
1404 502 1618 540 diuersum
1651 501 1815 553 placere

217 553 450 599 consilium,
490 553 564 604 qui
602 552 757 592 mederi
796 553 918 592 malis
955 567 1084 604 quam
1130 556 1291 606 punire.
1365 556 1416 594 Id
1453 555 1582 595 fuerit
1619 569 1706 594 non
1743 555 1813 594 ad-

219 607 393 646 modum
428 606 607 654 difficile,
644 607 679 645 si
713 607 910 646 omnibus
946 608 1113 647 adesset
1147 609 1259 648 idem
1296 610 1462 648 animus
1497 611 1571 661 qui
1606 610 1714 656 tibi;
1766 614 1815 648 vt

215 663 422 712 sepositis,
448 660 807 712 quemadmodum
832 662 990 708 scribis,
1015 663 1195 713 priuatis
1218 663 1441 702 affectibus
1465 664 1696 715 synceriter
1718 677 1814 702 con-

215 715 375 755 sultum
401 716 558 755 vellent
583 715 737 767 gloriae
763 715 918 754 Christi
944 720 987 754 et
1013 716 1140 755 saluti
1166 717 1311 768 populi
1337 718 1577 757 Christiani.
1633 718 1756 765 Quod
1781 718 1816 756 si

216 783 292 808 suo
330 771 508 821 quisque
547 769 769 808 commodo
808 770 1010 821 priuatim
1049 771 1240 810 intentus
1279 776 1356 818 est,
1397 773 1431 810 si
1469 772 1655 823 theologi
1693 785 1812 810 suam

214 825 490 863 autoritatem
520 823 707 875 vndique
736 828 897 862 sartam
926 828 1085 864 tectam
1116 825 1261 864 haberi
1290 826 1526 876 postulant,
1554 827 1589 865 si
1618 826 1815 865 monachi

214 879 300 917 suis
325 878 556 917 commodis
575 878 680 916 nihil
699 879 923 929 patiuntur
943 879 1156 926 decedere,
1178 880 1212 917 si
1231 881 1441 931 principes
1461 894 1586 919 omne
1605 881 1670 919 ius
1690 893 1813 919 suum

214 932 424 971 mordicus
444 933 642 979 retinent,
665 932 957 971 difficillimum
978 933 1107 972 fuerit
1127 935 1171 972 in
1192 948 1415 973 commune
1437 935 1665 973 consulere.

267 986 455 1025 Primum
479 987 559 1026 erit
581 987 799 1038 explorare
820 987 961 1026 fontes
984 988 1096 1027 vnde
1120 988 1198 1027 hoc
1222 989 1381 1027 malum
1405 989 1533 1028 toties
1556 988 1784 1040 repullulat
1804 1001 1811 1027 :

212 1040 275 1080 his
296 1045 395 1080 ante
414 1041 556 1080 omnia
575 1041 843 1080 medendum.
891 1042 1000 1080 Tum
1020 1047 1164 1081 autem
1183 1056 1268 1081 non
1287 1043 1436 1082 inutile
1454 1043 1596 1090 fuerit,
1617 1045 1651 1081 si
1670 1056 1812 1082 rursus

212 1095 463 1134 ostendatur
494 1096 727 1146 impunitas
759 1096 825 1134 his
856 1097 930 1146 qui
962 1110 1014 1135 ex
1046 1098 1315 1148 persuasione
1349 1102 1425 1136 aut
1456 1098 1642 1149 impulsu
1675 1097 1810 1136 alieno

211 1154 406 1188 errarunt
425 1163 434 1196 ;
472 1149 540 1188 vel
561 1150 705 1201 potius
725 1151 915 1188 omnium
938 1151 1145 1189 malorum
1168 1152 1431 1203 superiorum
1467 1154 1667 1203 ἀμνηστία,
1701 1165 1811 1203 quae

210 1202 302 1242 fato
336 1203 524 1255 quodam
559 1204 759 1243 accidisse
793 1204 1006 1243 Videntur.
1070 1205 1113 1245 Si
1147 1206 1206 1244 sic
1240 1206 1432 1257 quotidie
1466 1206 1687 1245 nobiscum
1723 1206 1809 1257 agit

210 1257 338 1304 Deus,
360 1258 549 1297 omnium
570 1258 822 1297 obliuiscens
841 1258 1120 1298 admissorum
1141 1263 1307 1310 quoties
1327 1261 1579 1312 ingemuerit
1599 1265 1810 1312 peccator,

209 1311 313 1362 quid
334 1316 456 1351 Vetat
476 1325 561 1363 quo
582 1313 722 1351 minus
741 1312 854 1351 idem
875 1313 1007 1352 faciat
1027 1313 1106 1352 Dei
1128 1314 1309 1353 vicarius
1330 1318 1345 1353 ⁴?
1397 1315 1455 1353 Et
1475 1319 1621 1354 tamen
1641 1315 1811 1353 interim

208 1377 283 1416 per
300 1366 574 1417 magistratus
594 1379 643 1405 ac
661 1367 871 1417 principes
889 1367 1192 1406 coherceantur
1210 1369 1439 1415 nouit-ates,
1459 1382 1570 1420 quae
1588 1369 1810 1408 minimum

207 1419 372 1458 faciunt
405 1420 459 1459 ad
489 1421 708 1471 pietatem,
741 1420 970 1472 plurimum
1001 1421 1057 1460 ad
1090 1422 1354 1462 seditionem.
1416 1423 1624 1474 Optarim,
1657 1424 1691 1462 si
1722 1422 1809 1462 fieri

207 1475 353 1524 possit,
383 1478 427 1513 et
452 1474 689 1513 libellorum
716 1475 1085 1526 procudendorum
1112 1476 1327 1515 licentiam
1356 1477 1554 1516 cohiberi.
1610 1477 1678 1516 Ad
1705 1478 1808 1517 haec

207 1528 461 1578 praebeatur
504 1529 664 1568 mundo
707 1542 802 1580 spes
846 1530 1150 1569 mutandorum
1194 1531 1478 1582 quorundam,
1524 1532 1679 1583 quibus
1722 1545 1806 1570 non

205 1583 358 1622 iniuria
383 1596 426 1622 se
452 1584 644 1634 queritur
669 1584 849 1634 grauari.
904 1584 972 1623 Ad
990 1584 1201 1624 libertatis
1222 1586 1344 1625 dulce
1363 1599 1519 1625 nomen
1538 1586 1808 1637 respirabunt

205 1650 364 1676 omnes.
427 1637 538 1677 Huic
573 1638 709 1676 modis
743 1638 940 1677 omnibus
974 1639 1279 1679 consulendum
1313 1641 1406 1687 erit,
1441 1645 1654 1692 quatenus
1687 1640 1807 1680 salua

204 1691 366 1742 pietate
392 1691 519 1738 licet;
564 1692 868 1731 consulendum
896 1697 962 1732 est
988 1694 1249 1744 explicandis
1276 1695 1497 1734 hominum
1526 1696 1806 1742 conscientiis,

205 1745 279 1784 sed
320 1746 491 1785 interim
534 1746 665 1785 nihilo
709 1747 843 1786 secius
886 1748 1190 1787 consulendum
1234 1749 1435 1800 dignitati
1478 1750 1717 1801 principum
1761 1753 1805 1788 et

204 1800 510 1851 episcoporum.
572 1800 729 1840 Verum
760 1801 864 1840 haec
896 1801 1081 1852 dignitas
1114 1803 1381 1842 aestimanda
1412 1807 1477 1842 est
1508 1804 1572 1842 his
1604 1803 1729 1842 rebus
1761 1804 1804 1842 in

203 1854 357 1905 quibus
388 1868 485 1894 vere
515 1855 598 1894 sita
627 1859 692 1894 est
720 1855 886 1894 illorum
917 1856 1115 1907 dignitas,
1147 1857 1508 1908 quemadmodum
1540 1858 1805 1897 aestimanda

203 1912 268 1947 est
290 1913 334 1948 et
355 1909 502 1960 populi
524 1909 711 1948 libertas.

256 1963 382 2002 Dicet
412 1968 490 2002 tua
520 1964 739 2010 sanctitas,
776 1963 784 1979 ⁶
805 1964 886 2011 Qui
917 1969 1019 2003 sunt
1049 1965 1120 2004 isti
1151 1965 1304 2013 fontes,
1339 1971 1416 2005 aut
1446 1980 1556 2018 quae
1588 1971 1689 2006 sunt
1720 1967 1803 2005 ista

204 2017 447 2056 mutanda?
469 2017 478 2033 '
540 2017 607 2056 Ad
639 2018 790 2057 harum
822 2032 962 2058 rerum
995 2020 1294 2070 expensionem
1327 2034 1475 2060 censeo
1508 2021 1747 2060 euocandos
1780 2035 1801 2060 e

202 2072 375 2122 singulis
400 2072 640 2123 regionibus
666 2073 779 2111 viros
804 2073 1084 2124 incorruptos,
1112 2087 1274 2125 graues,
1297 2079 1557 2122 mansuetos,
1579 2076 1798 2127 gratiosos,

201 2125 372 2165 sedatos
392 2126 629 2174 affectibus,
651 2140 831 2178 quorum
853 2129 1066 2167 sententia

656 2267 778 2305 1353.
843 2265 909 2306 To
942 2265 1132 2307 ULRICH
1166 2267 1349 2309 ZAans.

249 2338 416 2382 Epistola
430 2338 476 2371 de
490 2337 634 2372 delectu
650 2338 827 2379 ciborum,
844 2339 887 2373 f0.
905 2339 964 2374 A7.
1527 2343 1647 2379 Basle.

247 2396 317 2430 ΖΕ.
335 2406 415 2431 202.
1392 2412 1455 2445 ψῃ
1474 2401 1621 2441 March>
1644 2411 1751 2444 1523.

244 2473 341 2514 [This
363 2474 467 2505 letter
490 2485 559 2506 was
582 2475 722 2515 printed
744 2475 798 2507 for
821 2476 879 2507 the
904 2477 978 2507 first
1001 2476 1086 2507 time
1109 2477 1144 2508 in
1172 2486 1266 2518 1574,
1292 2479 1375 2509 with
1401 2479 1459 2509 the
1483 2478 1572 2513 title,
1596 2479 1636 2509 D.
1664 2480 1800 2510 Erasmz'

199 2517 409 2549 Rolerodami
425 2519 469 2550 ad
490 2518 682 2550 Vdalricum
700 2518 841 2551 Zaszsszcm
858 2519 1011 2559 Epistola
1026 2521 1065 2551 de
1080 2521 1204 2552 delectu
1219 2521 1366 2553 ciborum
1384 2521 1421 2552 in
1439 2522 1579 2553 ieiuniis
1595 2523 1633 2553 ab
1650 2522 1798 2554 Ecclesia

198 2560 370 2593 Catholica
387 2561 534 2599 indictis,
551 2562 637 2594 edita
654 2572 712 2602 per
728 2563 908 2595 Hilarium
924 2563 1140 2603 Pyron-maier
1156 2564 1459 2598 Landislmlaemum.
1500 2566 1608 2597 Antea
1626 2576 1797 2607 nunquam.

197 2614 334 2636 erens-sa
348 2606 396 2644 (α)
411 2617 417 2636 ;
446 2616 466 2635 a
480 2615 563 2646 very
578 2616 651 2636 rare
668 2605 804 2637 volume
818 2606 852 2637 of
866 2606 977 2637 Which
993 2607 1008 2637 Ι
1022 2607 1123 2638 know
1138 2607 1172 2637 of
1186 2607 1268 2648 only
1282 2619 1345 2639 oue
1359 2619 1459 2649 copy,
1472 2608 1508 2639 in
1523 2608 1581 2639 the
1594 2608 1797 2651 University

199 2647 343 2688 Library
366 2651 404 2678 at
427 2648 603 2689 Freiburg.
650 2649 685 2679 It
707 2648 768 2679 has
792 2660 836 2679 no
858 2649 1020 2690 priutcr's
1042 2660 1166 2685 name:
1204 2650 1267 2681 but
1289 2662 1310 2681 a
1334 2652 1468 2692 preface
1492 2651 1538 2693 by
1562 2652 1794 2693 Pyrekmaicr,

198 2690 305 2722 dated
326 2692 363 2722 16
381 2690 469 2722 Nov.
490 2693 597 2732 <1573
613 2693 647 2730 2²>
666 2692 755 2723 from
773 2692 831 2723 the
849 2693 955 2724 house
973 2693 1008 2724 of
1025 2693 1083 2724 the
1103 2693 1255 2733 Knights
1273 2693 1307 2725 of
1329 2696 1379 2725 St.
1398 2695 1491 2726 John
1509 2698 1547 2726 at
1564 2695 1797 2727 Schlettstadt.

198 2733 269 2765 and
283 2733 469 2765 addresscd
486 2737 522 2765 to
538 2736 703 2766 Erasmus
720 2736 850 2774 Sutter,
866 2735 1097 2767 Connuander
1112 2736 1146 2767 of
1162 2737 1242 2768 that
1259 2737 1367 2769 Order
1382 2737 1435 2769 for
1451 2738 1637 2779 Strasburg
1652 2739 1709 2778 (cf.
1729 2739 1792 2780 Ep.

199 2786 272 2818 305.
297 2778 400 2817 260n)
422 2777 491 2808 and
513 2778 756 2815 Schlettstadt,
777 2782 888 2809 states
909 2779 988 2810 that
1009 2780 1068 2810 the
1089 2779 1391 2819 original—which
1414 2791 1495 2822 may
1516 2782 1605 2813 have
1629 2782 1714 2814 been
1737 2783 1794 2815 the

196 2820 301 2852 letter
319 2820 472 2862 actually
492 2821 648 2852 received
668 2821 714 2862 by
734 2822 968 2853 Zasius—had
989 2822 1073 2854 been
1093 2824 1252 2864 supplied
1273 2828 1309 2855 to
1329 2824 1552 2865 Pyrckmaier
1569 2825 1623 2857 for
1641 2825 1793 2867 publica-

196 2865 271 2896 tion
289 2863 335 2905 by
351 2864 445 2896 John
462 2864 625 2905 Hartung
641 2866 835 2906 (1504-7o)‚
855 2865 1024 2905 professor
1039 2866 1073 2897 of
1087 2867 1198 2899 Greek
1214 2870 1252 2898 at
1267 2867 1444 2909 Freiburg,
1455 2868 1525 2900 and
1541 2869 1577 2900 of
1592 2869 1795 2903 Protestant

198 2907 425 2949 sympathies,
443 2908 526 2939 with
543 2908 655 2939 whom
672 2907 713 2938 he
730 2908 799 2939 had
815 2909 969 2950 rccently
986 2909 1070 2941 been
1086 2912 1237 2951 staying.

243 2951 284 2983 In
302 2952 359 2983 the
389 2952 494 2982 sscrnc
511 2952 617 2983 'l'own
634 2952 779 2992 Library
800 2952 855 2990 (Β.
876 2961 927 2992 50,
946 2952 968 2983 f.
991 2954 1020 2992 i)
1036 2953 1064 2984 is
1081 2963 1101 2983 a
1117 2954 1202 2984 xvir*
1228 2964 1284 2986 ius,
1302 2956 1366 2994 (β),
1388 2956 1537 2997 perhaps
1559 2955 1682 2998 copied
1705 2956 1794 2990 from

198 3009 230 3031 ιι,
251 2995 343 3026 since
358 2996 388 3026 it
406 2995 611 3036 rcproduces
628 2995 686 3026 the
704 2995 782 3026 title
802 3005 840 3026 as
862 2995 915 3026 far
935 3007 972 3026 as
997 2996 1201 3028 fatiscas—a
1220 2998 1370 3039 heading
1387 3000 1497 3031 which
1515 3001 1542 3032 is
1560 2999 1672 3032 found
1689 3002 1793 3041 again

200 3038 310 3071 above
325 3039 383 3072 the
396 3039 510 3077 letter,
524 3050 569 3072 on
582 3039 620 3071 fo.
636 3038 679 3070 Α7
695 3038 729 3070 of
744 3051 773 3069 α.
824 3039 926 3071 From
948 3042 975 3072 it
1000 3041 1031 3071 J.
1048 3039 1090 3071 R.
1109 3041 1230 3073 Sinner
1244 3042 1404 3083 supplied
1423 3054 1443 3074 a
1459 3045 1647 3085 transcript
1661 3054 1688 3075 c.
1711 3054 1791 3086 1773

1840 452 1901 482 160

1839 723 1894 762 165

1837 1000 1897 1032 170

1835 1272 1890 1304 Ι75

1832 1536 1893 1566 180

1829 1807 1884 1847 185

1828 2085 1889 2117 190
