2012 3370
226 144 303 185 170
694 145 948 186 LETTERS
980 145 1053 185 OF
1081 144 1345 185 ERASMUS
1697 145 1820 195 [1523

221 259 343 294 tuam
365 255 654 307 integritatem
678 268 731 294 ne
753 255 858 294 leuis
881 255 1053 306 quidem
1077 255 1227 294 horum
1251 255 1458 294 malorum
1482 254 1663 305 suspicio
1687 254 1822 306 possit

222 314 474 361 competere.
531 310 755 349 Neminem
777 310 1009 349 secundum
1029 310 1246 361 episcopos
1267 310 1401 360 magis
1422 309 1544 348 dccet
1565 308 1822 359 Euangelica

220 364 364 415 religio
417 377 547 415 quam
600 364 822 415 principes.
880 364 963 404 Sed
1014 364 1166 402 horum
1218 364 1466 415 simplicitas
1518 375 1821 414 saepenumero

138 419 205 450 280
219 417 383 457 fallitur
405 418 616 469 religionis
638 418 834 469 imagine.
892 418 1109 469 Siquidem
1134 419 1321 470 persuasi
1345 430 1653 468 nonnunquam
1677 416 1732 455 ab
1756 417 1821 455 his

220 473 294 523 qui
340 472 553 523 perfectae
598 472 808 524 religionis
854 472 1112 524 professione
1159 473 1524 519 commendantur,
1573 471 1822 510 existimant

218 539 430 565 summam
455 540 545 566 esse
568 527 788 578 pietatem,
815 527 849 566 si
874 527 1065 578 quotidie
1090 540 1275 579 precum,
1302 541 1408 579 quas
1434 526 1623 565 horarias
1648 529 1820 573 vocant,

222 593 400 631 pensum
428 580 672 628 absoluant,
693 582 729 620 si
748 581 890 620 nullus
913 581 1003 620 dies
1026 582 1155 621 abeat
1174 582 1336 632 absque
1357 595 1490 620 sacro.
1540 580 1684 631 Atque
1713 580 1818 619 haec

219 635 391 685 quidem
410 639 461 674 vt
477 636 522 674 in
540 636 761 687 prophano
784 636 909 675 simul
927 641 972 676 et
988 637 1142 676 iuuene
1158 637 1347 688 principe
1365 636 1503 675 fateor
1522 638 1820 686 argumentum

136 692 198 732 285
219 689 392 740 aliquod
415 703 503 730 esse
526 691 621 741 piae
644 691 812 738 mentis,
836 691 899 730 ita
921 691 1134 742 permulta
1162 696 1263 730 sunt
1291 704 1400 742 quae
1430 690 1603 742 propius
1627 689 1682 728 ad
1705 688 1819 728 Chri-

217 744 346 783 stiani
381 745 582 796 principis
619 745 803 784 officium
841 746 1040 784 attinent.
1110 746 1281 785 Etenim
1318 746 1353 784 si
1381 745 1612 796 prospiciat
1641 757 1693 782 ne
1723 743 1821 781 belli

217 802 450 849 tempestas
479 800 652 846 oriatur,
682 813 735 839 ne
763 800 934 851 publica
961 800 1135 840 libertas
1163 800 1358 846 violetur,
1388 813 1440 838 ne
1469 798 1652 850 populus
1679 797 1821 836 tenuis

217 853 273 891 ad
295 852 453 892 famem
477 853 686 906 adigatur,
711 868 765 893 ne
787 855 1062 906 magistratus
1086 855 1270 906 corrupti
1297 858 1503 900 creentur,
1529 866 1624 892 mea
1646 851 1819 904 quidem

215 908 441 955 sententia,
471 921 638 948 sacrum
667 909 757 948 Deo
786 910 946 960 gratius
975 909 1179 948 obtulerit
1206 922 1337 960 quam
1366 909 1400 946 si
1428 921 1501 946 sex
1530 907 1651 946 annis
1679 919 1818 945 recen-

135 972 201 1005 290
215 963 348 1001 suerit
374 963 566 1014 preculas
591 963 697 1002 illas.
755 964 814 1002 Et
840 967 986 1003 tamen
1013 964 1092 1002 hoc
1120 976 1290 1014 quoquc
1316 962 1458 1009 laudo,
1486 962 1522 1000 si
1549 961 1675 1001 modo
1703 960 1819 1012 quod

215 1020 282 1055 est
306 1018 579 1068 praecipuum
604 1018 838 1056 accesserit.

270 1070 492 1110 Caeterum
517 1072 550 1109 si
574 1072 769 1122 princeps
796 1072 1012 1110 existimet
1039 1071 1143 1110 nihil
1167 1071 1246 1110 sibi
1270 1071 1413 1110 deesse
1437 1070 1492 1109 ad
1515 1083 1660 1109 veram
1684 1069 1817 1120 pieta-

215 1127 317 1172 tem,
341 1125 476 1164 fretus
501 1126 798 1165 obseruatione
821 1126 973 1165 talium
996 1139 1149 1172 rerum,
1175 1125 1376 1177 neglectis
1400 1125 1491 1164 aliis
1516 1137 1625 1176 quae
1648 1124 1820 1175 propria

213 1183 316 1218 sunt
334 1179 473 1231 regiae
491 1180 736 1227 functionis,
758 1181 862 1220 haec
891 1181 1091 1220 nimirum
1112 1194 1213 1219 vera
1233 1180 1363 1231 pestis
1384 1183 1449 1218 est
1468 1179 1692 1230 religioniS‚
1715 1178 1818 1217 haec

132 1244 194 1278 295
213 1237 279 1272 est
303 1234 559 1285 reipublicae
583 1235 786 1286 pernicies
807 1248 816 1281 ;
858 1239 902 1274 et
927 1236 1001 1286 qui
1027 1235 1131 1274 talia
1156 1234 1427 1286 persuadent,
1454 1247 1531 1273 nec
1557 1232 1818 1285 principibus

214 1287 321 1327 bene
347 1289 577 1328 consulunt
602 1303 679 1329 nec
705 1289 878 1341 populo.
936 1290 1061 1328 Pium
1088 1293 1154 1328 est
1180 1289 1327 1328 adesse
1353 1301 1486 1335 sacro,
1515 1288 1548 1327 si
1576 1288 1671 1339 quis
1689 1287 1817 1326 modo

213 1354 344 1393 purus
362 1343 551 1383 accedat.
608 1343 668 1382 At
684 1357 770 1395 quo
787 1348 915 1395 pacto
932 1357 1063 1396 purus
1081 1344 1280 1383 accedam
1298 1343 1353 1382 ad
1371 1342 1817 1382 commemorationem

211 1396 323 1436 illius
353 1398 443 1437 veri
472 1399 711 1449 summique
741 1398 961 1449 Principis,
993 1399 1067 1449 qui
1097 1411 1173 1449 pro
1204 1398 1341 1437 salute
1371 1410 1543 1436 suorum
1573 1397 1710 1435 vitam
1740 1396 1816 1434 im-

212 1451 375 1502 pendit,
405 1453 440 1490 si
468 1452 523 1491 ob
550 1453 672 1499 iram,
701 1453 737 1491 si
765 1453 820 1492 ob
849 1453 1140 1500 ambitionem,
1169 1453 1205 1491 si
1233 1452 1288 1491 ob
1317 1452 1552 1491 socordiam
1581 1464 1720 1490 meam
1749 1454 1819 1489 tot

131 1517 197 1550 300
213 1506 433 1545 hominum
461 1507 578 1545 milia
603 1507 671 1546 vel
697 1507 943 1559 affliguntur
969 1507 1036 1546 vel
1062 1508 1315 1546 intereunt?
1373 1506 1438 1546 Ne
1465 1506 1604 1545 dicam
1631 1505 1816 1551 interim,

213 1560 329 1611 quod
361 1561 434 1599 vix
467 1561 601 1600 vllum
638 1565 809 1613 tempus
846 1562 980 1613 magis
1012 1574 1197 1600 vacuum
1234 1562 1459 1612 minusque
1491 1560 1719 1599 sollicitum
1752 1563 1818 1598 est

212 1615 473 1666 principibus
496 1629 626 1666 quam
650 1629 736 1667 quo
760 1620 919 1655 vacant
941 1617 1001 1655 rei
1024 1616 1207 1655 diuinae.
1266 1615 1378 1662 Quid
1402 1619 1546 1653 autem
1570 1615 1714 1665 magni
1737 1618 1815 1660 est,

211 1682 354 1720 preces
374 1669 467 1708 illas
488 1671 613 1709 statis
633 1670 745 1709 horis
767 1670 904 1709 dictas
925 1684 1014 1709 esse
1034 1670 1227 1722 principi,
1250 1670 1318 1709 cui
1337 1670 1501 1708 nullum
1523 1673 1692 1720 tempus
1713 1668 1817 1707 satis

212 1736 415 1775 magnum
441 1725 638 1764 curandis
663 1725 918 1776 reipublicae
943 1725 1126 1776 negociis
1147 1728 1163 1764 ⁴?

129 1791 192 1824 305
265 1778 448 1818 Abunde
484 1779 669 1818 multum
705 1783 902 1830 precatus
938 1779 1081 1826 fuerit,
1119 1780 1154 1818 si
1189 1778 1381 1830 quotidie
1417 1781 1646 1824 recenseat,
1685 1781 1729 1816 et
1764 1790 1816 1815 ex

211 1833 353 1872 animo
368 1837 597 1881 recenseat,
613 1833 730 1872 illam
745 1834 1046 1885 sapientissimi
1060 1834 1225 1873 iuuenis
1240 1833 1527 1885 precationem
1547 1846 1556 1871 ε
1591 1832 1600 1847 ‘
1619 1832 1815 1878 Domine,

210 1886 266 1925 da
285 1887 389 1926 mihi
408 1889 663 1939 sapientiam
683 1892 726 1927 et
744 1889 1082 1940 intelligentiam,
1104 1892 1154 1927 vt
1172 1888 1383 1940 ingrediar
1402 1891 1446 1927 et
1464 1886 1654 1938 egrediar
1673 1899 1815 1925 coram

210 1941 368 1992 populo
387 1942 503 1981 tuo’.
561 1942 651 1982 Aut
679 1943 777 1982 huic
806 1943 1077 1990 simillimam,
1107 1956 1238 1994 quam
1266 1942 1393 1989 idem,
1424 1942 1469 1980 ni
1496 1941 1632 1988 fallor,
1663 1941 1817 1980 recitat

209 1996 254 2034 in
272 1995 380 2035 libro
401 1997 468 2035 cui
487 1997 639 2036 titulus
659 1997 879 2049 Sapientia
898 2010 907 2037 z
946 1997 955 2013 ‘
973 1997 1042 2037 Da
1061 1998 1165 2036 mihi
1184 1997 1347 2036 sedium
1367 2001 1540 2036 tuarum
1561 1996 1814 2034 assistricem

129 2064 193 2095 310
210 2050 479 2101 sapientiam,
497 2055 548 2090 vt
563 2065 729 2091 mecum
746 2053 803 2091 sit
818 2056 862 2091 et
878 2065 1044 2092 mecum
1060 2052 1238 2099 laboret,
1257 2055 1307 2090 vt
1323 2052 1453 2090 sciam
1469 2050 1574 2102 quid
1590 2054 1813 2101 acceptum

210 2104 268 2143 sit
292 2104 409 2155 apud
434 2109 491 2144 te.
549 2105 639 2145 Scit
665 2106 777 2145 enim
802 2106 875 2145 ilia
903 2110 948 2145 et
974 2106 1175 2158 intelligit
1202 2107 1359 2153 onmia,
1390 2110 1434 2145 et
1462 2105 1645 2144 deducet
1672 2117 1741 2143 me
1768 2104 1813 2142 in

210 2159 408 2209 operibus
440 2159 544 2198 meis
576 2160 726 2207 sobrie,
761 2164 806 2199 et
838 2160 1052 2200 custodiet
1083 2174 1151 2200 me
1183 2161 1227 2199 in
1260 2173 1338 2199 sua
1369 2160 1577 2211 potentia,
1611 2163 1656 2198 et
1689 2162 1815 2198 erunt

209 2217 386 2264 accepta
405 2226 534 2265 opera
553 2227 661 2261 mea,
683 2219 727 2253 et
747 2214 971 2265 disponam
990 2215 1196 2266 populum
1216 2219 1340 2254 tuum
1360 2215 1485 2261 iuste,
1507 2218 1551 2253 et
1570 2226 1640 2252 ero
1661 2213 1814 2264 dignus

209 2267 373 2306 sedium
395 2268 529 2319 patris
551 2269 646 2308 mei.
704 2268 883 2309 Sensum
906 2273 1051 2308 autem
1072 2273 1196 2307 tuum
1219 2270 1314 2319 quis
1335 2269 1452 2315 sciet,
1476 2269 1557 2307 nisi
1578 2272 1627 2306 tu
1649 2267 1813 2306 dederis

128 2336 190 2369 315
208 2322 476 2373 sapientiam,
498 2326 542 2361 et
560 2323 721 2362 miseris
745 2323 951 2374 Spiritum
977 2327 1173 2362 sanctum
1193 2327 1317 2362 tuum
1338 2323 1390 2362 de
1410 2322 1625 2362 altissimis
1645 2335 1654 2368 ;
1690 2325 1735 2360 et
1753 2321 1812 2360 sic

209 2380 420 2416 correctae
449 2376 608 2416 fuerint
641 2378 818 2417 semitae
852 2391 997 2417 eorum
1032 2378 1106 2429 qui
1140 2381 1241 2416 sunt
1274 2378 1319 2415 in
1353 2376 1490 2423 terris,
1521 2380 1566 2415 et
1594 2389 1704 2427 quae
1732 2375 1813 2415 tibi

209 2430 392 2480 placent,
413 2430 638 2471 didicerint
656 2432 847 2471 homines
868 2435 884 2471 ⁶?
906 2432 914 2447 '
972 2432 1115 2483 Atque
1133 2432 1243 2470 hanc
1263 2431 1515 2482 sapientiam
1536 2442 1667 2480 quam
1686 2433 1812 2481 optat

209 2485 545 2535 sapientissimus
567 2486 636 2524 1116
659 2487 837 2533 iuuenis,
862 2487 1047 2526 maxime
1071 2487 1251 2537 reperire
1273 2485 1372 2524 licet
1394 2486 1439 2524 in
1461 2485 1593 2524 literis
1616 2484 1810 2536 Euange-

208 2538 311 2586 licis,
335 2539 369 2578 si
392 2540 488 2591 quis
509 2553 561 2579 ex
584 2540 739 2586 animo,
763 2542 799 2579 si
821 2541 916 2592 quis
938 2542 1009 2592 pia
1031 2541 1276 2580 curiositate
1297 2541 1486 2578 rimetur.
1544 2539 1715 2590 Alioqui
1737 2539 1811 2590 qui

129 2610 195 2641 320
209 2592 373 2632 factum
409 2598 474 2633 est
509 2598 559 2633 vt
587 2594 922 2634 Christianorum
952 2608 1089 2634 mores
1117 2595 1275 2646 partim
1303 2595 1347 2633 in
1381 2594 1517 2632 vitam
1550 2593 1645 2644 plus
1677 2606 1808 2644 quam

209 2647 423 2686 ethnicam
449 2648 687 2696 reciderint,
715 2650 873 2700 partim
898 2650 943 2688 in
969 2649 1234 2688 Iudaismum
1261 2648 1475 2700 quendam
1501 2647 1810 2699 degenerarint,

209 2701 289 2740 nisi
318 2715 371 2740 ex
402 2702 682 2754 Euangelicae
712 2703 931 2743 doctrinae
960 2704 1191 2755 neglectu?
1251 2703 1520 2754 Quanquam,
1551 2706 1602 2741 vt
1630 2702 1810 2754 ingenue

208 2754 359 2803 fatear,
398 2757 522 2796 nullis
559 2757 708 2796 seculis
745 2757 973 2797 defuerunt
1010 2758 1125 2809 apud
1161 2771 1267 2808 quos
1305 2757 1537 2808 Euangelio
1574 2769 1675 2795 suus
1711 2769 1808 2795 con-

209 2810 368 2849 stiterit
388 2811 521 2850 honos
540 2824 550 2858 ;
588 2811 662 2850 sed
683 2816 829 2851 tamen
850 2812 916 2851 his
937 2813 1058 2851 annis
1080 2812 1400 2863 quadringentis
1421 2812 1541 2863 vigor
1561 2811 1671 2849 illius
1693 2809 1808 2861 apud

443 2903 517 2934 300.
542 2893 595 2926 Ne
612 2895 668 2923 αεθ
683 2905 691 2925 :
722 2894 794 2926 Nec
811 2892 868 2932 δζι.
1096 2905 1170 2935 310.
1196 2893 1283 2935 quid
1299 2905 1318 2923 α
1335 2893 1418 2924 LB:
1449 2891 1544 2934 quod
1560 2903 1580 2923 ι.

259 3002 332 3041 306.
357 2999 508 3040 iuuenis]
537 3001 722 3041 Solomon;
763 3012 820 3034 see
850 3013 869 3035 2
901 3001 978 3034 Chr.
1093 3013 1168 3079 303.
1194 3000 1390 3045 Sapientia]
1405 3001 1562 3034 Wisdom
1587 3011 1618 3040 9.
1635 3011 1669 3042 4,
1689 3011 1807 3041 10-12,

220 3052 246 3074 1.
267 3052 316 3075 10.
1052 3054 1132 3086 17-1
1162 3069 1171 3079 .
