2012 3370
186 156 308 206 1457]
660 152 820 192 FROM
849 152 877 192 J
881 152 1004 194 OHN
1034 152 1303 193 ROBBYNS
1703 155 1780 193 477

182 275 231 301 ac
264 267 406 302 vestra
438 264 580 314 quiete
613 261 782 301 videtur
814 262 960 300 amicis
992 262 1144 301 vestris
1176 266 1220 301 et
1252 261 1519 309 zelatoribus,
1554 265 1603 300 vt
1635 274 1782 312 quam·
1802 272 1841 304 23

182 317 368 368 primum
398 316 609 356 Basileam
637 315 872 366 relinquere
903 320 948 355 et
977 315 1033 354 ad
1062 315 1140 355 has
1170 318 1443 355 suauissimas
1473 321 1618 367 partes
1646 321 1782 355 trans-

182 371 362 423 migrare
399 371 602 417 debeatis,
641 371 684 409 in
723 369 811 409 otio
848 370 1069 417 litterario,
1109 371 1252 421 quiete
1289 383 1338 409 ac
1376 370 1490 410 bona
1525 370 1785 410 recreatione

182 425 381 473 viuendo,
412 426 546 465 eciam
575 423 872 476 postponendo
903 425 1064 463 maiora
1095 423 1254 463 oblata.
1315 424 1438 472 Quod
1469 428 1634 464 annuat
1662 423 1785 463 vobis

182 484 227 519 et
244 480 367 519 nobis
386 480 567 519 clemens
585 483 629 518 et
647 479 917 529 omnipotens
936 478 1051 518 Deus
1072 491 1080 525 ;
1116 479 1189 529 qui
1209 478 1387 517 eandem
1407 478 1454 517 P.
1475 478 1525 519 V.
1546 479 1600 518 R.
1620 491 1785 529 semper

181 533 360 581 felicem,
381 534 605 585 longeuam
626 545 674 572 ac
695 536 1017 584 prosperantem
1038 536 1273 579 conseruet,
1296 533 1399 573 mihi
1420 546 1497 572 sua
1518 532 1785 584 beneplacita
1804 543 1845 575 30

187 601 352 639 semper
389 587 671 640 precipiendo.

239 641 462 682 Mechlinie
480 643 524 681 in
543 641 688 693 vigilia
706 640 997 692 apostolorum
1018 639 1134 680 Petri
1154 645 1198 680 et
1218 639 1341 680 Pauli
1362 654 1475 680 anno
1496 651 1664 681 XXIHIO.

418 696 620 736 Eiusdem
638 694 867 735 reuerende
886 695 1160 747 paternitatis
1180 694 1230 735 V.
1252 696 1434 788 seruito}
1451 700 1495 735 et
1506 696 1675 789 {mlissus

1437 762 1474 789 o.
1544 762 1572 789 o
1636 762 1728 801 yns.

238 827 489 867 Reuerendo
517 828 643 879 patri,
673 826 847 866 domino
881 826 1060 866 Erasmo
1089 825 1394 872 Roterodamo‚
1424 838 1540 865 sacre
1574 825 1785 877 theologie
1805 837 1844 870 35

186 880 409 933 professori
427 882 594 928 eximio,
614 881 839 932 <domi>n0
855 885 899 921 et
913 881 1151 933 preceptori
1168 893 1243 919 suo
1257 879 1566 920 colendissimo.
1605 879 1784 920 Basilee.

559 1038 680 1077 1458.
744 1036 884 1076 FROM
916 1035 1116 1076 MARCUS
1149 1034 1416 1077 LAURINUS.

231 1114 380 1159 Leipzig
396 1113 471 1148 MS.
1508 1111 1679 1145 Mechlin.

231 1172 309 1207 ΕΕ.
327 1182 384 1216 27.
1454 1179 1498 1214 30
1516 1169 1614 1204 June
1636 1178 1737 1214 1524.

227 1251 296 1292 [An
324 1251 469 1293 original
495 1251 610 1288 letter,
639 1251 835 1293 autograph
863 1250 1092 1292 throughout,
1120 1253 1245 1291 except
1272 1249 1332 1282 the
1359 1249 1513 1286 address,
1541 1248 1654 1281 which
1680 1249 1710 1280 is
1738 1248 1785 1289 by

181 1305 202 1326 a
223 1299 408 1336 secretary.
454 1294 527 1326 The
548 1305 611 1326 ms.
634 1293 817 1335 year-date
837 1294 866 1326 is
888 1293 1076 1326 confirmed
1098 1293 1146 1335 by
1167 1293 1227 1325 the
1249 1293 1443 1325 connexion
1464 1292 1550 1324 with
1571 1292 1660 1334 Epp.
1689 1301 1783 1331 1470,

186 1347 262 1378 1471
283 1350 292 1371 :
322 1338 383 1370 the
400 1337 508 1370 latter
525 1337 562 1370 of
578 1337 690 1370 which
707 1348 778 1369 was
795 1338 935 1370 written
952 1338 988 1369 in
1006 1337 1218 1369 accordance
1236 1335 1321 1369 with
1339 1336 1399 1369 the
1417 1335 1539 1368 advice
1555 1337 1658 1378 given
1677 1335 1785 1375 hera]

236 1411 276 1452 S.
304 1411 351 1451 P.
407 1412 626 1463 Oportune
653 1416 765 1451 certe
789 1412 978 1451 reddidit
1002 1412 1129 1451 miehi
1155 1417 1256 1451 tuus
1281 1412 1457 1451 Liuinus
1482 1416 1581 1451 tuas
1605 1411 1784 1457 litteras,

182 1466 357 1505 Erasme
382 1466 638 1506 doctissime.
693 1466 806 1506 Nam
832 1467 876 1505 ni
902 1467 1150 1517 scripsisses,
1178 1466 1352 1506 domino
1378 1466 1530 1505 Ioanni
1556 1465 1608 1505 de
1635 1465 1788 1505 Hondt

181 1521 391 1573 precipue,
423 1520 574 1560 fuisset
603 1521 763 1572 pensio,
795 1533 878 1572 que
908 1533 985 1572 pro
1015 1521 1095 1560 hoc
1125 1522 1309 1560 termino
1339 1521 1583 1560 natiuitatis
1614 1520 1788 1560 Ioannis

182 1575 307 1615 michi
341 1575 446 1614 data
477 1579 555 1623 est,
590 1575 785 1614 exsoluta
817 1575 990 1614 domino
1023 1575 1176 1615 Ioanni
1208 1576 1261 1615 de
1293 1575 1550 1623 Molendino,
1585 1575 1788 1614 canonico

184 1629 507 1681 Tornaeen<si>‚
548 1631 814 1682 procuratori
852 1630 1014 1669 domini
1062 1629 1178 1670 Petri
1226 1630 1434 1677 Barbirii3
1498 1631 1571 1681 qui
1618 1630 1789 1668 termini
1809 1640 1825 1673 5

181 1684 425 1723 natiuitatis
462 1685 598 1723 nostri
636 1683 872 1724 Seruatoris
911 1685 1103 1736 proxime
1141 1686 1334 1736 preteriti
1371 1685 1531 1735 recepit
1569 1683 1674 1723 data
1712 1696 1789 1722 sua

183 1738 439 1790 syngrapha,
475 1739 593 1778 euius
627 1740 794 1790 copiam
827 1739 907 1778 tibi
941 1740 1081 1778 mitto.
1144 1740 1340 1778 Director
1371 1743 1438 1778 est
1469 1740 1505 1778 is
1536 1738 1624 1777 litis
1658 1751 1788 1789 quam

182 1792 314 1832 habet
351 1793 549 1832 dominus
588 1792 739 1832 Petrus
777 1793 996 1832 Barbirius
1034 1806 1159 1845 super
1197 1794 1410 1833 decanatu
1448 1793 1756 1842 Tornacen<si>
1780 1807 1787 1838 ;

183 1852 314 1899 atque
350 1847 423 1886 vbi
458 1849 638 1899 pecunia
672 1860 780 1899 opus
815 1849 907 1895 erit,
945 1849 1114 1899 scripsit
1149 1847 1368 1887 Barbirius
1403 1852 1454 1887 vt
1488 1860 1581 1886 eam
1619 1851 1789 1898 caperet

184 1915 210 1941 a
230 1902 404 1941 domino
426 1901 488 1941 Io.
511 1901 564 1941 de
585 1902 750 1949 Hondt,
773 1901 1109 1954 effecturumque
1131 1915 1174 1941 se
1196 1903 1392 1953 promisit
1412 1906 1462 1941 vt
1483 1902 1664 1953 pecunia
1685 1901 1789 1939 data
1812 1911 1850 1934 10

184 1955 237 1995 de
256 1955 500 1995 Molendino
521 1956 637 2007 apud
656 1960 701 1995 te
722 1956 847 1996 cedat
866 1957 911 1996 in
932 1956 1132 1996 solutum.
1182 1956 1271 1996 Nec
1292 1956 1402 1995 male
1422 1956 1530 1995 feres
1551 1955 1641 1995 hec.
1691 1955 1789 1994 Non

184 2010 309 2050 video
325 2010 455 2049 finem
473 2010 586 2056 litis;
616 2010 690 2049 diu
711 2011 792 2050 erit
811 2010 871 2049 ini
891 2011 1149 2050 exsoluenda
1168 2011 1331 2063 pensio,
1352 2010 1435 2049 nisi
1456 2022 1664 2051 occurras.
1722 2009 1787 2049 Tu.

183 2066 313 2117 igitur
333 2065 436 2116 quid
455 2064 619 2104 factum
638 2066 689 2104 iri
709 2065 814 2105 velis
832 2065 1037 2104 rescribas
1057 2079 1066 2113 ;
1103 2078 1178 2117 ego
1200 2065 1357 2104 curabo
1377 2069 1427 2104 vt
1446 2063 1626 2104 fideliter
1646 2065 1790 2103 onmia

185 2123 487 2171 exsequantur.

241 2173 455 2225 Scripsisti
475 2173 646 2212 domino
676 2173 738 2213 Io.
769 2173 821 2213 de
842 2173 995 2213 Hondt
1020 2173 1141 2213 illum
1170 2187 1257 2213 non
1285 2174 1359 2213 diu
1388 2173 1682 2212 exsoluturum
1710 2172 1790 2211 tibi
1811 2184 1847 2216 15

186 2228 445 2279 pensionem,
467 2232 512 2267 et
532 2227 651 2267 breui
670 2232 748 2267 tua
768 2233 905 2268 morte
924 2228 1153 2268 liberatum
1173 2228 1276 2268 fore.
1326 2227 1397 2267 Ita
1416 2232 1460 2267 te
1482 2227 1591 2266 male
1611 2226 1790 2266 infestat

186 2280 384 2329 calculus
405 2285 450 2321 et
466 2281 539 2321 illo
557 2282 676 2333 peius
695 2286 739 2321 te
757 2281 965 2322 infestant
984 2282 1161 2334 quidam
1179 2281 1397 2321 Luterani.
1445 2281 1574 2332 Cupit
1592 2281 1789 2319 dominus

187 2334 249 2375 Io.
271 2339 323 2375 vt
340 2335 464 2375 nobis
484 2337 660 2375 serueris
679 2340 900 2388 perpetuo,
922 2340 1074 2389 vtpote
1094 2350 1170 2389 per
1189 2349 1317 2389 quem
1336 2334 1565 2387 reipublice
1584 2334 1789 2373 litterarie

186 2402 274 2430 non
293 2402 429 2441 parua
450 2390 605 2429 cotidie
626 2390 836 2430 accedunt
857 2391 1094 2438 commoda,
1117 2395 1478 2443 promoueturque
1499 2388 1634 2428 indies
1656 2388 1790 2438 magis

187 2456 236 2483 ac
257 2445 390 2495 magis
410 2457 511 2483 vera
529 2444 742 2496 theologia
762 2445 1014 2493 Christiana,
1036 2445 1138 2485 ficta
1158 2445 1334 2496 depulsa
1354 2444 1597 2495 sophistica.
1647 2441 1787 2481 Attes-
1808 2455 1850 2478 20

186 2502 307 2537 tatur
324 2499 455 2538 etiam
474 2512 517 2538 se
535 2500 622 2538 tuis
640 2499 1031 2539 elucubrationibus
1051 2499 1222 2551 (quibus
1240 2498 1427 2551 legendis
1446 2497 1603 2537 bonam
1622 2500 1788 2547 partem

187 2552 351 2592 dierum
365 2553 561 2602 collocat)
575 2566 662 2592 non
676 2554 812 2593 solum
825 2554 990 2594 factum
1004 2553 1238 2594 doctiorem
1251 2566 1400 2592 verum
1414 2553 1544 2591 etiam
1559 2551 1787 2590 meliorem.

588 2644 681 2676 1458.
710 2651 738 2682 5.
764 2643 906 2675 termini
923 2643 1069 2684 scripsi:
1100 2643 1288 2675 terminum
1307 2641 1384 2674 MS.

236 2746 330 2778 1458.
360 2754 387 2777 1.
414 2744 575 2786 Liuinus]
600 2745 750 2788 Algoet:
791 2746 835 2778 cf.
865 2746 954 2788 Epp.
1065 2755 1093 2787 5.
1120 2745 1277 2785 termini]
1291 2754 1335 2776 sc.
1353 2744 1564 2785 pensionem.

194 2797 288 2829 1430.
305 2798 384 2826 21n‚
404 2797 497 2830 1457.
515 2798 545 2829 3.
1068 2800 1116 2822 11.
1143 2789 1247 2822 cedat
1263 2790 1299 2820 in
1315 2787 1488 2827 solutum]
1506 2786 1514 2799 ⁸
1526 2786 1568 2819 be
1585 2785 1787 2818 considered

278 2836 360 2865 tuas
377 2831 530 2873 litteras]
549 2832 594 2865 Of
618 2843 645 2864 c.
670 2841 704 2872 31
733 2833 854 2865 March
871 2846 877 2865 :
912 2834 955 2865 cf.
1019 2844 1058 2865 as
1079 2833 1162 2876 paid
1176 2832 1197 2864 ’.
1243 2832 1316 2864 Tho
1337 2831 1482 2873 pension
1503 2830 1558 2862 for
1579 2829 1639 2862 the
1659 2830 1787 2862 second

190 2875 256 2918 Ep.
276 2884 369 2917 1457.
386 2885 416 2907 2.
1019 2876 1094 2909 half
1114 2875 1150 2908 of
1175 2884 1234 2917 152
1240 2884 1257 2915 3
1280 2874 1436 2916 actually
1457 2873 1634 2906 remained
1655 2873 1787 2916 unpaid

233 2929 264 2951 2.
291 2919 335 2952 de
353 2918 493 2960 Hondt]
511 2919 583 2952 The
601 2919 723 2952 earlier
741 2919 845 2953 letter
863 2930 956 2953 men·
1019 2920 1073 2953 for
1089 2929 1196 2961 many
1212 2929 1312 2960 years
1328 2932 1335 2951 :
1365 2928 1421 2950 see
1437 2917 1509 2950 EE.
1532 2918 1604 2955 116,
1625 2925 1696 2958 141.

192 2963 314 2996 tioned
328 2963 364 2995 in
379 2962 442 3005 Ep.
465 2971 559 3004 1433.
579 2972 606 2995 1.
1067 2972 1116 3004 15.
1143 2962 1335 3004 Scripsisti]
1359 2961 1402 2994 In
1427 2961 1488 2994 the
1513 2960 1635 2994 earlier
1659 2960 1785 2996 letter:

237 3016 267 3049 3.
292 3007 429 3049 pensio]
443 3006 494 3039 Cf.
510 3006 575 3049 Ep.
596 3015 690 3048 1417.
706 3015 785 3048 23n.
1024 3007 1067 3040 cf.
1083 3008 1106 3040 1.
1122 3016 1179 3039 2n‚
1227 3031 1230 3035 .
1248 3018 1280 3039 ω’

234 3059 266 3089 4.
293 3050 336 3084 <10
351 3049 568 3092 Molendjno]
583 3050 646 3084 See
662 3050 726 3093 Ep.
748 3059 821 3091 371.
1072 3053 1120 3084 16.
1147 3054 1211 3083 tua
1228 3027 1356 3091 molta]
1373 3049 1423 3083 ef.
1438 3049 1503 3091 Ep.
1526 3057 1617 3091 1437.
1640 3058 1712 3090 117.
