2012 3370
236 113 314 153 398
711 110 965 150 LETTERS
997 110 1069 150 OF
1098 109 1361 150 ERAsMus
1713 112 1836 161 [1524

281 220 353 253 The
373 221 478 253 letter
498 218 677 260 evidently
698 228 767 250 was
788 217 955 250 intended
977 222 1015 250 to
1034 228 1250 260 accompany
1271 219 1330 252 the
1351 219 1590 261 presentation
1611 228 1699 261 copy
1720 219 1757 252 of
1776 220 1837 252 the

238 264 452 307 Paraphrase
470 275 515 296 on
532 263 593 295 the
610 262 696 294 Acts
713 261 791 303 (Ep
817 264 924 302 1414).
967 262 1113 305 'rhough
1131 262 1237 295 dated
1255 273 1349 295 some
1367 262 1455 304 days
1471 261 1602 300 earlier,
1620 263 1651 294 it
1666 273 1736 295 was
1753 263 1836 304 only

237 308 444 350 dispatched
461 307 546 340 with
563 306 652 347 Epp.
675 314 770 346 1422,
794 315 887 346 1424.
893 307 906 346 ]

291 378 566 418 BEATISSIME
611 379 746 428 pater.
822 376 1024 417 Oratione
1068 377 1142 415 vix
1186 378 1385 428 consequi
1429 389 1584 427 queam
1628 381 1840 428 quantum

237 433 379 472 animo
414 432 667 483 gaudiorum
702 431 979 482 conceperim,
1016 431 1089 470 vbi
1123 432 1308 482 primum
1343 444 1524 478 rumore,
1561 444 1660 470 mox
1696 431 1749 471 R.
1786 431 1839 471 D.

235 486 359 527 Card.
396 486 614 537 Campegii
648 489 693 525 et
729 485 992 524 eruditorum
1028 485 1248 525 hominum
1283 486 1416 526 literis
1452 486 1645 537 cognoui,
1681 499 1734 525 ex
1769 486 1841 525 illa

237 541 467 581 clarissima
505 540 733 579 Medicium
770 539 932 579 familia
971 539 1230 580 Clementem
1267 551 1332 579 vn
1368 553 1509 579 rerum
1547 539 1843 592 gubernaculis

201 595 475 647 5admotum,
515 594 673 635 talibus
711 594 843 633 animi
881 596 1151 647 corporisque
1189 595 1361 635 dotibus
1399 594 1656 645 praeditum,
1695 594 1842 646 quales

238 650 342 689 haec
366 649 555 702 Vndique
578 648 945 689 turbulentissima
969 654 1162 700 tempora
1187 649 1465 701 postulabant
1486 662 1494 687 t
1535 661 1646 700 quae
1669 653 1719 688 vt
1741 653 1842 688 ante

238 717 305 743 me
347 704 542 755 publicae
584 703 910 755 tranquillitatis
952 704 1294 743 amantissimum
1336 703 1539 743 maiorem
1580 704 1625 743 in
1667 702 1841 742 modum

237 758 567 805 discruciabant,
596 759 658 797 ita
687 758 790 797 mihi
817 759 1012 809 protinus
1039 759 1193 810 gestire
1221 759 1334 809 cepit
1361 758 1542 804 animus,
1571 758 1711 797 nescio
1739 757 1844 808 quid

237 826 375 852 nouae
394 813 612 852 felicitatis
631 813 911 864 praesagiens,
933 813 1040 851 adeo
1060 817 1110 851 vt
1130 813 1263 864 magis
1283 812 1434 852 liberet
1452 812 1621 863 publice
1639 812 1844 864 gratulari

181 886 219 908 10
237 867 331 907 orbi
361 867 600 908 Christiano
631 879 761 918 quam
792 867 994 918 priuatim
1024 867 1118 906 tibi.
1179 867 1312 906 Auxit
1342 867 1422 906 hoc
1451 867 1655 918 gaudium
1686 879 1843 912 meum,

238 922 355 974 quod
393 935 445 961 ex
484 922 718 960 amicorum
755 921 888 960 literis
925 920 1087 972 liquido
1127 922 1305 972 cognoui
1344 934 1474 973 quam
1512 925 1589 960 tua
1628 920 1844 960 Sanctitas

239 980 434 1016 amanter
455 977 633 1016 sentiret
653 976 705 1015 de
726 975 917 1014 Erasmo.

293 1031 487 1083 Longum
522 1034 633 1070 esset
667 1030 771 1069 haec
807 1030 862 1068 ab
897 1030 1020 1069 initio
1055 1033 1257 1081 repetere,
1295 1043 1371 1069 nec
1407 1034 1509 1069 tuae
1544 1030 1844 1080 occupationes

238 1085 450 1137 prolixum
468 1097 704 1124 sermonem
722 1084 960 1146 patiuntur.
1008 1083 1121 1123 Illud
1139 1085 1274 1124 ausim
1293 1084 1478 1123 deierare
1496 1084 1613 1135 apud
1630 1084 1845 1124 Christum

180 1158 216 1190 15
239 1140 392 1179 mentis
425 1142 596 1178 nostrae
629 1139 857 1185 conscium,
891 1139 926 1177 si
958 1143 1177 1189 pernosset
1209 1143 1285 1178 tua
1318 1139 1534 1179 Sanctitas
1565 1143 1730 1201 quanta
1762 1138 1845 1178 fide

238 1198 488 1246 quantaque
515 1193 757 1233 constantia
785 1206 852 1232 me
878 1193 1075 1245 gesserim
1103 1194 1148 1232 in
1174 1193 1253 1232 hoc
1281 1194 1453 1255 negocio
1459 1194 1599 1245 ,—qui
1625 1207 1702 1232 nec
1730 1206 1844 1244 mag-

238 1261 391 1288 norum
442 1248 681 1300 principum
733 1247 1116 1294 sollicitationibus,
1168 1261 1245 1287 nec
1296 1248 1530 1287 amicorum
1582 1248 1844 1287 eruditorum

238 1303 456 1350 illecebris,
499 1315 576 1342 1100
616 1315 761 1341 rursus
802 1302 1072 1353 quorundam
1114 1302 1408 1353 theologorum
1449 1316 1498 1341 00
1540 1302 1845 1342 monachorum

240 1357 360 1404 odiis,
393 1357 467 1409 qui
498 1370 565 1396 me
595 1357 650 1396 ob
681 1357 874 1396 inuectas
905 1357 1022 1408 apud
1052 1369 1128 1395 nos
1160 1361 1204 1396 et
1234 1361 1404 1396 euectas
1434 1357 1600 1408 linguas
1632 1370 1680 1395 00
1712 1356 1846 1395 bonas

177 1430 220 1453 20
238 1411 383 1451 literas
401 1411 520 1463 peius
539 1411 721 1450 oderunt
739 1424 869 1462 quam
888 1410 1138 1458 Lutherum‚
1157 1411 1332 1462 perpelli
1350 1411 1558 1462 quiuerim
1578 1415 1628 1450 vt
1645 1411 1845 1451 seditioso

240 1466 414 1517 negocio
448 1479 515 1505 me
548 1465 821 1516 adiungerem
852 1469 895 1504 et
924 1465 1128 1504 aduersus
1156 1466 1277 1506 Sedis
1305 1466 1428 1505 istius
1460 1466 1715 1517 dignitatem
1748 1478 1843 1504 con-

239 1521 713 1572 spirarem—quantum
746 1520 877 1559 etiam
910 1533 1022 1558 nunc
1057 1520 1251 1559 odiorum
1285 1532 1333 1558 ac
1368 1520 1579 1558 minarum
1612 1520 1846 1559 sustineam

240 1575 319 1614 hac
341 1575 434 1626 ipsa
456 1575 509 1613 de
531 1587 658 1613 causa
681 1574 797 1625 apud
820 1574 1066 1621 Germanos,
1089 1574 1299 1613 iudicaret
1320 1587 1387 1613 me
1409 1574 1631 1625 indignum
1653 1575 1697 1613 in
1719 1587 1847 1625 quem

238 1629 319 1669 iste
339 1628 516 1670 Stunica
535 1629 664 1668 toties
685 1628 1018 1668 debaccharetur
1037 1629 1212 1679 impune
1231 1628 1400 1667 furiosis
1420 1641 1469 1667 ac
1489 1628 1663 1668 famosis
1682 1628 1846 1675 libellis,

178 1701 218 1734 25
242 1696 329 1723 non
354 1684 443 1722 sine
470 1683 673 1722 dedecore
699 1683 822 1721 istius
845 1682 972 1722 Vrbis
998 1695 1077 1722 nec
1102 1683 1192 1722 sine
1216 1682 1379 1722 inuidia
1408 1682 1622 1722 Pontificii
1649 1683 1844 1721 nominis.

241 1737 354 1777 Nam
390 1737 527 1776 almae
563 1737 680 1776 vrbis
716 1736 880 1776 Romae
915 1736 1093 1776 titulum
1130 1737 1289 1788 vbique
1324 1737 1472 1784 iactat,
1510 1750 1644 1788 quum
1681 1741 1848 1776 constet

240 1791 360 1831 illum
390 1791 494 1831 11000
524 1791 663 1830 facere
693 1795 842 1831 contra
873 1791 1041 1831 aedicta
1072 1790 1210 1838 Card.,
1243 1791 1447 1830 aduersus
1476 1792 1591 1831 iussa
1621 1791 1774 1831 Leonis
1805 1796 1849 1830 et

241 1846 430 1885 Adriani.
482 1845 613 1886 Crede
636 1845 753 1893 mihi,
778 1845 949 1885 beatiss,
975 1845 1116 1893 Pater,
1141 1846 1214 1897 qui
1236 1846 1369 1885 istum
1390 1846 1639 1885 histrionem
1662 1846 1719 1885 ad
1740 1845 1848 1885 tales

240 1900 544 1952 sycophantias
577 1904 729 1939 natum
762 1900 1012 1947 subornant,
1047 1913 1198 1951 parum
1231 1904 1345 1939 recte
1378 1900 1605 1939 consulunt
1638 1900 1706 1940 vel
1738 1900 1846 1939 Pon-

181 1972 222 2004 30
240 1954 372 1995 tificio
413 1955 574 1994 nomini
615 1954 683 1993 vel
723 1954 896 2006 negocio
937 1954 1132 2006 publicae
1172 1954 1512 2006 tranquillitatis,
1555 1955 1629 1994 sed
1668 1955 1848 2006 priuatis

240 2010 429 2060 ipsorum
452 2009 560 2048 odiis
583 2022 743 2048 morem
765 2013 932 2061 gerunt,
957 2013 1001 2048 et
1022 2009 1067 2048 in
1089 2009 1169 2048 hoc
1192 2009 1329 2048 aliena
1352 2009 1592 2048 abutuntur
1614 2009 1792 2048 insania.

296 2063 519 2115 Decerpsit
545 2076 597 2102 ex
625 2063 822 2102 omnibus
849 2063 965 2102 libris
993 2064 1110 2110 meis,
1139 2076 1246 2115 quos
1273 2063 1516 2103 aedideram
1544 2067 1645 2102 ante
1672 2062 1847 2102 Lutheri

242 2130 398 2157 nomen
422 2117 632 2164 auditum,
657 2117 842 2156 frustula
865 2117 1091 2169 quaedam,
1118 2130 1227 2169 quae
1252 2117 1461 2170 deprauat
1485 2122 1529 2157 et
1552 2118 1597 2157 in
1620 2117 1848 2169 pessimam

241 2172 549 2223 interpretatur
582 2175 763 2222 partem,
798 2172 872 2210 sed
905 2176 996 2211 tam
1029 2172 1300 2223 impudenter
1335 2176 1384 2211 vt
1415 2172 1532 2211 nullo
1564 2172 1849 2223 respondente

181 2243 220 2277 35
242 2229 386 2266 tamen
425 2225 559 2265 lector
596 2225 724 2277 paulo
762 2226 936 2277 aequior
974 2226 1157 2265 hominis
1195 2231 1383 2266 mentem
1422 2230 1653 2266 execretur.
1721 2226 1849 2265 Plura

240 2280 447 2331 reperiam
466 2280 511 2319 in
529 2279 646 2319 libris
666 2279 919 2330 Hieronymi
936 2284 981 2319 et
1000 2280 1220 2327 Bernardi,
1242 2281 1277 2319 si
1295 2281 1428 2320 libeat
1447 2281 1503 2320 ad
1521 2282 1653 2320 istum
1674 2280 1849 2319 modum

240 2334 504 2373 calumniari.
579 2334 719 2382 Quum
750 2334 823 2373 illa
856 2334 1094 2380 scriberem,
1129 2335 1233 2373 nihil
1266 2335 1406 2374 minus
1439 2335 1686 2386 suspicabar
1718 2347 1849 2385 quam

242 2389 322 2428 hoe
344 2388 533 2428 seculum
554 2389 832 2428 exoriturum.
885 2388 1009 2436 Quod
1023 2389 1058 2427 si
1079 2389 1263 2436 scissem,
1287 2389 1423 2428 multa
1445 2393 1523 2428 aut
1543 2389 1750 2428 siluissem
1772 2393 1850 2428 aut

243 2443 366 2482 aliter
390 2443 648 2494 scripsissem
668 2456 677 2490 ;
719 2456 805 2482 11011
830 2443 946 2494 quod
970 2443 1102 2494 impia
1126 2447 1240 2490 sunt,
1268 2443 1342 2482 sed
1367 2443 1483 2494 quod
1508 2443 1581 2494 qui
1606 2443 1708 2482 mali
1733 2447 1847 2489 sunt,

180 2514 224 2546 40
242 2497 347 2536 nihil
371 2510 458 2536 non
482 2498 658 2548 rapiunt
681 2497 726 2536 in
751 2498 1028 2537 occasionem.
1083 2497 1227 2549 Atque
1251 2497 1330 2536 hac
1357 2497 1409 2536 de
1435 2510 1563 2536 causa
1587 2501 1690 2536 ante
1714 2509 1848 2536 annos

243 2551 350 2591 duos
385 2552 429 2591 in
466 2551 769 2603 posterioribus
806 2551 1091 2591 aeditionibus
1128 2551 1264 2591 multa
1301 2551 1564 2598 sustulimus,
1604 2555 1653 2590 vt
1690 2551 1849 2591 talibus

289 2653 356 2685 Pro
372 2653 469 2686 titulo
485 2662 672 2685 CLEMENTI
688 2662 844 2686 SEPTIMO
862 2663 1028 2686 ERAsmvs
1045 2662 1226 2686 Ro'rERon.
1247 2663 1274 2685 s.
1294 2662 1329 2684 D.
1348 2653 1422 2685 add.
1445 2654 1488 2685 H.
1683 2663 1711 2685 2.
1739 2653 1781 2686 R.
1801 2653 1844 2685 D.

243 2707 305 2729 om.
326 2697 371 2728 H.
518 2697 570 2737 36.
597 2697 790 2730 Bernhardi
809 2697 853 2729 H.
1007 2706 1057 2737 37.
1083 2697 1143 2730 illa
1162 2697 1197 2729 H
1213 2709 1220 2729 :
1261 2698 1330 2729 ista
1345 2710 1374 2729 α.

293 2832 342 2854 11.
366 2823 574 2863 amicorum]
589 2822 640 2855 Cf.
658 2822 723 2864 Ep.
746 2832 837 2863 1411.
859 2831 936 2863 3211.
1125 2832 1177 2864 37.
1203 2823 1419 2865 suspicabar]
1443 2823 1491 2855 Cf.
1514 2824 1580 2866 Ep.
1602 2832 1701 2864 1415.
1718 2833 1770 2865 74.

294 2874 341 2904 17.
366 2865 687 2907 sollicitationibus]
698 2866 748 2899 Cf.
763 2866 828 2908 Ep.
847 2876 939 2908 1415.
955 2877 1008 2906 29.
1123 2876 1176 2906 41.
1202 2867 1453 2908 aeditionibus]
1473 2867 1546 2899 The
1563 2866 1636 2899 last
1654 2866 1789 2899 edition
1810 2867 1847 2899 of

290 2918 342 2949 27.
369 2908 488 2949 Card.]
513 2909 564 2942 Of.
594 2909 659 2951 Ep.
692 2918 786 2950 1302.
816 2919 902 2951 59n3
939 2911 1009 2942 and
1079 2909 1255 2942 Erasmus'
1288 2910 1373 2943 New
1396 2910 1612 2947 Testament,
1636 2909 1749 2942 which
1774 2921 1845 2944 was

243 2951 299 2983 for
313 2951 510 3002 Clement's·
520 2954 638 2985 action
654 2963 710 2985 see
727 2953 791 2994 Ep.
814 2962 906 2993 1431.
930 2962 1003 2993 1311.
1078 2953 1139 2985 the
1191 2954 1362 2995 principal
1413 2953 1532 3003 object
1581 2953 1618 2985 of
1668 2953 1844 2986 Stunica's

291 3002 341 3036 32.
369 2995 512 3027 Lut-heu
528 2997 670 3037 nomen]
685 2996 735 3030 Of.
754 2997 818 3039 Ep.
842 3006 934 3038 1410.
958 3007 1005 3036 19.
1076 2996 1229 3035 attacks,
1246 2997 1315 3029 had
1331 2996 1505 3039 appeared
1519 3006 1555 3028 m
1572 2996 1652 3029 Feb.
1675 3006 1767 3038 1522.
