2012 3370
122 113 243 161 1515]
1636 107 1715 144 579

607 269 810 310 ¹5⁰⁵l5l5.
874 269 943 310 To
976 267 1284 308 FERmNANn.

116 409 122 412 ²
168 361 412 407 Copenhagen
429 361 505 396 MS.
525 360 568 395 G.
587 359 636 394 K.
656 359 690 395 S.
707 368 750 404 95
772 359 863 399 Fol„
883 359 908 393 f.
928 369 971 401 24
976 369 994 403 3
1012 359 1075 401 (a).
1396 355 1514 390 Basle.

168 419 216 454 H.
236 431 271 465 p.
289 428 357 465 752
375 433 382 453 ;
415 419 462 454 N.
482 430 516 464 p.
535 428 602 462 717
621 432 627 451 :
662 417 778 452 Lond.
798 429 859 452 xx.
878 427 921 461 23
940 431 947 450 ι
981 416 1056 451 LB.
1074 425 1155 459 710.
1274 424 1320 449 20
1337 412 1550 449 November
1569 422 1670 458 1524.

165 499 252 540 [The
270 498 486 540 manuscript
501 498 531 529 is
547 507 594 530 an
611 496 808 538 autograph
826 495 1049 538 rough-draft
1067 495 1128 535 (α),
1147 494 1259 527 which
1278 494 1444 526 Erasmus
1461 493 1524 526 has
1542 491 1719 525 corrected

121 543 206 575 with
224 553 245 574 a
265 542 350 575 finer
368 552 446 584 pen.
489 541 561 573 The
580 545 650 573 two
668 544 785 581 stages
804 539 841 571 of
859 540 919 571 the
939 542 1018 572 text
1036 549 1118 579 may
1139 538 1180 570 be
1199 537 1453 579 distinguished
1473 547 1511 569 as
1532 539 1565 567 α1
1582 535 1653 568 and
1673 537 1716 567 οἳ.

121 586 193 618 The
204 585 310 618 latter
320 595 402 626 may
414 585 541 617 denote
554 585 703 616 revision
718 583 834 615 before
848 583 908 614 the
921 582 1026 615 letter
1038 592 1108 613 was
1123 581 1242 622 finally
1256 581 1377 622 copied
1390 580 1458 612 fair
1468 580 1523 612 sor
1535 579 1718 620 dispatch3

121 639 160 662 or
176 629 392 661 elaboration
409 628 494 660 with
510 639 532 660 a
549 628 635 659 view
652 631 691 659 to
708 627 872 668 printing.
916 626 988 658 But
1004 627 1034 657 it
1049 626 1078 657 is
1095 624 1289 657 noticeable
1307 624 1388 656 that
1405 623 1521 655 before
1538 623 1599 656 the
1615 622 1720 655 letter

122 683 192 705 was
206 673 345 714 printed
358 673 394 704 in
410 672 454 709 H,
469 671 606 703 further
620 671 770 711 changes
783 680 871 701 were
886 669 988 701 made
1001 670 1037 701 in
1051 669 1112 701 the
1127 672 1216 700 text.

166 716 239 748 The
258 716 473 757 manuscript
490 714 672 756 year-date
690 714 719 745 is
737 712 949 753 sufficiently
967 712 1155 744 confirmed
1175 712 1223 752 by
1241 711 1323 743 that
1341 710 1377 742 of
1396 710 1460 752 Ep.
1485 710 1597 751 1505.]

387 813 682 843 FERDINANDO
713 812 874 842 CAROLI
903 809 1085 840 CESARIS
1115 809 1346 838 GERMANO.

176 875 216 916 S.
234 875 280 915 P.
303 874 592 914 Illustrissime
617 874 831 923 Princeps,
852 875 945 910 tam
964 882 1222 922 propensum
1242 867 1518 907 sublimitatis
1538 879 1636 918 erga
1657 879 1723 905 me

122 933 223 968 tuae
237 928 441 974 fauorem,
458 941 585 980 quem
601 932 645 967 et
662 929 755 979 ipsa
772 940 816 965 re
835 926 1032 976 comperi,
1050 925 1181 963 etiam
1199 924 1233 962 si
1252 924 1390 963 denuo
1406 922 1559 961 litteris
1578 933 1722 960 aman-

122 983 284 1022 tissime
313 983 480 1034 scriptis
506 995 592 1021 non
618 981 768 1020 fuisses
794 979 1063 1025 testificatus,
1090 983 1237 1018 tamen
1263 982 1313 1016 vt
1343 976 1610 1015 obliuiscerer
1638 987 1724 1014 non

123 1041 215 1076 erat
243 1050 420 1088 passura
448 1036 681 1076 multorum
711 1036 933 1075 hominum
962 1033 1209 1085 predicatio,
1240 1035 1335 1070 tum
1356 1035 1502 1070 autem
1523 1034 1568 1069 et
1588 1029 1723 1068 erudi-

122 1095 265 1130 torum
280 1092 468 1130 virorum
487 1090 703 1143 epistolae,
721 1103 773 1129 ex
792 1089 946 1140 quibus
962 1087 1153 1139 quotidie
1169 1087 1285 1125 disco
1301 1098 1431 1137 quam
1452 1084 1631 1124 candide
1648 1088 1726 1123 tua
1745 1099 1760 1131 5

122 1145 361 1184 sublimitas
380 1145 527 1184 faueat
547 1145 699 1184 studiis
719 1144 887 1183 nostris.
936 1143 1170 1193 Nunquam
1190 1154 1257 1179 me
1277 1139 1515 1191 poenitebit
1535 1151 1726 1177 mearum

122 1199 479 1247 lucubrationum,
518 1203 799 1251 posteaquam
835 1201 984 1236 tantus
1020 1197 1214 1248 princeps
1251 1207 1321 1233 eas
1357 1194 1558 1245 dignatur
1595 1192 1726 1232 oculis

123 1258 254 1304 atque
275 1254 447 1293 auribus
468 1255 554 1293 suis
574 1267 582 1293 ε
620 1266 750 1304 quam
770 1252 1019 1291 felicitatem
1040 1251 1206 1289 vtinam
1227 1252 1550 1301 promereantur
1570 1247 1577 1285 !

179 1308 520 1347 Lutheranorum
565 1308 756 1346 conuicia
799 1306 921 1345 facile
966 1305 1143 1356 negligo,
1190 1303 1263 1342 sed
1307 1304 1508 1353 vtrinque
1546 1301 1726 1352 lapidari

123 1361 277 1401 durum
313 1366 390 1401 est.
457 1362 535 1401 Est
572 1362 750 1400 Louanii
786 1365 927 1412 preter
963 1364 1151 1398 caeteros
1186 1357 1387 1396 Nicolaus
1424 1355 1727 1394 Ecmondanus
1748 1370 1787 1392 10

124 1415 363 1463 Carmelita,
398 1416 538 1463 homo,
574 1415 689 1467 quod
721 1427 846 1454 nemo
880 1415 1027 1459 nescit,
1062 1412 1242 1451 stolidus
1274 1424 1324 1450 ae
1356 1410 1568 1456 furiosus;
1616 1410 1652 1448 is
1683 1410 1728 1447 in

125 1469 463 1520 preleetionibus,
484 1472 529 1509 in
556 1470 776 1515 conuiuiis,
804 1470 848 1507 in
873 1467 1158 1513 concionibus,
1183 1478 1270 1504 non
1289 1465 1445 1504 desinit
1464 1463 1728 1502 deblaterare

123 1525 167 1563 in
200 1537 267 1563 me
300 1524 504 1576 quicquid
535 1524 596 1563 illi
629 1523 833 1563 collibuit.
897 1521 1079 1561 Ridetur
1112 1533 1138 1559 a
1170 1520 1320 1566 doctis,
1356 1518 1430 1558 sed
1463 1531 1549 1557 non
1583 1529 1729 1556 omnes

124 1591 146 1618 e
172 1578 299 1630 vulgo
323 1582 537 1618 nonerunt
564 1578 747 1617 hominis
772 1576 982 1616 morbum.
1036 1575 1249 1614 Adrianus
1273 1573 1470 1626 pontifex
1495 1572 1728 1623 diplomate

125 1633 251 1671 misso
285 1634 547 1684 imposuerat
580 1632 640 1671 illi
675 1631 903 1670 silentium.
968 1630 1032 1668 Eo
1067 1633 1237 1668 mortuo
1271 1640 1415 1666 rursus
1449 1627 1622 1666 insanit.
1686 1624 1786 1674 8115

124 1688 265 1738 queris
292 1687 378 1725 odii
404 1699 590 1733 causam,
618 1685 687 1725 ille
713 1687 832 1737 peius
860 1685 952 1723 odit
977 1684 1142 1734 linguas
1169 1696 1218 1721 ao
1246 1682 1380 1721 bonas
1405 1681 1571 1720 litteras
1599 1692 1729 1731 quam

126 1740 271 1780 decem
301 1740 508 1780 Luteros:
549 1745 594 1779 et
618 1739 848 1791 Collegium
877 1738 1089 1789 trilingue,
1121 1736 1237 1788 quod
1265 1749 1378 1775 nunc
1403 1735 1525 1774 floret
1550 1734 1730 1773 Louanii

127 1807 281 1847 magno
317 1796 452 1834 totius
488 1795 663 1834 ditionis
699 1794 900 1834 Cesareae
935 1797 1031 1831 tum
1068 1791 1292 1831 commodo
1328 1794 1423 1829 tum
1461 1792 1726 1834 ornamento,

128 1849 230 1888 mihi
264 1849 384 1889 velut
417 1850 556 1888 autori
593 1850 795 1900 imputat.
866 1847 978 1886 Hinc
1017 1846 1086 1886 ille
1124 1846 1350 1897 lacrymae.
1419 1844 1544 1883 Cesar
1581 1842 1728 1895 procul

126 1902 261 1943 abest.
317 1903 360 1944 Si
384 1907 462 1942 tua
488 1902 693 1943 celsitudo
719 1902 856 1942 tribus
882 1901 1022 1940 verbis
1048 1900 1279 1940 admoneat
1303 1898 1511 1938 illustriss
1539 1897 1592 1937 D.
1619 1896 1728 1935 Mar·
1748 1913 1791 1936 20

127 1961 318 2010 garetam
351 1962 401 1996 vt
432 1971 508 1996 suo
540 1958 710 1996 nomine
742 1957 889 1996 iubeat
920 1955 1039 1994 illum
1072 1954 1266 1994 rabulam
1299 1953 1431 1999 silere,
1465 1952 1595 1991 faciet
1626 1951 1730 1990 mihi

127 2024 216 2051 rem
246 2024 500 2064 magnopere
529 2016 710 2064 gratam,
736 2023 813 2050 neo
843 2011 982 2049 minus
1007 2009 1157 2048 vtilem
1186 2008 1381 2060 publicae
1410 2005 1728 2057 tranquillitati.

129 2065 385 2117 Quanquam
422 2066 504 2113 ille,
545 2079 641 2105 cum
680 2066 819 2104 visum
858 2069 935 2112 est,
975 2063 1131 2103 nullius
1170 2064 1403 2102 autoritate
1441 2064 1729 2113 permonetur.

128 2119 322 2168 Ridetur,
355 2121 490 2160 nescit
520 2120 760 2172 pudescere.
820 2119 1031 2165 Monetur,
1065 2118 1313 2157 contemnit.
1376 2115 1648 2167 Obiurgatur‚
1681 2112 1731 2152 fit

128 2173 317 2214 ferocior.
367 2174 467 2214 Tale
486 2175 702 2226 ingenium
724 2173 821 2213 solis
841 2173 1028 2212 fustibus
1049 2173 1197 2223 corrigi
1218 2174 1401 2223 poterat.
1749 2185 1768 2208 2
1775 2185 1789 2217 5

186 2227 555 2277 Quemadmodum
570 2230 615 2268 in
635 2229 799 2280 magnis
814 2227 1146 2279 tempestatibus
1166 2225 1461 2264 difficillimum
1482 2228 1547 2262 est
1567 2222 1728 2262 moder-

131 2283 190 2321 ari
221 2283 390 2322 clauum
419 2296 468 2322 ac
498 2283 605 2330 vela,
640 2284 703 2322 ita
736 2283 800 2321 his
834 2282 1023 2333 vndique
1056 2280 1433 2320 turbulentissimis
1466 2277 1730 2328 temporibus

130 2336 311 2376 arduum
331 2341 395 2376 est
414 2342 556 2376 tenere
577 2337 911 2377 moderationem
932 2349 1061 2387 quam
1081 2340 1158 2374 tua
1178 2334 1416 2373 sublimitas
1437 2332 1539 2370 mihi
1564 2331 1730 2370 tribuit.

131 2390 253 2430 Certe
278 2391 460 2430 adnixus
487 2405 581 2430 sum
607 2396 657 2430 vt
683 2393 726 2430 in
746 2391 825 2429 hoo
849 2391 1023 2441 negocio
1046 2402 1198 2440 puram
1223 2387 1525 2427 conscientiam
1544 2390 1731 2438 prestem

131 2443 227 2484 Iesu
241 2444 420 2484 Christo.
469 2445 603 2493 Quem
617 2445 808 2497 quotidie
820 2444 1015 2496 precibus
1029 2445 1132 2482 meis
1146 2442 1325 2483 sollicito
1338 2446 1387 2480 vt
1400 2440 1479 2479 tibi
1493 2440 1614 2479 dotes
1626 2440 1731 2478 istas
1752 2457 1792 2489 30

130 2500 315 2550 egregias
339 2512 503 2551 semper
525 2502 569 2539 in
594 2501 729 2538 maius
754 2512 802 2538 ac
826 2499 974 2537 melius
998 2502 1166 2549 augeat,
1193 2496 1401 2546 simulque
1425 2495 1556 2533 donet
1580 2493 1730 2532 sereni-

131 2558 266 2592 tatem
299 2555 385 2592 tuis
417 2554 650 2593 virtutibus
683 2554 883 2604 dignam:
934 2557 983 2591 vt
1016 2552 1093 2591 sub
1127 2551 1293 2590 duobus
1326 2548 1542 2595 fratribus,
1577 2547 1732 2599 quibus

175 2666 244 2690 ¹1'1'r.
258 2657 334 2690 add.
351 2660 393 2690 a¹.
477 2668 502 2690 1.
531 2658 563 2691 S.
585 2659 621 2691 P.
639 2670 657 2687 α
675 2671 682 2691 :
711 2666 878 2690 ERAsMVS
892 2667 919 2690 s.
937 2658 971 2689 H
988 2657 1135 2696 (s.n.N).
1215 2663 1242 2695 5.
1268 2665 1311 2687 ex
1325 2654 1452 2696 quibus
1469 2679 1475 2686 .
1494 2678 1500 2685 .
1518 2678 1525 2685 .
1542 2655 1571 2684 6.
1600 2652 1728 2684 nostris

131 2702 208 2734 add.
225 2703 266 2734 α’.
360 2711 390 2743 7.
416 2706 604 2744 postquam
619 2702 663 2734 H.
760 2710 809 2734 10.
836 2701 893 2733 σΝ
905 2714 912 2733 :
938 2700 1188 2743 Egmondanus
1199 2698 1369 2730 Came—lita
1384 2698 1427 2729 H.
1521 2706 1573 2728 21.
1599 2696 1730 2728 faceret

133 2745 176 2777 H.
283 2754 336 2777 22.
362 2755 424 2777 nec
440 2770 447 2777 .
466 2771 474 2777 .
493 2771 499 2777 .
519 2745 771 2786 tranquillitati
785 2744 860 2777 add.
880 2745 923 2777 H.
1025 2752 1077 2783 23.
1105 2743 1315 2785 Quanquam
1333 2768 1339 2774 .
1357 2766 1365 2774 .
1384 2766 1391 2772 .
1414 2750 1462 2781 25.
1490 2744 1632 2782 poterat
1650 2739 1726 2771 add.

133 2790 167 2819 α’
187 2788 426 2831 (Obiurgatur,
449 2789 490 2821 fit
508 2789 654 2821 ferocior
673 2788 748 2821 add.
772 2788 816 2821 H.
861 2788 992 2830 poterit
1013 2787 1072 2827 H).
1246 2794 1297 2826 31.
1324 2795 1364 2818 ac
1385 2784 1508 2817 melius
1529 2783 1604 2816 add.
1625 2785 1666 2815 α’.

177 2932 207 2955 2.
234 2924 308 2964 ipsa
332 2932 367 2954 re
387 2920 553 2963 comperi]
576 2921 618 2953 In
634 2920 892 2961 acknowledgo-
1014 2928 1061 2958 ¹4·
1087 2916 1276 2957 Adrianus]
1291 2916 1342 2949 Cf.
1360 2916 1424 2958 Ep.
1446 2926 1540 2957 1359.
1556 2925 1612 2948 2n.

134 2969 237 3052 angat>
246 2964 374 3047 ofctfhoo
375 2963 722 3049 (gargpgir.1onp1324d
725 2963 893 3043 ἳὲῗῐιῑέξΡ.
963 2959 1398 3045 96go.1giroctilabest1]ffl.
1413 2960 1500 3002 Epp.
1516 2961 1592 3000 948.
1612 2964 1729 3000 195-0,

866 3075 991 3116 sz
