2012 3370
154 133 278 185 1406]
612 130 772 170 FROM
802 129 957 169 OTHO
987 128 1289 169 BRUNFELS
1671 128 1746 166 371

151 241 243 293 lego
271 242 514 293 Spongiam,
542 245 592 280 vt
619 239 899 291 expenderem
927 242 1072 278 tamen
1099 238 1203 290 quid
1230 239 1309 277 hoc
1337 242 1459 277 esset.
1516 236 1628 288 Lego
1656 249 1745 275 ora-

152 296 313 336 tionem
353 309 541 343 suauem,
583 293 797 342 blandam,
839 293 1051 333 eruditam
1090 297 1135 332 et
1174 293 1423 345 elegantem,
1465 291 1539 331 sed
1577 291 1748 343 plenam

152 363 314 390 veneno
334 350 551 390 mortifero
570 362 579 397 ;
615 352 660 388 et
678 361 787 400 quae
807 347 923 387 haud
942 347 1070 387 dubie
1089 347 1222 387 simile
1243 360 1412 399 quoque
1431 350 1580 398 pectus
1599 345 1748 385 refere·
1766 356 1807 390 75

151 404 241 452 bat,
276 418 429 457 nempe
462 403 734 450 virulentum,
770 415 979 454 asperum,
1015 415 1228 454 arrogans,
1264 401 1542 440 desultorium
1576 404 1620 439 et
1653 413 1746 439 san-

150 459 404 510 guinarium.
466 458 609 506 Qualis
640 458 752 497 enim
784 458 862 503 vir,
895 456 994 496 talis
1025 460 1069 496 et
1100 457 1249 495 oratio.
1311 455 1422 507 Lego
1455 455 1585 494 etiam
1617 467 1747 505 quam

150 513 279 564 impie
301 512 568 553 rethoricaris
590 515 634 551 et
656 511 829 550 ridicule
853 510 905 550 de
928 510 1024 557 fide,
1050 510 1102 549 de
1126 509 1352 561 Scripturis
1376 509 1513 560 deque
1535 509 1748 560 mysteriis

151 571 196 606 et
226 568 354 607 sacris
384 580 494 619 quae
524 566 650 606 hodie
680 566 818 617 prima
848 565 1067 611 habemus,
1100 565 1240 603 nescio
1272 577 1399 614 quem
1431 564 1666 602 maximum
1698 576 1747 601 ac

151 634 365 661 summum
393 621 515 661 nobis
542 620 841 672 pontificatum
870 623 1077 665 statuens,
1108 632 1160 657 ex
1189 618 1308 657 cuius
1337 618 1465 664 scitiS,
1496 617 1675 657 decretis
1704 621 1748 656 et
1767 620 1809 652 80

150 676 420 728 praescriptis
449 674 680 714 viuendum
709 674 832 713 nobis
862 677 939 720 est,
971 686 1101 724 quam
1131 685 1217 711 non
1247 672 1359 711 hunc
1390 671 1619 711 debeamus
1651 683 1748 710 con-

150 734 351 778 temnere,
377 734 468 769 tam
492 732 732 769 reuerenter
755 732 800 768 et
823 727 1012 779 gloriose,
1038 731 1088 766 vt
1112 726 1242 766 talem
1267 730 1312 765 et
1334 726 1502 765 illorum
1526 726 1747 765 hominum

150 797 401 836 praeconem
424 784 614 824 decebat.

202 838 304 878 Mox
326 839 528 886 animum,
551 838 626 890 qui
646 837 762 889 prius
784 836 1000 876 deciderat
1019 836 1064 874 in
1085 835 1226 887 pedes,
1250 834 1469 885 resumpsi,
1494 838 1537 873 et
1559 834 1641 873 dici
1663 847 1749 873 non

149 897 294 944 potest
320 906 451 945 quam
477 896 572 932 toto
599 896 769 944 pectore
798 891 917 942 coepi
944 890 1202 930 stomachari
1228 889 1309 928 tibi
1336 888 1452 940 quod
1479 892 1570 927 tam
1599 887 1749 939 frigide
1768 893 1807 932 85

150 947 202 986 de
235 947 514 999 Scrip<turis>
547 946 759 986 sentiebas
792 949 836 985 et
866 946 911 984 in
944 945 1281 984 aduersariorum
1315 947 1455 982 castra
1487 942 1746 994 profugeras.

150 1001 300 1053 Neque
319 1002 500 1054 amplius
519 1014 687 1041 necesse
706 1000 790 1040 fuit
809 1000 864 1039 ab
884 1000 1030 1038 amicis
1050 999 1187 1038 calcar
1205 998 1398 1049 impungi
1417 997 1534 1044 mihi,
1562 996 1635 1036 sed
1661 997 1747 1035 iam

151 1055 264 1095 zelus
300 1069 368 1096 me
403 1056 664 1108 exagitabat.
729 1054 968 1094 Persuadeo
1004 1054 1121 1100 mihi,
1160 1057 1290 1104 atque
1326 1052 1521 1091 mihimet
1557 1052 1747 1090 animum

150 1110 312 1158 haurio,
337 1123 424 1150 non
446 1123 534 1150 esse
562 1109 801 1150 timendum
834 1108 991 1148 bonam
1025 1112 1068 1147 et
1100 1120 1281 1158 aequam
1315 1119 1508 1145 caussam
1541 1105 1746 1151 habenti;

148 1177 235 1204 non
254 1177 343 1204 esse
363 1164 607 1204 habendum
627 1177 830 1216 personae
850 1166 1102 1214 respectum,
1126 1162 1198 1200 vbi
1218 1174 1305 1200 non
1323 1161 1409 1200 iam
1430 1161 1555 1199 amici
1574 1164 1746 1199 tantum
1765 1172 1811 1205 90

148 1218 401 1267 lederentur,
427 1219 501 1258 sed
524 1219 655 1258 etiam
679 1218 795 1258 Deus
815 1230 823 1256 :
863 1218 949 1256 imo
974 1217 1029 1256 ob
1053 1217 1132 1255 hoc
1157 1229 1243 1255 non
1267 1228 1355 1254 esse
1379 1215 1597 1254 ferendam
1623 1214 1747 1253 amici

148 1273 359 1320 iniuriam,
392 1274 595 1324 quoniam
627 1273 671 1312 in
703 1272 859 1312 Christi
889 1271 1165 1323 ignominiam
1197 1269 1496 1316 redundabat;
1544 1269 1747 1307 maiorem

148 1340 238 1366 esse
263 1328 469 1378 pietatem
496 1339 627 1378 quam
654 1326 955 1378 eloquentiam,
983 1329 1028 1364 et
1053 1325 1188 1364 nitere
1214 1323 1387 1375 quidem
1415 1323 1530 1374 apud
1557 1323 1748 1361 homines

147 1381 368 1432 phalerata
389 1381 533 1428 verba,
557 1380 631 1420 sed
653 1381 820 1420 vincere
841 1383 988 1419 tamen
1009 1379 1237 1418 veritatem
1259 1378 1374 1429 apud
1396 1378 1488 1428 pios
1510 1381 1554 1416 et
1576 1376 1747 1416 Christi·

148 1448 272 1475 anos:
303 1435 482 1475 subinde
501 1448 653 1487 parum
682 1447 853 1486 quoque
881 1447 970 1473 esse
1000 1433 1286 1473 Christianum
1316 1433 1351 1471 si
1380 1431 1747 1483 blasphemantem
1767 1444 1807 1476 95

148 1503 234 1529 non
261 1490 526 1542 redarguam.
596 1489 779 1541 Arrepta
807 1490 954 1540 itaque
983 1488 1133 1527 charta
1161 1487 1360 1538 subsigno
1390 1499 1500 1538 quae
1530 1486 1634 1525 mihi
1663 1485 1745 1524 dis-

179 1544 381 1584 licebant.

148 1557 177 1596 p
203 1598 423 1638 Hactenus
443 1599 495 1638 de
515 1611 664 1638 caussa
683 1611 794 1649 quae
816 1611 884 1636 me
904 1597 1138 1636 commouit
1157 1600 1207 1635 vt
1225 1595 1449 1635 scriberem
1466 1607 1474 1634 :
1510 1607 1623 1633 nunc
1647 1593 1748 1633 audi

147 1666 232 1705 quo
262 1654 393 1692 animi
421 1653 604 1692 candore
631 1652 932 1704 responderim.
989 1651 1179 1690 Tametsi
1207 1651 1319 1689 enim
1348 1663 1424 1701 pro
1454 1649 1640 1688 stultitia
1668 1648 1748 1687 hac

148 1708 368 1747 meruisses
396 1712 447 1746 vt
473 1707 595 1746 aliter
623 1708 717 1758 quis
740 1711 784 1746 te
806 1709 1027 1752 tractaret,
1052 1705 1156 1744 sicui
1179 1705 1315 1743 oratio
1339 1708 1449 1743 esset
1472 1704 1643 1753 copiosa
1665 1703 1746 1749 vel,
1771 1717 1835 1741 100

148 1767 198 1801 vt
224 1762 317 1809 tibi,
347 1762 572 1813 spongiosa
598 1762 755 1812 potius,
784 1765 829 1801 et
856 1760 995 1799 ocium
1023 1759 1188 1810 singula
1215 1757 1483 1804 discutiendi,
1512 1758 1575 1796 ita
1602 1761 1747 1796 tamen

148 1817 338 1855 animum
367 1829 509 1855 meum
538 1816 705 1855 seruaui
733 1819 783 1854 vt
811 1815 866 1854 ab
894 1814 1057 1853 inuidia
1084 1818 1128 1852 et
1156 1812 1393 1859 affectibus,
1424 1813 1482 1851 sic
1510 1812 1748 1862 temperaui

147 1884 173 1910 a
202 1871 417 1918 conuiciis,
448 1874 498 1910 vt
531 1870 636 1909 nihil
664 1882 895 1921 regererem
924 1869 1005 1907 m'si
1039 1868 1155 1919 quod
1189 1867 1322 1906 cuiuis
1357 1867 1486 1906 etiam
1522 1879 1660 1905 crasso
1695 1879 1747 1904 ex

147 1926 332 1977 Spongia
352 1929 429 1964 tua
449 1925 586 1976 colligi
606 1928 762 1975 potest,
784 1924 987 1969 oratione,
1009 1927 1060 1961 Vt
1080 1922 1211 1968 vides,
1233 1921 1555 1972 simplicissima,
1578 1933 1631 1959 ne
1651 1933 1747 1959 eum

145 1979 334 2019 libellum
355 1979 577 2030 suspiceris
598 1979 672 2030 qui
694 1982 794 2017 ante
816 1990 979 2017 menses
1001 1977 1166 2028 aliquot
1186 1980 1362 2027 paratus
1383 1976 1427 2015 in
1449 1979 1492 2014 te
1514 1975 1582 2021 sit,
1607 1973 1675 2013 vel
1696 1987 1748 2013 ne
1770 1989 1828 2021 105

146 2035 191 2073 in
215 2034 324 2073 hanc
349 2033 540 2073 fabulam
566 2033 711 2072 trahas
735 2033 995 2071 innocentes.
1049 2031 1160 2071 Sunt
1184 2030 1357 2081 quidem
1382 2030 1449 2069 hio
1475 2030 1549 2080 qui
1574 2033 1749 2079 possent

146 2089 190 2128 in
215 2092 259 2128 te
285 2088 524 2127 elaboratas
550 2088 762 2126 orationes
788 2087 980 2133 scribere,
1008 2085 1082 2125 sed
1107 2099 1157 2124 ea
1183 2089 1317 2136 agunt
1342 2097 1451 2135 quae
1478 2084 1612 2134 magis
1637 2082 1749 2134 frugi

146 2147 248 2182 sunt
267 2155 397 2193 quam
418 2146 469 2181 vt
488 2141 731 2193 eloquentia
752 2144 916 2180 certent
936 2144 1091 2180 tecum.

200 2197 328 2236 Erras
347 2197 477 2248 igitur
497 2196 721 2248 dupliciter
741 2196 776 2234 si
796 2195 851 2235 ob
872 2194 1090 2247 gloriolam
1111 2193 1352 2233 venandam
1374 2193 1453 2231 hoc
1475 2192 1659 2231 muneris
1680 2204 1747 2230 me

145 2251 323 2291 subiisse
356 2251 536 2302 posthac
570 2250 885 2290 criminaberis:
936 2249 1122 2300 primum
1156 2248 1258 2299 quia
1292 2247 1390 2287 talis
1424 2260 1510 2286 non
1545 2259 1638 2285 sum
1673 2246 1748 2296 qui
1770 2261 1831 2284 110

145 2306 303 2357 possim
319 2305 423 2344 mihi
440 2305 492 2344 de
509 2305 751 2356 eloquentia
766 2304 835 2344 vel
851 2303 1069 2343 tantillum
1085 2303 1323 2349 vendicare,
1343 2301 1494 2340 deinde
1511 2301 1545 2339 si
1563 2300 1746 2338 maxime

145 2359 371 2399 voluissem
394 2359 510 2411 quod
532 2363 739 2411 poteram,
763 2363 910 2398 tamen
932 2358 1014 2397 alio
1038 2361 1302 2410 argumento.
1354 2355 1524 2406 Alioqui
1546 2367 1656 2405 quae
1679 2367 1746 2392 me

146 2415 329 2466 agitaret
359 2414 525 2453 insania
556 2414 601 2453 in
633 2426 878 2466 quenquam
911 2412 1099 2464 gladium
1132 2412 1336 2463 stringere
1368 2411 1443 2461 qui
1475 2409 1527 2448 dc
1560 2421 1627 2447 me
1660 2420 1745 2446 non

145 2468 296 2509 fuisset
322 2472 422 2508 ante
449 2469 625 2508 meritus
652 2468 775 2516 male,
804 2471 848 2507 et
875 2467 1048 2507 alterius
1073 2466 1252 2506 infamia
1277 2465 1438 2504 famam
1466 2463 1569 2502 mihi
1597 2474 1745 2514 parare

146 2522 466 2562 immortalem?
527 2523 626 2562 Non
656 2536 750 2562 sum
782 2526 874 2561 tam
905 2534 1052 2561 excors
1083 2525 1127 2560 et
1157 2521 1246 2559 sine
1277 2519 1446 2564 iudicio,
1480 2521 1530 2556 vt
1560 2516 1745 2555 nesciam
1769 2531 1826 2563 115

145 2589 276 2628 quam
296 2576 401 2615 nihil
421 2580 523 2616 sunt
542 2577 602 2616 hii
621 2576 742 2624 fumi,
765 2589 895 2627 quam
917 2576 1003 2614 sint
1023 2575 1213 2614 omnium
1235 2572 1474 2612 stultissimi
1495 2571 1568 2622 qui
1590 2570 1645 2609 ad
1666 2569 1745 2608 hoc

144 2634 317 2670 tantum
339 2630 497 2669 sudant
517 2635 562 2670 et
582 2630 637 2670 ob
659 2631 738 2670 hoc
760 2630 991 2669 conjiciunt
1011 2630 1056 2668 in
1077 2628 1319 2668 discrimina
1340 2640 1397 2673 se,
1420 2630 1470 2664 vt
1491 2625 1745 2675 conquirant

145 2685 318 2724 nomina
338 2688 383 2723 et
402 2684 563 2723 famam
584 2684 677 2731 sibi,
700 2697 809 2735 quae
831 2684 961 2723 etiam
982 2687 1108 2734 parta
1129 2687 1220 2721 tam
1242 2681 1419 2732 disperit
1440 2681 1538 2719 cito.
1590 2679 1648 2717 Et
1669 2691 1745 2730 ego

144 2740 189 2778 in
207 2738 352 2790 primis
371 2738 645 2778 stultissimus
664 2751 797 2777 essem
816 2738 889 2789 qui
907 2751 983 2788 pro
1002 2737 1134 2788 gloria
1153 2748 1407 2775 accerserem
1425 2733 1744 2785 poenitudinem

144 2798 189 2833 et
218 2793 439 2832 infamiam
470 2793 601 2831 mihi:
649 2793 683 2830 si
713 2792 840 2831 modo
870 2791 1047 2830 infamia
1076 2795 1141 2830 est
1171 2803 1247 2841 pro
1278 2789 1520 2828 defensione
1550 2788 1744 2826 veritatis
1767 2803 1828 2826 120

145 2847 254 2887 male
281 2847 439 2887 audire.
494 2846 643 2887 Certus
668 2847 779 2885 enim
807 2859 914 2893 sum,
941 2845 985 2884 id
1011 2844 1240 2896 aliquando
1267 2843 1394 2882 facies
1420 2842 1536 2894 quod
1561 2842 1606 2881 in
1632 2841 1745 2881 calce

191 2926 243 2962 75.
268 2917 397 2950 dubiae
415 2920 470 2952 (ιβ.
584 2918 635 2961 87.
662 2917 732 2950 iam
749 2916 824 2949 add.
845 2918 877 2951 β.
1016 2924 1085 2947 100.
1112 2918 1153 2946 vt
1176 2939 1183 2945 .
1211 2939 1217 2945 .
1245 2939 1252 2947 ,
1280 2916 1505 2946 tractareta:
1531 2911 1744 2955 aliterlonge

146 2962 290 2994 tractari
302 2963 336 2996 β.
467 2971 538 2995 102.
566 2964 607 2993 vt
626 2972 644 2990 α
662 2974 669 2994 :
705 2962 732 2993 &
752 2962 785 2995 β.
926 2963 996 2993 116.
1023 2959 1072 2991 hii
1090 2971 1108 2989 α
1125 2971 1132 2990 z
1163 2959 1188 2990 ii
1206 2960 1239 2992 β.

607 3026 661 3066 76.
683 3024 925 3064 desultorium]
941 3024 993 3057 Of.
1011 3024 1077 3066 Ep.
1098 3032 1191 3064 1342.
1208 3023 1308 3055 61611.

877 3093 906 3122 B
933 3080 961 3121 b
984 3092 1007 3121 2
