<?xml version="1.0" encoding="UTF-8"?>
<!DOCTYPE html PUBLIC "-//W3C//DTD XHTML 1.0 Transitional//EN"
    "http://www.w3.org/TR/xhtml1/DTD/xhtml1-transitional.dtd">
<html xmlns="http://www.w3.org/1999/xhtml" xml:lang="en" lang="en">
 <head>
  <title>
</title>
<meta http-equiv="Content-Type" content="text/html;charset=utf-8" />
  <meta name='ocr-system' content='tesseract 3.04.00' />
  <meta name='ocr-capabilities' content='ocr_page ocr_carea ocr_par ocr_line ocrx_word'/>
</head>
<body>
  <div class='ocr_page' id='page_1' title='image "./opusepistolarum05eras_0227.png"; bbox 0 0 2012 3370; ppageno 0'>
   <div class='ocr_carea' id='block_1_1' title="bbox 149 122 1739 183">
    <p class='ocr_par' dir='ltr' id='par_1_1' title="bbox 149 122 1739 183">
     <span class='ocr_line' id='line_1_1' title="bbox 149 122 1739 183; baseline -0.007 -11"><span class='ocrx_word' id='word_1_1' title='bbox 149 132 272 183; x_wconf 79' lang='lat'>1338]</span> <span class='ocrx_word' id='word_1_2' title='bbox 687 127 847 168; x_wconf 81' lang='lat' dir='ltr'><strong>FROM</strong></span> <span class='ocrx_word' id='word_1_3' title='bbox 875 125 1102 165; x_wconf 80' lang='lat' dir='ltr'><strong>ADRIAN</strong></span> <span class='ocrx_word' id='word_1_4' title='bbox 1131 123 1191 163; x_wconf 88' lang='lat' dir='ltr'>VI</span> <span class='ocrx_word' id='word_1_5' title='bbox 1665 122 1739 161; x_wconf 89' lang='lat'>197</span> 
     </span>
    </p>
   </div>
   <div class='ocr_carea' id='block_1_2' title="bbox 134 233 1804 2790">
    <p class='ocr_par' dir='ltr' id='par_1_2' title="bbox 143 233 1804 1202">
     <span class='ocr_line' id='line_1_2' title="bbox 148 233 1779 293; baseline -0.007 -11"><span class='ocrx_word' id='word_1_6' title='bbox 148 245 371 293; x_wconf 88' lang='lat' dir='ltr'>propterea</span> <span class='ocrx_word' id='word_1_7' title='bbox 392 239 507 292; x_wconf 92' lang='lat' dir='ltr'>quod</span> <span class='ocrx_word' id='word_1_8' title='bbox 526 237 716 278; x_wconf 89' lang='lat' dir='ltr'>nondum</span> <span class='ocrx_word' id='word_1_9' title='bbox 737 237 890 276; x_wconf 87' lang='lat' dir='ltr'>certior</span> <span class='ocrx_word' id='word_1_10' title='bbox 908 236 1050 275; x_wconf 82' lang='lat' dir='ltr'>factus</span> <span class='ocrx_word' id='word_1_11' title='bbox 1069 248 1179 275; x_wconf 86' lang='lat' dir='ltr'>esses</span> <span class='ocrx_word' id='word_1_12' title='bbox 1199 248 1256 274; x_wconf 88' lang='lat' dir='ltr'>an</span> <span class='ocrx_word' id='word_1_13' title='bbox 1275 234 1390 287; x_wconf 91' lang='lat' dir='ltr'>quod</span> <span class='ocrx_word' id='word_1_14' title='bbox 1411 233 1546 286; x_wconf 88' lang='lat' dir='ltr'>primo</span> <span class='ocrx_word' id='word_1_15' title='bbox 1568 234 1740 272; x_wconf 86' lang='lat' dir='ltr'>miseras</span> <span class='ocrx_word' id='word_1_16' title='bbox 1761 243 1779 278; x_wconf 81' lang='grc'><strong><em>5</em></strong></span> 
     </span>
     <span class='ocr_line' id='line_1_3' title="bbox 148 288 1741 343; baseline -0.006 -8"><span class='ocrx_word' id='word_1_17' title='bbox 148 295 204 334; x_wconf 88' lang='lat' dir='ltr'>ad</span> <span class='ocrx_word' id='word_1_18' title='bbox 223 308 374 334; x_wconf 88' lang='lat' dir='ltr'>manus</span> <span class='ocrx_word' id='word_1_19' title='bbox 392 298 558 334; x_wconf 88' lang='lat' dir='ltr'>nostras</span> <span class='ocrx_word' id='word_1_20' title='bbox 577 292 850 343; x_wconf 88' lang='lat' dir='ltr'>peruenisset.</span> <span class='ocrx_word' id='word_1_21' title='bbox 900 290 1061 338; x_wconf 81' lang='lat' dir='ltr'>Quibus</span> <span class='ocrx_word' id='word_1_22' title='bbox 1081 289 1248 329; x_wconf 92' lang='lat' dir='ltr'>duabus</span> <span class='ocrx_word' id='word_1_23' title='bbox 1266 289 1392 328; x_wconf 89' lang='lat' dir='ltr'>rebus</span> <span class='ocrx_word' id='word_1_24' title='bbox 1411 301 1508 327; x_wconf 89' lang='lat' dir='ltr'>vere</span> <span class='ocrx_word' id='word_1_25' title='bbox 1527 300 1580 327; x_wconf 86' lang='lat' dir='ltr'>ex</span> <span class='ocrx_word' id='word_1_26' title='bbox 1599 288 1741 326; x_wconf 91' lang='lat' dir='ltr'>animo</span> 
     </span>
     <span class='ocr_line' id='line_1_4' title="bbox 147 341 1742 401; baseline -0.006 -12"><span class='ocrx_word' id='word_1_27' title='bbox 147 353 192 389; x_wconf 91' lang='lat' dir='ltr'>et</span> <span class='ocrx_word' id='word_1_28' title='bbox 212 350 307 401; x_wconf 91' lang='lat' dir='ltr'>plus</span> <span class='ocrx_word' id='word_1_29' title='bbox 327 362 457 401; x_wconf 91' lang='lat' dir='ltr'>quam</span> <span class='ocrx_word' id='word_1_30' title='bbox 477 347 589 387; x_wconf 91' lang='lat' dir='ltr'>credi</span> <span class='ocrx_word' id='word_1_31' title='bbox 609 345 731 384; x_wconf 83' lang='lat' dir='ltr'>facile</span> <span class='ocrx_word' id='word_1_32' title='bbox 752 349 896 397; x_wconf 90' lang='lat' dir='ltr'>queat,</span> <span class='ocrx_word' id='word_1_33' title='bbox 917 346 963 384; x_wconf 90' lang='lat' dir='ltr'>in</span> <span class='ocrx_word' id='word_1_34' title='bbox 983 345 1167 384; x_wconf 89' lang='lat' dir='ltr'>Domino</span> <span class='ocrx_word' id='word_1_35' title='bbox 1187 344 1337 383; x_wconf 89' lang='lat' dir='ltr'>laetati</span> <span class='ocrx_word' id='word_1_36' title='bbox 1357 355 1516 382; x_wconf 85' lang='lat' dir='ltr'>sumus.</span> <span class='ocrx_word' id='word_1_37' title='bbox 1565 341 1677 381; x_wconf 90' lang='lat' dir='ltr'>Nam</span> <span class='ocrx_word' id='word_1_38' title='bbox 1698 344 1742 380; x_wconf 84' lang='lat' dir='ltr'>et</span> 
     </span>
     <span class='ocr_line' id='line_1_5' title="bbox 148 395 1742 455; baseline -0.006 -12"><span class='ocrx_word' id='word_1_39' title='bbox 148 417 302 442; x_wconf 90' lang='lat' dir='ltr'>munus</span> <span class='ocrx_word' id='word_1_40' title='bbox 332 404 472 455; x_wconf 90' lang='lat' dir='ltr'>ipsum</span> <span class='ocrx_word' id='word_1_41' title='bbox 503 401 589 441; x_wconf 86' lang='lat' dir='ltr'>tale</span> <span class='ocrx_word' id='word_1_42' title='bbox 621 404 686 440; x_wconf 88' lang='lat' dir='ltr'>est</span> <span class='ocrx_word' id='word_1_43' title='bbox 717 403 1033 451; x_wconf 86' lang='lat' dir='ltr'>vt—quantum</span> <span class='ocrx_word' id='word_1_44' title='bbox 1065 412 1118 438; x_wconf 86' lang='lat' dir='ltr'>ex</span> <span class='ocrx_word' id='word_1_45' title='bbox 1149 398 1275 449; x_wconf 89' lang='lat' dir='ltr'>longa</span> <span class='ocrx_word' id='word_1_46' title='bbox 1306 396 1486 449; x_wconf 89' lang='lat' dir='ltr'>epistola</span> <span class='ocrx_word' id='word_1_47' title='bbox 1517 400 1594 436; x_wconf 90' lang='lat' dir='ltr'>tua</span> <span class='ocrx_word' id='word_1_48' title='bbox 1625 395 1742 447; x_wconf 87' lang='lat' dir='ltr'>operi</span> 
     </span>
     <span class='ocr_line' id='line_1_6' title="bbox 147 451 1740 509; baseline -0.006 -11"><span class='ocrx_word' id='word_1_49' title='bbox 147 459 407 509; x_wconf 86' lang='lat' dir='ltr'>praescripta</span> <span class='ocrx_word' id='word_1_50' title='bbox 424 455 603 502; x_wconf 89' lang='lat' dir='ltr'>credere,</span> <span class='ocrx_word' id='word_1_51' title='bbox 622 459 666 493; x_wconf 92' lang='lat' dir='ltr'>et</span> <span class='ocrx_word' id='word_1_52' title='bbox 683 467 736 493; x_wconf 86' lang='lat' dir='ltr'>ex</span> <span class='ocrx_word' id='word_1_53' title='bbox 753 455 900 505; x_wconf 85' lang='lat' dir='ltr'>paucis</span> <span class='ocrx_word' id='word_1_54' title='bbox 916 466 1025 505; x_wconf 92' lang='lat' dir='ltr'>quae</span> <span class='ocrx_word' id='word_1_55' title='bbox 1043 453 1249 492; x_wconf 90' lang='lat' dir='ltr'>hactenus</span> <span class='ocrx_word' id='word_1_56' title='bbox 1267 465 1340 503; x_wconf 87' lang='lat' dir='ltr'>per</span> <span class='ocrx_word' id='word_1_57' title='bbox 1357 451 1546 490; x_wconf 88' lang='lat' dir='ltr'>diuersas</span> <span class='ocrx_word' id='word_1_58' title='bbox 1563 462 1740 501; x_wconf 83' lang='lat' dir='ltr'>occupa-</span> 
     </span>
     <span class='ocr_line' id='line_1_7' title="bbox 146 504 1804 562; baseline -0.006 -10"><span class='ocrx_word' id='word_1_59' title='bbox 146 514 282 552; x_wconf 79' lang='lat' dir='ltr'><strong>tiones</strong></span> <span class='ocrx_word' id='word_1_60' title='bbox 300 513 345 551; x_wconf 90' lang='lat' dir='ltr'>in</span> <span class='ocrx_word' id='word_1_61' title='bbox 361 511 432 550; x_wconf 86' lang='lat' dir='ltr'>illo</span> <span class='ocrx_word' id='word_1_62' title='bbox 449 510 583 562; x_wconf 81' lang='lat' dir='ltr'>legere</span> <span class='ocrx_word' id='word_1_63' title='bbox 601 509 831 560; x_wconf 90' lang='lat' dir='ltr'>potuimus,</span> <span class='ocrx_word' id='word_1_64' title='bbox 852 507 1019 547; x_wconf 90' lang='lat' dir='ltr'>odorari</span> <span class='ocrx_word' id='word_1_65' title='bbox 1036 506 1258 546; x_wconf 88' lang='lat' dir='ltr'>licet—vel</span> <span class='ocrx_word' id='word_1_66' title='bbox 1276 519 1349 557; x_wconf 90' lang='lat' dir='ltr'>per</span> <span class='ocrx_word' id='word_1_67' title='bbox 1366 507 1564 557; x_wconf 90' lang='lat' dir='ltr'>seipsum,</span> <span class='ocrx_word' id='word_1_68' title='bbox 1584 504 1741 543; x_wconf 91' lang='lat' dir='ltr'>nedum</span> <span class='ocrx_word' id='word_1_69' title='bbox 1763 513 1804 538; x_wconf 90' lang='lat'>10</span> 
     </span>
     <span class='ocr_line' id='line_1_8' title="bbox 146 558 1741 617; baseline -0.005 -12"><span class='ocrx_word' id='word_1_70' title='bbox 146 580 199 605; x_wconf 87' lang='lat' dir='ltr'>ex</span> <span class='ocrx_word' id='word_1_71' title='bbox 232 579 281 605; x_wconf 89' lang='lat' dir='ltr'>eo</span> <span class='ocrx_word' id='word_1_72' title='bbox 314 565 430 617; x_wconf 91' lang='lat' dir='ltr'>quod</span> <span class='ocrx_word' id='word_1_73' title='bbox 463 564 539 603; x_wconf 84' lang='lat' dir='ltr'>abs</span> <span class='ocrx_word' id='word_1_74' title='bbox 572 568 615 602; x_wconf 88' lang='lat' dir='ltr'>te</span> <span class='ocrx_word' id='word_1_75' title='bbox 648 562 878 614; x_wconf 88' lang='lat' dir='ltr'>probatum</span> <span class='ocrx_word' id='word_1_76' title='bbox 911 566 956 601; x_wconf 91' lang='lat' dir='ltr'>et</span> <span class='ocrx_word' id='word_1_77' title='bbox 988 561 1179 601; x_wconf 89' lang='lat' dir='ltr'>aeditum</span> <span class='ocrx_word' id='word_1_78' title='bbox 1212 562 1281 607; x_wconf 89' lang='lat' dir='ltr'>sit,</span> <span class='ocrx_word' id='word_1_79' title='bbox 1317 572 1571 611; x_wconf 81' lang='lat' dir='ltr'>magnopere</span> <span class='ocrx_word' id='word_1_80' title='bbox 1603 558 1741 598; x_wconf 90' lang='lat' dir='ltr'>doctis</span> 
     </span>
     <span class='ocr_line' id='line_1_9' title="bbox 146 612 1739 671; baseline -0.005 -12"><span class='ocrx_word' id='word_1_81' title='bbox 146 620 343 659; x_wconf 88' lang='lat' dir='ltr'>omnibus</span> <span class='ocrx_word' id='word_1_82' title='bbox 363 619 526 671; x_wconf 87' lang='lat' dir='ltr'>placere</span> <span class='ocrx_word' id='word_1_83' title='bbox 547 618 726 663; x_wconf 87' lang='lat' dir='ltr'>debeat;</span> <span class='ocrx_word' id='word_1_84' title='bbox 764 621 808 655; x_wconf 91' lang='lat' dir='ltr'>et</span> <span class='ocrx_word' id='word_1_85' title='bbox 827 617 974 655; x_wconf 87' lang='lat' dir='ltr'>literae</span> <span class='ocrx_word' id='word_1_86' title='bbox 994 617 1110 667; x_wconf 83' lang='lat' dir='ltr'>ipsae</span> <span class='ocrx_word' id='word_1_87' title='bbox 1131 618 1301 654; x_wconf 90' lang='lat' dir='ltr'>tantam</span> <span class='ocrx_word' id='word_1_88' title='bbox 1323 615 1452 653; x_wconf 89' lang='lat' dir='ltr'>animi</span> <span class='ocrx_word' id='word_1_89' title='bbox 1473 614 1538 653; x_wconf 88' lang='lat' dir='ltr'>tui</span> <span class='ocrx_word' id='word_1_90' title='bbox 1559 612 1739 665; x_wconf 89' lang='lat' dir='ltr'>synceri-</span> 
     </span>
     <span class='ocr_line' id='line_1_10' title="bbox 146 667 1740 724; baseline -0.006 -10"><span class='ocrx_word' id='word_1_91' title='bbox 146 679 295 721; x_wconf 89' lang='lat' dir='ltr'>tatem,</span> <span class='ocrx_word' id='word_1_92' title='bbox 322 674 577 724; x_wconf 85' lang='lat' dir='ltr'>religionem,</span> <span class='ocrx_word' id='word_1_93' title='bbox 599 671 735 711; x_wconf 88' lang='lat' dir='ltr'>zelum</span> <span class='ocrx_word' id='word_1_94' title='bbox 760 671 852 717; x_wconf 90' lang='lat' dir='ltr'>Dei,</span> <span class='ocrx_word' id='word_1_95' title='bbox 873 671 1094 722; x_wconf 88' lang='lat' dir='ltr'>pietatem,</span> <span class='ocrx_word' id='word_1_96' title='bbox 1116 682 1298 721; x_wconf 85' lang='lat' dir='ltr'>ergaque</span> <span class='ocrx_word' id='word_1_97' title='bbox 1322 681 1400 707; x_wconf 89' lang='lat' dir='ltr'>nos</span> <span class='ocrx_word' id='word_1_98' title='bbox 1420 672 1464 707; x_wconf 88' lang='lat' dir='ltr'>et</span> <span class='ocrx_word' id='word_1_99' title='bbox 1488 668 1598 707; x_wconf 92' lang='lat' dir='ltr'>hanc</span> <span class='ocrx_word' id='word_1_100' title='bbox 1624 667 1740 706; x_wconf 90' lang='lat' dir='ltr'>beati</span> 
     </span>
     <span class='ocr_line' id='line_1_11' title="bbox 146 722 1741 774; baseline -0.006 -6"><span class='ocrx_word' id='word_1_101' title='bbox 146 728 260 767; x_wconf 89' lang='lat' dir='ltr'>Petri</span> <span class='ocrx_word' id='word_1_102' title='bbox 284 728 425 767; x_wconf 89' lang='lat' dir='ltr'>sedem</span> <span class='ocrx_word' id='word_1_103' title='bbox 449 727 720 766; x_wconf 90' lang='lat' dir='ltr'>deuotionem</span> <span class='ocrx_word' id='word_1_104' title='bbox 744 729 788 765; x_wconf 89' lang='lat' dir='ltr'>et</span> <span class='ocrx_word' id='word_1_105' title='bbox 811 724 1127 764; x_wconf 88' lang='lat' dir='ltr'>obseruantiam</span> <span class='ocrx_word' id='word_1_106' title='bbox 1151 736 1251 774; x_wconf 89' lang='lat' dir='ltr'>prae</span> <span class='ocrx_word' id='word_1_107' title='bbox 1275 735 1318 761; x_wconf 90' lang='lat' dir='ltr'>se</span> <span class='ocrx_word' id='word_1_108' title='bbox 1342 722 1498 769; x_wconf 84' lang='lat' dir='ltr'>ferunt,</span> <span class='ocrx_word' id='word_1_109' title='bbox 1524 725 1574 761; x_wconf 84' lang='lat' dir='ltr'>vt</span> <span class='ocrx_word' id='word_1_110' title='bbox 1596 722 1632 760; x_wconf 92' lang='lat' dir='ltr'>si</span> <span class='ocrx_word' id='word_1_111' title='bbox 1655 734 1741 772; x_wconf 89' lang='lat' dir='ltr'>qua</span> 
     </span>
     <span class='ocr_line' id='line_1_12' title="bbox 146 775 1796 833; baseline -0.005 -11"><span class='ocrx_word' id='word_1_112' title='bbox 146 795 335 833; x_wconf 82' lang='lat' dir='ltr'>vnquam</span> <span class='ocrx_word' id='word_1_113' title='bbox 360 795 412 821; x_wconf 90' lang='lat' dir='ltr'>ex</span> <span class='ocrx_word' id='word_1_114' title='bbox 441 782 581 820; x_wconf 89' lang='lat' dir='ltr'>minus</span> <span class='ocrx_word' id='word_1_115' title='bbox 606 781 752 819; x_wconf 85' lang='lat' dir='ltr'>amicis</span> <span class='ocrx_word' id='word_1_116' title='bbox 780 779 832 819; x_wconf 94' lang='lat' dir='ltr'>de</span> <span class='ocrx_word' id='word_1_117' title='bbox 861 783 904 818; x_wconf 88' lang='lat' dir='ltr'>te</span> <span class='ocrx_word' id='word_1_118' title='bbox 933 777 1231 825; x_wconf 86' lang='lat' dir='ltr'>delationibus,</span> <span class='ocrx_word' id='word_1_119' title='bbox 1261 776 1408 828; x_wconf 91' lang='lat' dir='ltr'>quales</span> <span class='ocrx_word' id='word_1_120' title='bbox 1436 775 1739 815; x_wconf 75' lang='lat' dir='ltr'>excellentibus</span> <span class='ocrx_word' id='word_1_121' title='bbox 1760 785 1796 819; x_wconf 84' lang='lat'>15</span> 
     </span>
     <span class='ocr_line' id='line_1_13' title="bbox 144 830 1740 887; baseline -0.005 -11"><span class='ocrx_word' id='word_1_122' title='bbox 144 838 245 876; x_wconf 88' lang='lat' dir='ltr'>viris</span> <span class='ocrx_word' id='word_1_123' title='bbox 272 848 492 887; x_wconf 90' lang='lat' dir='ltr'>nunquam</span> <span class='ocrx_word' id='word_1_124' title='bbox 521 835 663 874; x_wconf 80' lang='lat' dir='ltr'>deesse</span> <span class='ocrx_word' id='word_1_125' title='bbox 682 834 832 880; x_wconf 91' lang='lat' dir='ltr'>solent,</span> <span class='ocrx_word' id='word_1_126' title='bbox 859 833 1040 885; x_wconf 89' lang='lat' dir='ltr'>irrepere</span> <span class='ocrx_word' id='word_1_127' title='bbox 1067 833 1278 884; x_wconf 89' lang='lat' dir='ltr'>potuisset</span> <span class='ocrx_word' id='word_1_128' title='bbox 1306 832 1448 870; x_wconf 89' lang='lat' dir='ltr'>animo</span> <span class='ocrx_word' id='word_1_129' title='bbox 1468 834 1614 869; x_wconf 91' lang='lat' dir='ltr'>nostro</span> <span class='ocrx_word' id='word_1_130' title='bbox 1642 830 1740 869; x_wconf 88' lang='lat' dir='ltr'>sini-</span> 
     </span>
     <span class='ocr_line' id='line_1_14' title="bbox 143 884 1740 941; baseline -0.005 -11"><span class='ocrx_word' id='word_1_131' title='bbox 143 892 292 931; x_wconf 87' lang='lat' dir='ltr'>sterior</span> <span class='ocrx_word' id='word_1_132' title='bbox 321 891 372 930; x_wconf 92' lang='lat' dir='ltr'>de</span> <span class='ocrx_word' id='word_1_133' title='bbox 402 894 479 930; x_wconf 89' lang='lat' dir='ltr'>tua</span> <span class='ocrx_word' id='word_1_134' title='bbox 506 890 751 941; x_wconf 86' lang='lat' dir='ltr'>integritate</span> <span class='ocrx_word' id='word_1_135' title='bbox 771 888 965 939; x_wconf 90' lang='lat' dir='ltr'>suspicio,</span> <span class='ocrx_word' id='word_1_136' title='bbox 987 900 1081 926; x_wconf 91' lang='lat' dir='ltr'>eam</span> <span class='ocrx_word' id='word_1_137' title='bbox 1110 899 1279 926; x_wconf 90' lang='lat' dir='ltr'>omnem</span> <span class='ocrx_word' id='word_1_138' title='bbox 1304 885 1384 924; x_wconf 90' lang='lat' dir='ltr'>hae</span> <span class='ocrx_word' id='word_1_139' title='bbox 1403 885 1550 924; x_wconf 89' lang='lat' dir='ltr'>literae</span> <span class='ocrx_word' id='word_1_140' title='bbox 1570 884 1740 936; x_wconf 88' lang='lat' dir='ltr'>penitus</span> 
     </span>
     <span class='ocr_line' id='line_1_15' title="bbox 143 939 1740 994; baseline -0.006 -9"><span class='ocrx_word' id='word_1_141' title='bbox 143 945 412 985; x_wconf 69' lang='lat' dir='ltr'>sustulissent</span> <span class='ocrx_word' id='word_1_142' title='bbox 431 957 439 984; x_wconf 75' lang='grc' dir='ltr'>ε</span> <span class='ocrx_word' id='word_1_143' title='bbox 470 945 725 994; x_wconf 79' lang='lat' dir='ltr'>omninoque</span> <span class='ocrx_word' id='word_1_144' title='bbox 746 942 891 982; x_wconf 86' lang='lat' dir='ltr'>credas</span> <span class='ocrx_word' id='word_1_145' title='bbox 910 955 964 982; x_wconf 86' lang='lat' dir='ltr'>ex</span> <span class='ocrx_word' id='word_1_146' title='bbox 982 941 1063 981; x_wconf 86' lang='lat' dir='ltr'>illis</span> <span class='ocrx_word' id='word_1_147' title='bbox 1089 941 1144 980; x_wconf 90' lang='lat' dir='ltr'>ad</span> <span class='ocrx_word' id='word_1_148' title='bbox 1163 953 1258 981; x_wconf 89' lang='lat' dir='ltr'>eam</span> <span class='ocrx_word' id='word_1_149' title='bbox 1278 939 1632 986; x_wconf 88' lang='lat' dir='ltr'>beneuolentiam,</span> <span class='ocrx_word' id='word_1_150' title='bbox 1654 951 1740 989; x_wconf 89' lang='lat' dir='ltr'>qua</span> 
     </span>
     <span class='ocr_line' id='line_1_16' title="bbox 143 994 1738 1050; baseline -0.005 -11"><span class='ocrx_word' id='word_1_151' title='bbox 143 1004 200 1047; x_wconf 89' lang='lat' dir='ltr'>te,</span> <span class='ocrx_word' id='word_1_152' title='bbox 237 1004 332 1039; x_wconf 92' lang='lat' dir='ltr'>tum</span> <span class='ocrx_word' id='word_1_153' title='bbox 369 999 424 1038; x_wconf 94' lang='lat' dir='ltr'>ob</span> <span class='ocrx_word' id='word_1_154' title='bbox 461 999 625 1050; x_wconf 90' lang='lat' dir='ltr'>patriae</span> <span class='ocrx_word' id='word_1_155' title='bbox 663 997 986 1048; x_wconf 89' lang='lat' dir='ltr'>studiorumque</span> <span class='ocrx_word' id='word_1_156' title='bbox 1024 1000 1068 1035; x_wconf 92' lang='lat' dir='ltr'>et</span> <span class='ocrx_word' id='word_1_157' title='bbox 1100 996 1216 1035; x_wconf 87' lang='lat' dir='ltr'>vitae</span> <span class='ocrx_word' id='word_1_158' title='bbox 1254 994 1609 1040; x_wconf 82' lang='lat' dir='ltr'>communionem,</span> <span class='ocrx_word' id='word_1_159' title='bbox 1643 997 1738 1032; x_wconf 91' lang='lat' dir='ltr'>tum</span> 
     </span>
     <span class='ocr_line' id='line_1_17' title="bbox 143 1048 1800 1105; baseline -0.005 -12"><span class='ocrx_word' id='word_1_160' title='bbox 143 1054 199 1093; x_wconf 92' lang='lat' dir='ltr'>ob</span> <span class='ocrx_word' id='word_1_161' title='bbox 229 1053 483 1105; x_wconf 71' lang='lat' dir='ltr'>multiplices</span> <span class='ocrx_word' id='word_1_162' title='bbox 509 1053 665 1104; x_wconf 88' lang='lat' dir='ltr'>ingenii</span> <span class='ocrx_word' id='word_1_163' title='bbox 699 1056 744 1091; x_wconf 93' lang='lat' dir='ltr'>et</span> <span class='ocrx_word' id='word_1_164' title='bbox 777 1055 956 1091; x_wconf 88' lang='lat' dir='ltr'>naturae</span> <span class='ocrx_word' id='word_1_165' title='bbox 991 1050 1125 1098; x_wconf 88' lang='lat' dir='ltr'>dotes,</span> <span class='ocrx_word' id='word_1_166' title='bbox 1162 1063 1270 1101; x_wconf 90' lang='lat' dir='ltr'>quas</span> <span class='ocrx_word' id='word_1_167' title='bbox 1305 1049 1513 1088; x_wconf 90' lang='lat' dir='ltr'>bonorum</span> <span class='ocrx_word' id='word_1_168' title='bbox 1548 1048 1739 1087; x_wconf 90' lang='lat' dir='ltr'>omnium</span> <span class='ocrx_word' id='word_1_169' title='bbox 1757 1057 1800 1081; x_wconf 90' lang='lat'>20</span> 
     </span>
     <span class='ocr_line' id='line_1_18' title="bbox 143 1101 1739 1159; baseline -0.004 -12"><span class='ocrx_word' id='word_1_170' title='bbox 143 1108 316 1159; x_wconf 88' lang='lat' dir='ltr'>largitor</span> <span class='ocrx_word' id='word_1_171' title='bbox 330 1109 373 1147; x_wconf 92' lang='lat' dir='ltr'>in</span> <span class='ocrx_word' id='word_1_172' title='bbox 393 1112 437 1147; x_wconf 91' lang='lat' dir='ltr'>te</span> <span class='ocrx_word' id='word_1_173' title='bbox 453 1107 689 1154; x_wconf 82' lang='lat' dir='ltr'>collocauit,</span> <span class='ocrx_word' id='word_1_174' title='bbox 707 1119 870 1158; x_wconf 86' lang='lat' dir='ltr'>semper</span> <span class='ocrx_word' id='word_1_175' title='bbox 882 1118 1029 1145; x_wconf 91' lang='lat' dir='ltr'>sumus</span> <span class='ocrx_word' id='word_1_176' title='bbox 1042 1104 1304 1157; x_wconf 74' lang='lat' dir='ltr'>prosequuti,</span> <span class='ocrx_word' id='word_1_177' title='bbox 1321 1104 1556 1142; x_wconf 88' lang='lat' dir='ltr'>maximum</span> <span class='ocrx_word' id='word_1_178' title='bbox 1571 1101 1739 1154; x_wconf 89' lang='lat' dir='ltr'>pondus</span> 
     </span>
     <span class='ocr_line' id='line_1_19' title="bbox 143 1175 377 1202; baseline 0 -1"><span class='ocrx_word' id='word_1_179' title='bbox 143 1175 377 1202; x_wconf 85' lang='grc'>3000331330.</span> 
     </span>
    </p>

    <p class='ocr_par' dir='ltr' id='par_1_3' title="bbox 138 1210 1799 2180">
     <span class='ocr_line' id='line_1_20' title="bbox 196 1210 1736 1268; baseline -0.004 -13"><span class='ocrx_word' id='word_1_180' title='bbox 196 1217 469 1268; x_wconf 87' lang='lat' dir='ltr'>Summopere</span> <span class='ocrx_word' id='word_1_181' title='bbox 494 1229 594 1255; x_wconf 85' lang='lat' dir='ltr'>vero</span> <span class='ocrx_word' id='word_1_182' title='bbox 618 1216 662 1254; x_wconf 94' lang='lat' dir='ltr'>in</span> <span class='ocrx_word' id='word_1_183' title='bbox 684 1215 766 1254; x_wconf 88' lang='lat' dir='ltr'>illis</span> <span class='ocrx_word' id='word_1_184' title='bbox 787 1218 957 1266; x_wconf 87' lang='lat' dir='ltr'>gratum</span> <span class='ocrx_word' id='word_1_185' title='bbox 981 1214 1065 1253; x_wconf 80' lang='lat' dir='ltr'>fuit</span> <span class='ocrx_word' id='word_1_186' title='bbox 1089 1213 1204 1265; x_wconf 89' lang='lat' dir='ltr'>quod</span> <span class='ocrx_word' id='word_1_187' title='bbox 1228 1213 1350 1252; x_wconf 91' lang='lat' dir='ltr'>nobis</span> <span class='ocrx_word' id='word_1_188' title='bbox 1373 1211 1594 1252; x_wconf 89' lang='lat' dir='ltr'>consilium</span> <span class='ocrx_word' id='word_1_189' title='bbox 1619 1210 1736 1263; x_wconf 84' lang='lat' dir='ltr'>polli-</span> 
     </span>
     <span class='ocr_line' id='line_1_21' title="bbox 141 1265 1735 1321; baseline -0.004 -11"><span class='ocrx_word' id='word_1_190' title='bbox 141 1271 271 1310; x_wconf 89' lang='lat' dir='ltr'>cearis</span> <span class='ocrx_word' id='word_1_191' title='bbox 291 1275 429 1317; x_wconf 88' lang='lat' dir='ltr'>tuum,</span> <span class='ocrx_word' id='word_1_192' title='bbox 451 1283 536 1321; x_wconf 94' lang='lat' dir='ltr'>quo</span> <span class='ocrx_word' id='word_1_193' title='bbox 556 1274 798 1321; x_wconf 87' lang='lat' dir='ltr'>temporum</span> <span class='ocrx_word' id='word_1_194' title='bbox 816 1270 997 1308; x_wconf 90' lang='lat' dir='ltr'>istorum</span> <span class='ocrx_word' id='word_1_195' title='bbox 1016 1268 1281 1308; x_wconf 85' lang='lat' dir='ltr'>turbulentia</span> <span class='ocrx_word' id='word_1_196' title='bbox 1300 1271 1430 1318; x_wconf 86' lang='lat' dir='ltr'>atque</span> <span class='ocrx_word' id='word_1_197' title='bbox 1452 1265 1642 1305; x_wconf 79' lang='lat' dir='ltr'>confusio</span> <span class='ocrx_word' id='word_1_198' title='bbox 1663 1265 1735 1311; x_wconf 89' lang='lat' dir='ltr'>sic,</span> 
     </span>
     <span class='ocr_line' id='line_1_22' title="bbox 141 1319 1795 1376; baseline -0.004 -12"><span class='ocrx_word' id='word_1_199' title='bbox 141 1329 191 1364; x_wconf 86' lang='lat' dir='ltr'>vt</span> <span class='ocrx_word' id='word_1_200' title='bbox 215 1326 289 1372; x_wconf 84' lang='lat' dir='ltr'>ais,</span> <span class='ocrx_word' id='word_1_201' title='bbox 317 1325 508 1376; x_wconf 83' lang='lat' dir='ltr'>extingui</span> <span class='ocrx_word' id='word_1_202' title='bbox 532 1325 667 1376; x_wconf 86' lang='lat' dir='ltr'>possit</span> <span class='ocrx_word' id='word_1_203' title='bbox 691 1327 741 1362; x_wconf 88' lang='lat' dir='ltr'>vt</span> <span class='ocrx_word' id='word_1_204' title='bbox 765 1336 853 1362; x_wconf 90' lang='lat' dir='ltr'>non</span> <span class='ocrx_word' id='word_1_205' title='bbox 876 1323 998 1362; x_wconf 83' lang='lat' dir='ltr'>facile</span> <span class='ocrx_word' id='word_1_206' title='bbox 1023 1321 1262 1374; x_wconf 86' lang='lat' dir='ltr'>repullulet.</span> <span class='ocrx_word' id='word_1_207' title='bbox 1315 1321 1458 1372; x_wconf 87' lang='lat' dir='ltr'>Teque</span> <span class='ocrx_word' id='word_1_208' title='bbox 1482 1321 1528 1359; x_wconf 90' lang='lat' dir='ltr'>in</span> <span class='ocrx_word' id='word_1_209' title='bbox 1552 1319 1737 1358; x_wconf 91' lang='lat' dir='ltr'>Domino</span> <span class='ocrx_word' id='word_1_210' title='bbox 1755 1331 1795 1365; x_wconf 83' lang='lat'>25</span> 
     </span>
     <span class='ocr_line' id='line_1_23' title="bbox 141 1373 1735 1430; baseline -0.005 -11"><span class='ocrx_word' id='word_1_211' title='bbox 141 1379 374 1426; x_wconf 90' lang='lat' dir='ltr'>hortamur,</span> <span class='ocrx_word' id='word_1_212' title='bbox 396 1383 440 1418; x_wconf 91' lang='lat' dir='ltr'>et</span> <span class='ocrx_word' id='word_1_213' title='bbox 460 1392 590 1430; x_wconf 89' lang='lat' dir='ltr'>quam</span> <span class='ocrx_word' id='word_1_214' title='bbox 612 1379 795 1417; x_wconf 84' lang='lat' dir='ltr'>maxime</span> <span class='ocrx_word' id='word_1_215' title='bbox 816 1390 1040 1429; x_wconf 91' lang='lat' dir='ltr'>possumus</span> <span class='ocrx_word' id='word_1_216' title='bbox 1060 1377 1167 1415; x_wconf 89' lang='lat' dir='ltr'>serio</span> <span class='ocrx_word' id='word_1_217' title='bbox 1187 1379 1232 1415; x_wconf 92' lang='lat' dir='ltr'>et</span> <span class='ocrx_word' id='word_1_218' title='bbox 1250 1376 1296 1414; x_wconf 88' lang='lat' dir='ltr'>in</span> <span class='ocrx_word' id='word_1_219' title='bbox 1316 1374 1582 1414; x_wconf 88' lang='lat' dir='ltr'>abundantia</span> <span class='ocrx_word' id='word_1_220' title='bbox 1603 1373 1735 1413; x_wconf 88' lang='lat' dir='ltr'>chari·</span> 
     </span>
     <span class='ocr_line' id='line_1_24' title="bbox 140 1427 1735 1485; baseline -0.004 -12"><span class='ocrx_word' id='word_1_221' title='bbox 140 1434 244 1473; x_wconf 87' lang='lat' dir='ltr'>tatis</span> <span class='ocrx_word' id='word_1_222' title='bbox 260 1433 524 1485; x_wconf 82' lang='lat' dir='ltr'>requirimus,</span> <span class='ocrx_word' id='word_1_223' title='bbox 544 1437 596 1472; x_wconf 87' lang='lat' dir='ltr'>vt</span> <span class='ocrx_word' id='word_1_224' title='bbox 612 1436 823 1483; x_wconf 90' lang='lat' dir='ltr'>quantum</span> <span class='ocrx_word' id='word_1_225' title='bbox 840 1431 920 1471; x_wconf 90' lang='lat' dir='ltr'>tibi</span> <span class='ocrx_word' id='word_1_226' title='bbox 938 1431 1147 1470; x_wconf 87' lang='lat' dir='ltr'>Dominus</span> <span class='ocrx_word' id='word_1_227' title='bbox 1164 1429 1402 1477; x_wconf 90' lang='lat' dir='ltr'>donauerit,</span> <span class='ocrx_word' id='word_1_228' title='bbox 1421 1428 1544 1468; x_wconf 91' lang='lat' dir='ltr'>nobis</span> <span class='ocrx_word' id='word_1_229' title='bbox 1561 1427 1735 1467; x_wconf 90' lang='lat' dir='ltr'>modum</span> 
     </span>
     <span class='ocr_line' id='line_1_25' title="bbox 140 1482 1736 1539; baseline -0.004 -12"><span class='ocrx_word' id='word_1_230' title='bbox 140 1501 189 1527; x_wconf 88' lang='lat' dir='ltr'>ac</span> <span class='ocrx_word' id='word_1_231' title='bbox 208 1489 416 1527; x_wconf 89' lang='lat' dir='ltr'>rationem</span> <span class='ocrx_word' id='word_1_232' title='bbox 437 1488 598 1539; x_wconf 88' lang='lat' dir='ltr'>aperire</span> <span class='ocrx_word' id='word_1_233' title='bbox 618 1491 801 1538; x_wconf 88' lang='lat' dir='ltr'>satagas,</span> <span class='ocrx_word' id='word_1_234' title='bbox 822 1486 978 1537; x_wconf 91' lang='lat' dir='ltr'>quibus</span> <span class='ocrx_word' id='word_1_235' title='bbox 997 1489 1158 1524; x_wconf 88' lang='lat' dir='ltr'>tetrum</span> <span class='ocrx_word' id='word_1_236' title='bbox 1177 1484 1257 1524; x_wconf 91' lang='lat' dir='ltr'>hoc</span> <span class='ocrx_word' id='word_1_237' title='bbox 1277 1483 1451 1531; x_wconf 86' lang='lat' dir='ltr'>malum,</span> <span class='ocrx_word' id='word_1_238' title='bbox 1473 1483 1576 1522; x_wconf 91' lang='lat' dir='ltr'>dum</span> <span class='ocrx_word' id='word_1_239' title='bbox 1597 1482 1736 1521; x_wconf 88' lang='lat' dir='ltr'>adhuc</span> 
     </span>
     <span class='ocr_line' id='line_1_26' title="bbox 140 1537 1736 1589; baseline -0.004 -8"><span class='ocrx_word' id='word_1_240' title='bbox 140 1542 387 1581; x_wconf 83' lang='lat' dir='ltr'>medicabile</span> <span class='ocrx_word' id='word_1_241' title='bbox 415 1546 493 1589; x_wconf 92' lang='lat' dir='ltr'>est,</span> <span class='ocrx_word' id='word_1_242' title='bbox 522 1541 575 1581; x_wconf 94' lang='lat' dir='ltr'>de</span> <span class='ocrx_word' id='word_1_243' title='bbox 603 1541 742 1580; x_wconf 88' lang='lat' dir='ltr'>medio</span> <span class='ocrx_word' id='word_1_244' title='bbox 769 1541 955 1580; x_wconf 89' lang='lat' dir='ltr'>nationis</span> <span class='ocrx_word' id='word_1_245' title='bbox 982 1544 1152 1579; x_wconf 90' lang='lat' dir='ltr'>nostrae</span> <span class='ocrx_word' id='word_1_246' title='bbox 1181 1538 1336 1578; x_wconf 76' lang='lat' dir='ltr'>auferri</span> <span class='ocrx_word' id='word_1_247' title='bbox 1363 1537 1534 1577; x_wconf 87' lang='lat' dir='ltr'>valeat:</span> <span class='ocrx_word' id='word_1_248' title='bbox 1580 1550 1666 1588; x_wconf 91' lang='lat' dir='ltr'>qua</span> <span class='ocrx_word' id='word_1_249' title='bbox 1692 1550 1736 1575; x_wconf 92' lang='lat' dir='ltr'>re</span> 
     </span>
     <span class='ocr_line' id='line_1_27' title="bbox 139 1591 1799 1647; baseline -0.005 -11"><span class='ocrx_word' id='word_1_250' title='bbox 139 1596 243 1635; x_wconf 85' lang='lat' dir='ltr'>nihil</span> <span class='ocrx_word' id='word_1_251' title='bbox 268 1601 333 1636; x_wconf 91' lang='lat' dir='ltr'>est</span> <span class='ocrx_word' id='word_1_252' title='bbox 357 1596 436 1636; x_wconf 91' lang='lat' dir='ltr'>sub</span> <span class='ocrx_word' id='word_1_253' title='bbox 461 1596 547 1636; x_wconf 92' lang='lat' dir='ltr'>sole</span> <span class='ocrx_word' id='word_1_254' title='bbox 572 1595 687 1647; x_wconf 91' lang='lat' dir='ltr'>quod</span> <span class='ocrx_word' id='word_1_255' title='bbox 712 1595 930 1634; x_wconf 84' lang='lat' dir='ltr'>ardentius</span> <span class='ocrx_word' id='word_1_256' title='bbox 956 1594 1252 1634; x_wconf 87' lang='lat' dir='ltr'>desideremus.</span> <span class='ocrx_word' id='word_1_257' title='bbox 1306 1593 1455 1644; x_wconf 88' lang='lat' dir='ltr'>Neque</span> <span class='ocrx_word' id='word_1_258' title='bbox 1480 1592 1524 1630; x_wconf 92' lang='lat' dir='ltr'>id</span> <span class='ocrx_word' id='word_1_259' title='bbox 1549 1591 1734 1642; x_wconf 88' lang='lat' dir='ltr'>quidem,</span> <span class='ocrx_word' id='word_1_260' title='bbox 1756 1604 1799 1636; x_wconf 87' lang='lat'>30</span> 
     </span>
     <span class='ocr_line' id='line_1_28' title="bbox 139 1647 1734 1702; baseline -0.004 -11"><span class='ocrx_word' id='word_1_261' title='bbox 139 1651 255 1702; x_wconf 88' lang='lat' dir='ltr'>quod</span> <span class='ocrx_word' id='word_1_262' title='bbox 272 1655 418 1690; x_wconf 87' lang='lat' dir='ltr'>nostra</span> <span class='ocrx_word' id='word_1_263' title='bbox 436 1651 645 1690; x_wconf 85' lang='lat' dir='ltr'>autoritas</span> <span class='ocrx_word' id='word_1_264' title='bbox 663 1654 793 1701; x_wconf 87' lang='lat' dir='ltr'>atque</span> <span class='ocrx_word' id='word_1_265' title='bbox 812 1650 1018 1702; x_wconf 86' lang='lat' dir='ltr'>potentia,</span> <span class='ocrx_word' id='word_1_266' title='bbox 1040 1648 1155 1700; x_wconf 91' lang='lat' dir='ltr'>quod</span> <span class='ocrx_word' id='word_1_267' title='bbox 1174 1648 1230 1687; x_wconf 87' lang='lat' dir='ltr'>ad</span> <span class='ocrx_word' id='word_1_268' title='bbox 1247 1661 1324 1687; x_wconf 89' lang='lat' dir='ltr'>nos</span> <span class='ocrx_word' id='word_1_269' title='bbox 1342 1647 1544 1699; x_wconf 88' lang='lat' dir='ltr'>priuatim</span> <span class='ocrx_word' id='word_1_270' title='bbox 1563 1647 1734 1692; x_wconf 83' lang='lat' dir='ltr'>attinet,</span> 
     </span>
     <span class='ocr_line' id='line_1_29' title="bbox 138 1702 1735 1757; baseline -0.004 -12"><span class='ocrx_word' id='word_1_271' title='bbox 138 1705 218 1745; x_wconf 89' lang='lat' dir='ltr'>hac</span> <span class='ocrx_word' id='word_1_272' title='bbox 239 1719 366 1745; x_wconf 89' lang='lat' dir='ltr'>saeua</span> <span class='ocrx_word' id='word_1_273' title='bbox 386 1709 643 1757; x_wconf 88' lang='lat' dir='ltr'>tempestate</span> <span class='ocrx_word' id='word_1_274' title='bbox 663 1704 855 1744; x_wconf 87' lang='lat' dir='ltr'>nonnihil</span> <span class='ocrx_word' id='word_1_275' title='bbox 875 1703 1103 1756; x_wconf 89' lang='lat' dir='ltr'>periclitari</span> <span class='ocrx_word' id='word_1_276' title='bbox 1123 1702 1534 1753; x_wconf 78' lang='lat' dir='ltr'>videatur—quippe</span> <span class='ocrx_word' id='word_1_277' title='bbox 1555 1713 1735 1751; x_wconf 89' lang='lat' dir='ltr'>quarum</span> 
     </span>
     <span class='ocr_line' id='line_1_30' title="bbox 139 1754 1736 1810; baseline -0.004 -11"><span class='ocrx_word' id='word_1_278' title='bbox 139 1764 334 1799; x_wconf 88' lang='lat' dir='ltr'>neutram</span> <span class='ocrx_word' id='word_1_279' title='bbox 371 1773 458 1799; x_wconf 89' lang='lat' dir='ltr'>non</span> <span class='ocrx_word' id='word_1_280' title='bbox 494 1759 622 1799; x_wconf 89' lang='lat' dir='ltr'>modo</span> <span class='ocrx_word' id='word_1_281' title='bbox 659 1772 849 1810; x_wconf 88' lang='lat' dir='ltr'>vnquam</span> <span class='ocrx_word' id='word_1_282' title='bbox 887 1758 1265 1810; x_wconf 88' lang='lat' dir='ltr'>concupiuerimus,</span> <span class='ocrx_word' id='word_1_283' title='bbox 1304 1756 1585 1795; x_wconf 86' lang='lat' dir='ltr'>verumetiam</span> <span class='ocrx_word' id='word_1_284' title='bbox 1623 1754 1736 1793; x_wconf 86' lang='lat' dir='ltr'>vltro</span> 
     </span>
     <span class='ocr_line' id='line_1_31' title="bbox 138 1810 1734 1863; baseline -0.004 -9"><span class='ocrx_word' id='word_1_285' title='bbox 138 1814 302 1853; x_wconf 86' lang='lat' dir='ltr'>delatas</span> <span class='ocrx_word' id='word_1_286' title='bbox 347 1814 618 1854; x_wconf 86' lang='lat' dir='ltr'>vehementer</span> <span class='ocrx_word' id='word_1_287' title='bbox 662 1813 1089 1859; x_wconf 81' lang='lat' dir='ltr'>reformidauerimus,</span> <span class='ocrx_word' id='word_1_288' title='bbox 1136 1811 1261 1863; x_wconf 89' lang='lat' dir='ltr'>plane</span> <span class='ocrx_word' id='word_1_289' title='bbox 1309 1811 1463 1860; x_wconf 88' lang='lat' dir='ltr'>(Deum</span> <span class='ocrx_word' id='word_1_290' title='bbox 1508 1810 1734 1857; x_wconf 89' lang='lat' dir='ltr'>testamur)</span> 
     </span>
     <span class='ocr_line' id='line_1_32' title="bbox 138 1863 1794 1916; baseline -0.004 -8"><span class='ocrx_word' id='word_1_291' title='bbox 138 1870 383 1916; x_wconf 85' lang='lat' dir='ltr'>recusaturi,</span> <span class='ocrx_word' id='word_1_292' title='bbox 405 1869 485 1908; x_wconf 90' lang='lat' dir='ltr'>nisi</span> <span class='ocrx_word' id='word_1_293' title='bbox 503 1868 603 1908; x_wconf 90' lang='lat' dir='ltr'>inde</span> <span class='ocrx_word' id='word_1_294' title='bbox 622 1868 702 1908; x_wconf 91' lang='lat' dir='ltr'>Dei</span> <span class='ocrx_word' id='word_1_295' title='bbox 721 1867 926 1908; x_wconf 86' lang='lat' dir='ltr'>offensam</span> <span class='ocrx_word' id='word_1_296' title='bbox 945 1871 990 1906; x_wconf 92' lang='lat' dir='ltr'>et</span> <span class='ocrx_word' id='word_1_297' title='bbox 1019 1867 1300 1906; x_wconf 89' lang='lat' dir='ltr'>conscientiae</span> <span class='ocrx_word' id='word_1_298' title='bbox 1318 1869 1489 1904; x_wconf 86' lang='lat' dir='ltr'>nostrae</span> <span class='ocrx_word' id='word_1_299' title='bbox 1507 1863 1734 1903; x_wconf 89' lang='lat' dir='ltr'>laesionem</span> <span class='ocrx_word' id='word_1_300' title='bbox 1755 1875 1794 1908; x_wconf 83' lang='lat'>35</span> 
     </span>
     <span class='ocr_line' id='line_1_33' title="bbox 140 1918 1734 1974; baseline -0.004 -12"><span class='ocrx_word' id='word_1_301' title='bbox 140 1925 263 1962; x_wconf 86' lang='lat' dir='ltr'>veriti</span> <span class='ocrx_word' id='word_1_302' title='bbox 290 1923 543 1970; x_wconf 86' lang='lat' dir='ltr'>fuissemus;</span> <span class='ocrx_word' id='word_1_303' title='bbox 587 1922 660 1962; x_wconf 91' lang='lat' dir='ltr'>sed</span> <span class='ocrx_word' id='word_1_304' title='bbox 687 1922 804 1974; x_wconf 89' lang='lat' dir='ltr'>quod</span> <span class='ocrx_word' id='word_1_305' title='bbox 829 1926 898 1961; x_wconf 91' lang='lat' dir='ltr'>tot</span> <span class='ocrx_word' id='word_1_306' title='bbox 924 1921 1055 1960; x_wconf 89' lang='lat' dir='ltr'>millia</span> <span class='ocrx_word' id='word_1_307' title='bbox 1084 1921 1322 1960; x_wconf 89' lang='lat' dir='ltr'>animarum</span> <span class='ocrx_word' id='word_1_308' title='bbox 1350 1919 1504 1959; x_wconf 90' lang='lat' dir='ltr'>Christi</span> <span class='ocrx_word' id='word_1_309' title='bbox 1530 1918 1734 1969; x_wconf 84' lang='lat' dir='ltr'>sanguine</span> 
     </span>
     <span class='ocr_line' id='line_1_34' title="bbox 138 1973 1732 2029; baseline -0.004 -12"><span class='ocrx_word' id='word_1_310' title='bbox 138 1977 468 2029; x_wconf 89' lang='lat' dir='ltr'>redemptarum,</span> <span class='ocrx_word' id='word_1_311' title='bbox 505 1982 549 2017; x_wconf 93' lang='lat' dir='ltr'>et</span> <span class='ocrx_word' id='word_1_312' title='bbox 584 1990 708 2016; x_wconf 90' lang='lat' dir='ltr'>curae</span> <span class='ocrx_word' id='word_1_313' title='bbox 744 1980 913 2016; x_wconf 91' lang='lat' dir='ltr'>nostrae</span> <span class='ocrx_word' id='word_1_314' title='bbox 948 1975 1152 2028; x_wconf 88' lang='lat' dir='ltr'>pastorali</span> <span class='ocrx_word' id='word_1_315' title='bbox 1187 1974 1457 2021; x_wconf 86' lang='lat' dir='ltr'>creditarum,</span> <span class='ocrx_word' id='word_1_316' title='bbox 1493 1973 1623 2023; x_wconf 90' lang='lat' dir='ltr'>idque</span> <span class='ocrx_word' id='word_1_317' title='bbox 1660 1985 1732 2011; x_wconf 92' lang='lat' dir='ltr'>no-</span> 
     </span>
     <span class='ocr_line' id='line_1_35' title="bbox 138 2027 1732 2081; baseline -0.004 -10"><span class='ocrx_word' id='word_1_318' title='bbox 138 2036 251 2071; x_wconf 87' lang='lat' dir='ltr'>strae</span> <span class='ocrx_word' id='word_1_319' title='bbox 279 2032 512 2071; x_wconf 91' lang='lat' dir='ltr'>secundum</span> <span class='ocrx_word' id='word_1_320' title='bbox 541 2044 710 2071; x_wconf 90' lang='lat' dir='ltr'>carnem</span> <span class='ocrx_word' id='word_1_321' title='bbox 738 2031 936 2077; x_wconf 81' lang='lat' dir='ltr'>nationiS,</span> <span class='ocrx_word' id='word_1_322' title='bbox 970 2030 1050 2070; x_wconf 91' lang='lat' dir='ltr'>sub</span> <span class='ocrx_word' id='word_1_323' title='bbox 1077 2042 1152 2081; x_wconf 90' lang='lat' dir='ltr'>spe</span> <span class='ocrx_word' id='word_1_324' title='bbox 1190 2028 1471 2080; x_wconf 88' lang='lat' dir='ltr'>Euangelicae</span> <span class='ocrx_word' id='word_1_325' title='bbox 1508 2027 1732 2072; x_wconf 86' lang='lat' dir='ltr'>libertatis,</span> 
     </span>
     <span class='ocr_line' id='line_1_36' title="bbox 139 2081 1733 2135; baseline -0.004 -10"><span class='ocrx_word' id='word_1_326' title='bbox 139 2099 183 2125; x_wconf 91' lang='lat' dir='ltr'>re</span> <span class='ocrx_word' id='word_1_327' title='bbox 216 2090 361 2125; x_wconf 89' lang='lat' dir='ltr'>autem</span> <span class='ocrx_word' id='word_1_328' title='bbox 400 2099 501 2126; x_wconf 86' lang='lat' dir='ltr'>vera</span> <span class='ocrx_word' id='word_1_329' title='bbox 540 2086 774 2126; x_wconf 87' lang='lat' dir='ltr'>diabolicae</span> <span class='ocrx_word' id='word_1_330' title='bbox 811 2085 1043 2132; x_wconf 87' lang='lat' dir='ltr'>seruitutis,</span> <span class='ocrx_word' id='word_1_331' title='bbox 1082 2087 1199 2123; x_wconf 89' lang='lat' dir='ltr'>recta</span> <span class='ocrx_word' id='word_1_332' title='bbox 1236 2084 1281 2122; x_wconf 93' lang='lat' dir='ltr'>in</span> <span class='ocrx_word' id='word_1_333' title='bbox 1309 2082 1591 2135; x_wconf 88' lang='lat' dir='ltr'>perditionem</span> <span class='ocrx_word' id='word_1_334' title='bbox 1619 2081 1733 2120; x_wconf 91' lang='lat' dir='ltr'>trahi</span> 
     </span>
     <span class='ocr_line' id='line_1_37' title="bbox 140 2140 1794 2180; baseline -0.005 -1"><span class='ocrx_word' id='word_1_335' title='bbox 140 2140 372 2180; x_wconf 91' lang='lat' dir='ltr'>videamus.</span> <span class='ocrx_word' id='word_1_336' title='bbox 1751 2149 1794 2178; x_wconf 80' lang='lat'>40</span> 
     </span>
    </p>

    <p class='ocr_par' dir='ltr' id='par_1_4' title="bbox 134 2189 1794 2790">
     <span class='ocr_line' id='line_1_38' title="bbox 193 2189 1733 2243; baseline -0.005 -8"><span class='ocrx_word' id='word_1_337' title='bbox 193 2194 364 2243; x_wconf 78' lang='lat' dir='ltr'>Quanto</span> <span class='ocrx_word' id='word_1_338' title='bbox 381 2208 481 2234; x_wconf 85' lang='lat' dir='ltr'>vero</span> <span class='ocrx_word' id='word_1_339' title='bbox 497 2199 540 2234; x_wconf 93' lang='lat' dir='ltr'>et</span> <span class='ocrx_word' id='word_1_340' title='bbox 558 2195 681 2234; x_wconf 90' lang='lat' dir='ltr'>citius</span> <span class='ocrx_word' id='word_1_341' title='bbox 699 2199 742 2234; x_wconf 88' lang='lat' dir='ltr'>et</span> <span class='ocrx_word' id='word_1_342' title='bbox 758 2195 958 2234; x_wconf 85' lang='lat' dir='ltr'>secretius</span> <span class='ocrx_word' id='word_1_343' title='bbox 975 2193 1096 2233; x_wconf 90' lang='lat' dir='ltr'>nobis</span> <span class='ocrx_word' id='word_1_344' title='bbox 1113 2192 1356 2232; x_wconf 90' lang='lat' dir='ltr'>huiusmodi</span> <span class='ocrx_word' id='word_1_345' title='bbox 1371 2196 1495 2231; x_wconf 89' lang='lat' dir='ltr'>tuum</span> <span class='ocrx_word' id='word_1_346' title='bbox 1513 2189 1733 2230; x_wconf 90' lang='lat' dir='ltr'>consilium</span> 
     </span>
     <span class='ocr_line' id='line_1_39' title="bbox 138 2245 1732 2301; baseline -0.003 -13"><span class='ocrx_word' id='word_1_347' title='bbox 138 2249 398 2301; x_wconf 74' lang='lat' dir='ltr'>patefeceris,</span> <span class='ocrx_word' id='word_1_348' title='bbox 430 2253 555 2289; x_wconf 88' lang='lat' dir='ltr'>tanto</span> <span class='ocrx_word' id='word_1_349' title='bbox 587 2250 677 2288; x_wconf 92' lang='lat' dir='ltr'>Deo</span> <span class='ocrx_word' id='word_1_350' title='bbox 710 2250 845 2288; x_wconf 90' lang='lat' dir='ltr'>maius</span> <span class='ocrx_word' id='word_1_351' title='bbox 877 2249 1127 2299; x_wconf 86' lang='lat' dir='ltr'>obsequium</span> <span class='ocrx_word' id='word_1_352' title='bbox 1159 2252 1202 2286; x_wconf 89' lang='lat' dir='ltr'>et</span> <span class='ocrx_word' id='word_1_353' title='bbox 1233 2247 1356 2286; x_wconf 91' lang='lat' dir='ltr'>nobis</span> <span class='ocrx_word' id='word_1_354' title='bbox 1386 2259 1475 2285; x_wconf 89' lang='lat' dir='ltr'>rem</span> <span class='ocrx_word' id='word_1_355' title='bbox 1506 2245 1732 2297; x_wconf 84' lang='lat' dir='ltr'>gratiorem</span> 
     </span>
     <span class='ocr_line' id='line_1_40' title="bbox 136 2300 1734 2355; baseline -0.003 -13"><span class='ocrx_word' id='word_1_356' title='bbox 136 2305 410 2355; x_wconf 86' lang='lat' dir='ltr'>praestiteris.</span> <span class='ocrx_word' id='word_1_357' title='bbox 464 2304 687 2344; x_wconf 85' lang='lat' dir='ltr'>Celeritate</span> <span class='ocrx_word' id='word_1_358' title='bbox 713 2305 825 2343; x_wconf 90' lang='lat' dir='ltr'>enim</span> <span class='ocrx_word' id='word_1_359' title='bbox 851 2307 1025 2355; x_wconf 91' lang='lat' dir='ltr'>propter</span> <span class='ocrx_word' id='word_1_360' title='bbox 1050 2315 1273 2343; x_wconf 90' lang='lat' dir='ltr'>commune</span> <span class='ocrx_word' id='word_1_361' title='bbox 1299 2300 1546 2353; x_wconf 86' lang='lat' dir='ltr'>periculum,</span> <span class='ocrx_word' id='word_1_362' title='bbox 1573 2303 1734 2338; x_wconf 86' lang='lat' dir='ltr'>secreto</span> 
     </span>
     <span class='ocr_line' id='line_1_41' title="bbox 136 2355 1733 2410; baseline -0.004 -13"><span class='ocrx_word' id='word_1_363' title='bbox 136 2371 236 2397; x_wconf 90' lang='lat' dir='ltr'>vero</span> <span class='ocrx_word' id='word_1_364' title='bbox 258 2362 430 2410; x_wconf 89' lang='lat' dir='ltr'>propter</span> <span class='ocrx_word' id='word_1_365' title='bbox 451 2363 589 2406; x_wconf 91' lang='lat' dir='ltr'>tuum,</span> <span class='ocrx_word' id='word_1_366' title='bbox 613 2359 731 2397; x_wconf 87' lang='lat' dir='ltr'>cuius</span> <span class='ocrx_word' id='word_1_367' title='bbox 752 2358 1091 2397; x_wconf 87' lang='lat' dir='ltr'>incolumitatem</span> <span class='ocrx_word' id='word_1_368' title='bbox 1114 2361 1162 2396; x_wconf 86' lang='lat' dir='ltr'>vt</span> <span class='ocrx_word' id='word_1_369' title='bbox 1183 2360 1374 2395; x_wconf 90' lang='lat' dir='ltr'>nostram</span> <span class='ocrx_word' id='word_1_370' title='bbox 1397 2355 1603 2406; x_wconf 89' lang='lat' dir='ltr'>cupimus,</span> <span class='ocrx_word' id='word_1_371' title='bbox 1627 2366 1733 2404; x_wconf 90' lang='lat' dir='ltr'>opus</span> 
     </span>
     <span class='ocr_line' id='line_1_42' title="bbox 135 2407 1792 2464; baseline -0.004 -12"><span class='ocrx_word' id='word_1_372' title='bbox 135 2417 212 2452; x_wconf 88' lang='lat' dir='ltr'>est.</span> <span class='ocrx_word' id='word_1_373' title='bbox 278 2413 336 2452; x_wconf 87' lang='lat' dir='ltr'>Et</span> <span class='ocrx_word' id='word_1_374' title='bbox 371 2414 567 2464; x_wconf 85' lang='lat' dir='ltr'>quamuis</span> <span class='ocrx_word' id='word_1_375' title='bbox 602 2413 853 2452; x_wconf 83' lang='lat' dir='ltr'>iamdudum</span> <span class='ocrx_word' id='word_1_376' title='bbox 889 2412 945 2451; x_wconf 89' lang='lat' dir='ltr'>ad</span> <span class='ocrx_word' id='word_1_377' title='bbox 979 2416 1023 2451; x_wconf 92' lang='lat' dir='ltr'>te</span> <span class='ocrx_word' id='word_1_378' title='bbox 1059 2412 1298 2463; x_wconf 89' lang='lat' dir='ltr'>peruenisse</span> <span class='ocrx_word' id='word_1_379' title='bbox 1334 2409 1555 2449; x_wconf 87' lang='lat' dir='ltr'>credamus</span> <span class='ocrx_word' id='word_1_380' title='bbox 1590 2407 1733 2446; x_wconf 88' lang='lat' dir='ltr'>literas</span> <span class='ocrx_word' id='word_1_381' title='bbox 1751 2419 1792 2451; x_wconf 83' lang='lat'>45</span> 
     </span>
     <span class='ocr_line' id='line_1_43' title="bbox 135 2461 1732 2519; baseline -0.004 -13"><span class='ocrx_word' id='word_1_382' title='bbox 135 2471 301 2506; x_wconf 89' lang='lat' dir='ltr'>nostras</span> <span class='ocrx_word' id='word_1_383' title='bbox 320 2467 529 2519; x_wconf 89' lang='lat' dir='ltr'>prioribus</span> <span class='ocrx_word' id='word_1_384' title='bbox 546 2468 646 2514; x_wconf 89' lang='lat' dir='ltr'>tuis,</span> <span class='ocrx_word' id='word_1_385' title='bbox 666 2480 763 2506; x_wconf 91' lang='lat' dir='ltr'>cum</span> <span class='ocrx_word' id='word_1_386' title='bbox 781 2467 936 2518; x_wconf 90' lang='lat' dir='ltr'>quibus</span> <span class='ocrx_word' id='word_1_387' title='bbox 955 2466 1136 2506; x_wconf 89' lang='lat' dir='ltr'>alterum</span> <span class='ocrx_word' id='word_1_388' title='bbox 1155 2464 1370 2516; x_wconf 84' lang='lat' dir='ltr'>exemplar</span> <span class='ocrx_word' id='word_1_389' title='bbox 1388 2463 1564 2502; x_wconf 91' lang='lat' dir='ltr'>Arnobii</span> <span class='ocrx_word' id='word_1_390' title='bbox 1582 2461 1637 2500; x_wconf 86' lang='lat' dir='ltr'>ad</span> <span class='ocrx_word' id='word_1_391' title='bbox 1655 2474 1732 2500; x_wconf 91' lang='lat' dir='ltr'>nos</span> 
     </span>
     <span class='ocr_line' id='line_1_44' title="bbox 135 2519 1733 2573; baseline -0.004 -13"><span class='ocrx_word' id='word_1_392' title='bbox 135 2520 323 2569; x_wconf 88' lang='lat' dir='ltr'>dederas,</span> <span class='ocrx_word' id='word_1_393' title='bbox 341 2521 657 2573; x_wconf 87' lang='lat' dir='ltr'>respondentes,</span> <span class='ocrx_word' id='word_1_394' title='bbox 675 2522 720 2561; x_wconf 90' lang='lat' dir='ltr'>in</span> <span class='ocrx_word' id='word_1_395' title='bbox 737 2534 918 2573; x_wconf 90' lang='lat' dir='ltr'>quarum</span> <span class='ocrx_word' id='word_1_396' title='bbox 936 2521 1047 2560; x_wconf 86' lang='lat' dir='ltr'>calce</span> <span class='ocrx_word' id='word_1_397' title='bbox 1064 2525 1108 2559; x_wconf 92' lang='lat' dir='ltr'>te</span> <span class='ocrx_word' id='word_1_398' title='bbox 1124 2519 1415 2559; x_wconf 89' lang='lat' dir='ltr'>inuitabamus</span> <span class='ocrx_word' id='word_1_399' title='bbox 1433 2521 1494 2564; x_wconf 79' lang='lat' dir='ltr'>vt,</span> <span class='ocrx_word' id='word_1_400' title='bbox 1514 2519 1733 2555; x_wconf 89' lang='lat' dir='ltr'>transacta</span> 
     </span>
     <span class='ocr_line' id='line_1_45' title="bbox 135 2569 1732 2627; baseline -0.005 -12"><span class='ocrx_word' id='word_1_401' title='bbox 135 2575 299 2627; x_wconf 89' lang='lat' dir='ltr'>hyeme,</span> <span class='ocrx_word' id='word_1_402' title='bbox 321 2580 364 2615; x_wconf 88' lang='lat' dir='ltr'>et</span> <span class='ocrx_word' id='word_1_403' title='bbox 384 2579 478 2615; x_wconf 74' lang='lat' dir='ltr'>ae&#39;re</span> <span class='ocrx_word' id='word_1_404' title='bbox 499 2576 695 2615; x_wconf 83' lang='lat' dir='ltr'>Romano</span> <span class='ocrx_word' id='word_1_405' title='bbox 715 2589 741 2615; x_wconf 91' lang='lat' dir='ltr'>a</span> <span class='ocrx_word' id='word_1_406' title='bbox 761 2576 972 2627; x_wconf 88' lang='lat' dir='ltr'>praesenti</span> <span class='ocrx_word' id='word_1_407' title='bbox 992 2576 1123 2626; x_wconf 88' lang='lat' dir='ltr'>pestis</span> <span class='ocrx_word' id='word_1_408' title='bbox 1144 2574 1394 2624; x_wconf 88' lang='lat' dir='ltr'>contagione</span> <span class='ocrx_word' id='word_1_409' title='bbox 1414 2574 1655 2623; x_wconf 87' lang='lat' dir='ltr'>repurgato,</span> <span class='ocrx_word' id='word_1_410' title='bbox 1677 2569 1732 2608; x_wconf 90' lang='lat' dir='ltr'>ad</span> 
     </span>
     <span class='ocr_line' id='line_1_46' title="bbox 134 2624 1730 2682; baseline -0.004 -13"><span class='ocrx_word' id='word_1_411' title='bbox 134 2642 212 2668; x_wconf 89' lang='lat' dir='ltr'>nos</span> <span class='ocrx_word' id='word_1_412' title='bbox 230 2631 406 2677; x_wconf 90' lang='lat' dir='ltr'>venires,</span> <span class='ocrx_word' id='word_1_413' title='bbox 427 2643 710 2682; x_wconf 89' lang='lat' dir='ltr'>magnamque</span> <span class='ocrx_word' id='word_1_414' title='bbox 729 2644 782 2669; x_wconf 89' lang='lat' dir='ltr'>ex</span> <span class='ocrx_word' id='word_1_415' title='bbox 801 2630 865 2669; x_wconf 90' lang='lat' dir='ltr'>his</span> <span class='ocrx_word' id='word_1_416' title='bbox 884 2630 1108 2681; x_wconf 88' lang='lat' dir='ltr'>postremis</span> <span class='ocrx_word' id='word_1_417' title='bbox 1126 2629 1258 2667; x_wconf 90' lang='lat' dir='ltr'>literis</span> <span class='ocrx_word' id='word_1_418' title='bbox 1277 2627 1475 2666; x_wconf 87' lang='lat' dir='ltr'>fiduciam</span> <span class='ocrx_word' id='word_1_419' title='bbox 1496 2624 1730 2676; x_wconf 75' lang='lat' dir='ltr'>conceperi-</span> 
     </span>
     <span class='ocr_line' id='line_1_47' title="bbox 134 2681 1794 2735; baseline -0.006 -12"><span class='ocrx_word' id='word_1_420' title='bbox 134 2696 241 2731; x_wconf 90' lang='lat' dir='ltr'>mus,</span> <span class='ocrx_word' id='word_1_421' title='bbox 279 2688 324 2723; x_wconf 92' lang='lat' dir='ltr'>te</span> <span class='ocrx_word' id='word_1_422' title='bbox 359 2685 396 2723; x_wconf 90' lang='lat' dir='ltr'>ei</span> <span class='ocrx_word' id='word_1_423' title='bbox 433 2684 638 2723; x_wconf 89' lang='lat' dir='ltr'>desiderio</span> <span class='ocrx_word' id='word_1_424' title='bbox 674 2688 820 2724; x_wconf 87' lang='lat' dir='ltr'>nostro</span> <span class='ocrx_word' id='word_1_425' title='bbox 857 2696 1016 2723; x_wconf 90' lang='lat' dir='ltr'>morem</span> <span class='ocrx_word' id='word_1_426' title='bbox 1053 2687 1270 2735; x_wconf 87' lang='lat' dir='ltr'>gesturum</span> <span class='ocrx_word' id='word_1_427' title='bbox 1290 2695 1299 2720; x_wconf 89' lang='lat'>:</span> <span class='ocrx_word' id='word_1_428' title='bbox 1352 2681 1550 2720; x_wconf 86' lang='lat' dir='ltr'>omittere</span> <span class='ocrx_word' id='word_1_429' title='bbox 1586 2683 1732 2719; x_wconf 85' lang='lat' dir='ltr'>tamen</span> <span class='ocrx_word' id='word_1_430' title='bbox 1751 2690 1794 2722; x_wconf 85' lang='lat'>50</span> 
     </span>
     <span class='ocr_line' id='line_1_48' title="bbox 134 2733 1730 2790; baseline -0.003 -14"><span class='ocrx_word' id='word_1_431' title='bbox 134 2738 346 2777; x_wconf 89' lang='lat' dir='ltr'>noluimus</span> <span class='ocrx_word' id='word_1_432' title='bbox 368 2739 472 2790; x_wconf 89' lang='lat' dir='ltr'>quin</span> <span class='ocrx_word' id='word_1_433' title='bbox 494 2738 539 2778; x_wconf 92' lang='lat' dir='ltr'>id</span> <span class='ocrx_word' id='word_1_434' title='bbox 562 2740 701 2790; x_wconf 88' lang='lat' dir='ltr'>ipsum</span> <span class='ocrx_word' id='word_1_435' title='bbox 725 2743 768 2777; x_wconf 91' lang='lat' dir='ltr'>et</span> <span class='ocrx_word' id='word_1_436' title='bbox 792 2751 865 2790; x_wconf 89' lang='lat' dir='ltr'>per</span> <span class='ocrx_word' id='word_1_437' title='bbox 888 2738 965 2777; x_wconf 90' lang='lat' dir='ltr'>has</span> <span class='ocrx_word' id='word_1_438' title='bbox 988 2742 1155 2777; x_wconf 86' lang='lat' dir='ltr'>nostras</span> <span class='ocrx_word' id='word_1_439' title='bbox 1179 2737 1255 2775; x_wconf 87' lang='lat' dir='ltr'>abs</span> <span class='ocrx_word' id='word_1_440' title='bbox 1278 2740 1322 2775; x_wconf 91' lang='lat' dir='ltr'>te</span> <span class='ocrx_word' id='word_1_441' title='bbox 1345 2736 1475 2774; x_wconf 90' lang='lat' dir='ltr'>etiam</span> <span class='ocrx_word' id='word_1_442' title='bbox 1499 2733 1730 2772; x_wconf 85' lang='lat' dir='ltr'>instantius</span> 
     </span>
    </p>
   </div>
   <div class='ocr_carea' id='block_1_3' title="bbox 134 2826 1729 3022">
    <p class='ocr_par' dir='ltr' id='par_1_5' title="bbox 134 2826 1729 3022">
     <span class='ocr_line' id='line_1_49' title="bbox 134 2826 1728 2913; baseline -0.004 -50"><span class='ocrx_word' id='word_1_443' title='bbox 134 2874 163 2913; x_wconf 72' lang='lat' dir='ltr'>Q</span> <span class='ocrx_word' id='word_1_444' title='bbox 176 2832 206 2864; x_wconf 89' lang='grc'>8.</span> <span class='ocrx_word' id='word_1_445' title='bbox 231 2834 405 2873; x_wconf 71' lang='lat' dir='ltr'>quantum</span> <span class='ocrx_word' id='word_1_446' title='bbox 425 2831 482 2863; x_wconf 88' lang='lat' dir='ltr'>H:</span> <span class='ocrx_word' id='word_1_447' title='bbox 515 2834 688 2872; x_wconf 87' lang='lat' dir='ltr'>quantum</span> <span class='ocrx_word' id='word_1_448' title='bbox 709 2834 785 2862; x_wconf 88' lang='lat' dir='ltr'>tum</span> <span class='ocrx_word' id='word_1_449' title='bbox 804 2843 834 2861; x_wconf 78' lang='grc' dir='ltr'>(ι.</span> <span class='ocrx_word' id='word_1_450' title='bbox 972 2830 1067 2871; x_wconf 88' lang='lat' dir='ltr'>operi</span> <span class='ocrx_word' id='word_1_451' title='bbox 1085 2841 1126 2860; x_wconf 81' lang='lat' dir='ltr'>a:</span> <span class='ocrx_word' id='word_1_452' title='bbox 1160 2839 1264 2870; x_wconf 74' lang='lat' dir='ltr'>opera</span> <span class='ocrx_word' id='word_1_453' title='bbox 1284 2828 1318 2859; x_wconf 93' lang='lat' dir='ltr'><em>N</em></span> <span class='ocrx_word' id='word_1_454' title='bbox 1436 2838 1487 2867; x_wconf 82' lang='lat'>29.</span> <span class='ocrx_word' id='word_1_455' title='bbox 1515 2827 1592 2865; x_wconf 84' lang='lat' dir='ltr'>Qua</span> <span class='ocrx_word' id='word_1_456' title='bbox 1609 2836 1643 2857; x_wconf 84' lang='lat' dir='ltr'>rc</span> <span class='ocrx_word' id='word_1_457' title='bbox 1669 2826 1704 2857; x_wconf 73' lang='lat' dir='ltr'><em>N</em></span> <span class='ocrx_word' id='word_1_458' title='bbox 1721 2836 1728 2856; x_wconf 91' lang='lat'><strong>:</strong></span> 
     </span>
     <span class='ocr_line' id='line_1_50' title="bbox 166 2885 296 2906; baseline 0 0"><span class='ocrx_word' id='word_1_459' title='bbox 166 2885 247 2906; x_wconf 84' lang='lat' dir='ltr'>uare</span> <span class='ocrx_word' id='word_1_460' title='bbox 265 2888 296 2906; x_wconf 86' lang='grc' dir='ltr'>α.</span> 
     </span>
     <span class='ocr_line' id='line_1_51' title="bbox 177 2975 1729 3022; baseline -0.003 -10"><span class='ocrx_word' id='word_1_461' title='bbox 177 2982 208 3013; x_wconf 92' lang='grc'>8.</span> <span class='ocrx_word' id='word_1_462' title='bbox 233 2979 397 3022; x_wconf 78' lang='lat' dir='ltr'>epistola]</span> <span class='ocrx_word' id='word_1_463' title='bbox 414 2980 479 3022; x_wconf 83' lang='lat' dir='ltr'>Ep.</span> <span class='ocrx_word' id='word_1_464' title='bbox 502 2989 594 3021; x_wconf 69' lang='lat'>1304.</span> <span class='ocrx_word' id='word_1_465' title='bbox 1011 2990 1062 3021; x_wconf 83' lang='lat'>45.</span> <span class='ocrx_word' id='word_1_466' title='bbox 1088 2976 1223 3018; x_wconf 79' lang='lat' dir='ltr'>literas]</span> <span class='ocrx_word' id='word_1_467' title='bbox 1258 2977 1322 3020; x_wconf 83' lang='lat' dir='ltr'>Ep.</span> <span class='ocrx_word' id='word_1_468' title='bbox 1368 2986 1459 3019; x_wconf 72' lang='lat'>1324.</span> <span class='ocrx_word' id='word_1_469' title='bbox 1495 2975 1653 3019; x_wconf 71' lang='lat' dir='ltr'>replying</span> <span class='ocrx_word' id='word_1_470' title='bbox 1693 2979 1729 3007; x_wconf 84' lang='lat' dir='ltr'>to</span> 
     </span>
    </p>
   </div>
   <div class='ocr_carea' id='block_1_4' title="bbox 182 3022 1145 3066">
    <p class='ocr_par' dir='ltr' id='par_1_6' title="bbox 182 3022 1145 3066">
     <span class='ocr_line' id='line_1_52' title="bbox 182 3022 1145 3066; baseline -0.004 -10"><span class='ocrx_word' id='word_1_471' title='bbox 182 3035 229 3063; x_wconf 85' lang='lat'>19.</span> <span class='ocrx_word' id='word_1_472' title='bbox 256 3022 551 3063; x_wconf 86' lang='lat' dir='ltr'>communionem]</span> <span class='ocrx_word' id='word_1_473' title='bbox 563 3023 612 3056; x_wconf 81' lang='lat' dir='ltr'>Cf.</span> <span class='ocrx_word' id='word_1_474' title='bbox 629 3023 692 3066; x_wconf 76' lang='lat' dir='ltr'>Ep.</span> <span class='ocrx_word' id='word_1_475' title='bbox 710 3031 802 3063; x_wconf 81' lang='lat'>1304·</span> <span class='ocrx_word' id='word_1_476' title='bbox 819 3023 872 3054; x_wconf 86' lang='lat' dir='ltr'>8n.</span> <span class='ocrx_word' id='word_1_477' title='bbox 968 3023 1031 3064; x_wconf 82' lang='lat' dir='ltr'>Ep.</span> <span class='ocrx_word' id='word_1_478' title='bbox 1055 3031 1145 3063; x_wconf 84' lang='lat'>1310.</span> 
     </span>
    </p>
   </div>
  </div>
 </body>
</html>
