2012 3370
229 150 304 191 172
695 153 951 195 LETTERS
982 153 1054 195 OF
1083 153 1348 196 ERASMUS
1697 155 1822 205 [1523

222 274 267 301 se
293 263 398 302 scire
424 263 626 315 profitens
653 264 733 302 nisi
760 264 901 303 Iesum
928 264 1142 304 Christum
1169 268 1213 303 et
1239 264 1351 302 hune
1378 261 1639 302 crucifixum.
1696 261 1825 301 Forte

222 317 414 356 nondum
451 318 616 357 ferebat
654 322 823 369 tempus
860 323 952 358 tam
989 318 1202 358 ineffabile
1240 318 1489 369 mysterium
1528 315 1655 367 vulgo
1692 315 1825 355 literis

223 371 412 422 prodere,
450 385 503 411 ne
540 372 747 411 rideretur
784 373 838 411 ab
875 374 1029 424 impiis,
1068 373 1183 424 quod
1220 386 1296 412 nec
1334 372 1500 411 credere
1536 374 1712 421 possent
1746 383 1824 409 nec

140 435 201 467 375
221 426 465 478 intelligere.
525 426 780 478 Quanquam
807 432 852 467 et
878 428 1037 479 alioqui
1064 432 1226 467 veteres
1254 439 1399 466 omnes
1426 426 1593 477 quoties
1620 424 1672 464 de
1698 424 1825 464 rebus

221 479 376 519 diuinis
402 480 533 520 verba
557 481 735 528 faciunt,
762 485 806 521 et
831 482 1073 533 parcissime
1098 486 1142 521 et
1166 482 1354 533 religiose
1380 481 1614 531 loquuntur
1634 492 1642 526 ;
1685 479 1824 530 copio-

221 534 350 573 siores
378 535 422 573 in
451 535 516 574 his
545 548 655 587 quae
685 537 819 588 magis
848 537 1093 576 conducunt
1121 536 1177 575 ad
1206 537 1322 575 vitae
1351 536 1570 587 pietatem.
1629 533 1822 572 Haereti-

221 601 366 627 corum
392 590 539 640 itaque
566 591 809 630 temeritate
835 591 1066 643 Apostolus
1086 591 1328 642 compulsus
1348 595 1413 629 est
1433 589 1621 640 apertius
1641 601 1824 627 asserere

221 642 388 682 Christo
428 644 619 684 diuinam
659 650 889 693 naturam;
945 646 1307 698 quemadmodum
1348 645 1602 683 Arianorum
1643 642 1824 682 audacia

139 699 204 738 380
219 697 426 749 compulsi
452 703 554 738 sunt
579 700 806 739 orthodoxi
832 705 975 752 patres
1001 701 1181 740 certiora
1207 699 1418 751 quaedam
1445 699 1497 737 de
1523 698 1648 737 rebus
1674 696 1823 736 iisdem

218 751 406 800 definire,
435 766 568 804 quum
597 755 824 794 maluerint
851 756 906 794 ab
934 755 1140 795 eiusmodi
1167 755 1292 794 rebus
1320 753 1568 792 definiendis
1596 752 1823 799 abstinere,

218 818 329 857 quae
361 811 406 846 et
436 807 559 860 longe
591 814 796 861 superant
827 810 1004 849 humani
1036 814 1211 861 captum
1243 809 1413 860 ingenii,
1446 821 1523 847 nec
1555 807 1636 846 nisi
1668 819 1823 858 magno

218 861 404 912 periculo
428 862 701 903 definiuntur.
758 864 901 916 Atque
925 865 1028 904 haec
1052 877 1150 915 pars
1174 864 1325 903 merito
1350 863 1476 902 beato
1501 861 1653 901 Ioanni
1675 861 1824 900 relicta

217 919 295 962 &Sto
328 915 425 956 Iesu
466 922 644 972 ἀγαπητῷ
684 921 745 958 καὶ
784 921 974 971 ἐρασμίῳ;
1031 932 1158 969 quem
1188 923 1238 957 vt
1266 918 1334 956 ille
1363 917 1438 968 qui
1466 916 1562 955 fons
1591 919 1656 955 est
1685 915 1823 954 omnis

136 971 196 1012 385
217 970 465 1021 sapientiae,
503 985 604 1023 prae
639 973 816 1012 caeteris
850 974 984 1025 magis
1017 973 1180 1020 dilexit,
1216 973 1279 1011 ita
1314 971 1571 1011 credendum
1606 974 1672 1009 est
1706 969 1823 1020 quod

217 1023 382 1074 plenius
421 1039 576 1066 arcana
613 1027 825 1079 quaedam
864 1029 964 1075 suis,
1002 1031 1054 1067 vt
1091 1028 1154 1066 ita
1191 1027 1355 1077 loquar,
1395 1025 1555 1064 deliciis
1591 1023 1825 1075 inspirarit.

218 1078 345 1118 Hunc
371 1080 500 1131 igitur
530 1084 783 1134 χριστόφιλον
819 1079 1078 1121 imbibamus
1113 1094 1272 1129 omneS‚
1308 1084 1358 1120 vt
1390 1084 1436 1119 et
1464 1080 1545 1131 ipsi
1580 1081 1824 1131 φιλόχριστοι

217 1132 307 1172 fieri
330 1147 579 1175 mereamur.

271 1187 459 1228 Tantum
483 1190 589 1229 illud
613 1190 814 1231 lectorem
839 1191 1107 1231 admonitum
1132 1204 1222 1230 esse
1246 1190 1358 1237 volo,
1384 1202 1452 1229 me
1476 1187 1649 1240 quidem
1673 1188 1718 1227 in
1742 1187 1822 1227 hoc

135 1251 201 1284 390
217 1253 342 1293 opere
375 1244 696 1295 probatissimos
730 1246 942 1285 Ecclesiae
975 1246 1169 1285 doctores
1202 1249 1432 1296 sequutum
1465 1243 1622 1291 fuisse;
1673 1255 1821 1282 verum

216 1308 292 1335 nec
320 1299 491 1349 passim,
519 1313 596 1339 nec
622 1301 667 1339 in
693 1301 903 1348 omnibus,
932 1300 1280 1352 quandoquidem
1305 1303 1351 1339 et
1376 1299 1457 1350 ipsi
1482 1299 1594 1338 inter
1619 1310 1709 1337 sese
1734 1310 1821 1336 non

215 1363 310 1390 raro
351 1352 621 1394 dissentiunt.
679 1355 853 1406 Semper
892 1360 1039 1395 tamen
1079 1356 1192 1394 bona
1230 1354 1314 1393 fide
1353 1353 1520 1406 profero
1560 1352 1677 1404 quod
1716 1352 1820 1390 mihi

215 1407 405 1457 germani
439 1420 585 1448 sensus
620 1422 709 1449 esse
744 1410 986 1457 videbatur,
1023 1423 1157 1461 quum
1192 1409 1471 1461 perspicerem
1507 1407 1562 1446 ab
1598 1406 1820 1446 autoribus

215 1461 398 1500 vetustis
440 1467 591 1502 contra
633 1464 941 1504 haereticorum
984 1465 1203 1516 opiniones
1246 1462 1562 1509 dimicantibus,
1606 1460 1819 1513 quaedam

132 1523 194 1557 395
214 1514 443 1555 violentius
467 1517 723 1570 detorqueri.
780 1519 923 1559 Nolim
947 1523 1094 1558 tamen
1117 1523 1167 1558 vt
1191 1519 1418 1570 quisquam
1441 1517 1540 1556 huic
1564 1516 1820 1567 Paraphrasi

214 1568 309 1620 plus
334 1570 500 1611 tribuat
523 1585 653 1624 quam
679 1573 918 1613 tributurus
943 1578 1036 1613 erat
1060 1573 1380 1620 commentario,
1405 1572 1441 1611 si
1465 1571 1819 1611 commentarium

213 1624 501 1675 scripsissem:
557 1640 805 1679 quanquam
844 1633 889 1667 et
927 1629 1196 1679 paraphrasis
1236 1626 1530 1666 commentarii
1568 1638 1699 1677 genus
1738 1629 1816 1663 est.

213 1677 458 1730 Allegorias,
492 1681 536 1719 in
569 1682 724 1733 quibus
758 1682 882 1722 video
916 1687 1109 1722 veterum
1142 1682 1351 1734 quosdam
1385 1681 1441 1720 ad
1473 1680 1817 1731 superstitionem

213 1745 347 1783 Vsque
363 1733 492 1774 fuisse
509 1735 744 1788 diligentes,
763 1738 943 1788 parcius,
962 1751 1038 1777 nec
1054 1737 1169 1776 vltra
1186 1750 1315 1788 quam
1333 1737 1437 1775 satis
1455 1749 1543 1774 esse
1559 1734 1818 1780 iudicabam,

127 1795 197 1827 400
213 1788 352 1838 attigi.
410 1789 576 1838 Valeto,
616 1791 816 1843 Princeps
856 1792 1136 1839 ornatissime,
1176 1792 1365 1842 totisque
1404 1790 1556 1830 studiis
1596 1788 1818 1840 Euangelii

210 1841 368 1892 gloriae
395 1842 541 1883 faueto
562 1858 576 1892 ;-
616 1846 674 1885 sic
704 1846 894 1885 Christus
926 1850 1015 1898 opt.
1053 1847 1167 1886 Max.
1198 1846 1383 1885 vicissim
1411 1845 1497 1884 tuis
1526 1844 1639 1883 votis
1667 1843 1818 1882 dexter

211 1897 384 1947 aspiret.
441 1898 646 1939 Basileae.
703 1900 828 1940 Anno
851 1912 1084 1941 M.D.XXIH.
1141 1901 1252 1941 Non.
1278 1900 1502 1940 Ianuariis.

619 2012 741 2052 1334.
803 2010 872 2053 To
904 2011 1038 2054 JoHN
1071 2011 1410 2054 CARONDELET.

260 2078 393 2114 Hilarii
409 2080 540 2125 Opera,
561 2093 572 2116 1
582 2091 623 2127 52
628 2093 660 2127 3,
677 2083 720 2118 f0.
738 2083 807 2119 aa2.
1528 2083 1645 2119 Basle.

262 2136 306 2171 N.
323 2148 358 2181 p.
379 2147 492 2182 1159:
520 2139 636 2174 Lond.
655 2141 780 2176 xxviii.
798 2143 818 2175 8
836 2154 844 2176 ι
872 2142 945 2177 LB.
962 2144 1042 2187 613.
1441 2151 1457 2187 5
1477 2142 1646 2186 January
1663 2142 1763 2187 1521—3.

257 2215 343 2255 [The
357 2217 494 2258 preface
508 2221 546 2250 to
560 2219 736 2251 Erasmus'
748 2221 882 2252 edition
896 2221 931 2253 of
946 2221 1081 2263 Hilary,
1095 2221 1207 2261 Basle,
1222 2222 1371 2261 Froben,
1384 2222 1466 2254 Feb.
1486 2231 1568 2263 1523
1583 2223 1632 2262 (α)
1649 2233 1657 2253 ε
1685 2218 1693 2233 ⁴
1708 2231 1813 2262 quem

211 2269 303 2291 nunc
322 2260 512 2293 Frobenius
528 2263 672 2294 excudit
686 2263 693 2276 ’
713 2264 823 2303 (Basil
840 2268 876 2296 to
895 2265 1060 2297 Boniface
1076 2265 1286 2303 Amerbach,
1303 2265 1416 2304 Basle,
1431 2267 1453 2297 6
1471 2266 1551 2298 Jan.
1574 2274 1656 2306 1523
1672 2277 1680 2296 t
1713 2264 1814 2296 Basle

211 2302 282 2334 MS.
299 2303 339 2335 G.
358 2304 404 2336 II.
425 2314 474 2345 13.
495 2307 581 2346 132).
620 2306 652 2338 A
664 2306 768 2339 letter
780 2308 817 2340 in
832 2308 998 2340 Froben's
1012 2319 1115 2340 name
1131 2319 1175 2341 on
1190 2309 1250 2341 the
1265 2309 1445 2351 title-page
1458 2309 1604 2341 informs
1619 2309 1678 2340 the
1694 2308 1816 2339 reader

210 2345 292 2396 that
311 2346 354 2379 he
374 2347 443 2380 will
462 2349 570 2391 easily
589 2359 644 2382 see
665 2350 743 2382 how
763 2351 868 2383 much
888 2351 948 2383 the
968 2363 1044 2384 new
1064 2356 1141 2384 text
1160 2363 1336 2394 surpasses
1358 2353 1366 2366 ⁶
1381 2353 1530 2394 priorem
1551 2352 1763 2383 aeditionem
1778 2351 1786 2364 ⁵
1804 2363 1813 2383 z

210 2389 323 2422 wlnch
340 2391 369 2422 is
388 2402 434 2424 no
453 2392 566 2425 doubt
585 2393 666 2425 that
684 2394 720 2426 of
740 2395 883 2433 Badius,
902 2395 1012 2434 Paris,
1033 2405 1045 2427 1
1069 2397 1149 2428 Jan.
1174 2405 1268 2437 1511.
1310 2396 1341 2428 A
1361 2396 1497 2428 Froben
1515 2395 1648 2427 edition
1668 2395 1703 2426 of
1721 2395 1810 2436 Aug.

212 2441 248 2482 115
254 2443 272 2474 3
278 2442 292 2474 5
312 2435 364 2475 (Β)
379 2435 408 2467 is
425 2435 603 2468 described
618 2447 656 2469 as
673 2436 783 2470 ‘nunc
801 2439 915 2470 denuo
931 2463 938 2470 .
958 2463 964 2470 .
984 2463 991 2471 .
1010 2440 1187 2482 recognita
1200 2440 1220 2471 '.
1260 2440 1296 2471 It
1312 2450 1381 2472 was
1397 2439 1559 2481 enlarged
1574 2439 1622 2480 by
1639 2439 1697 2470 the
1714 2438 1811 2470 addi-

207 2479 283 2509 tion
311 2478 347 2510 of
371 2488 393 2510 a
419 2480 561 2512 treatise
586 2480 637 2512 De
664 2480 778 2513 Patris
803 2487 832 2514 et
858 2482 946 2514 Filii
970 2483 1104 2522 vailate,
1130 2483 1243 2515 which
1269 2483 1339 2515 had
1370 2483 1457 2515 been
1487 2482 1627 2525 printed
1658 2482 1734 2514 first
1766 2482 1813 2524 by

209 2520 233 2552 J
235 2531 265 2569 0.
282 2521 480 2561 Sichardus,
494 2523 585 2555 from
599 2534 620 2556 a
635 2533 692 2557 MS.
710 2525 745 2557 of
758 2525 873 2558 whose
892 2527 1002 2567 origin
1025 2527 1067 2558 he
1081 2528 1177 2569 gives
1191 2538 1237 2559 no
1253 2531 1415 2566 account,
1433 2528 1470 2558 in
1485 2526 1684 2559 Antidotum
1698 2529 1811 2558 contra

210 2564 362 2597 dmersas
385 2567 538 2599 omnium
554 2566 626 2608 fere
649 2568 834 2601 seculo-rum
857 2570 1016 2608 haereses,
1032 2571 1143 2608 Basle,
1160 2571 1204 2603 H.
1230 2571 1439 2612 Petri,Aug.
1461 2572 1541 2612 1528
1559 2582 1567 2602 z
1596 2580 1651 2601 see
1668 2570 1704 2601 P.
1724 2569 1810 2601 Leh-

211 2618 330 2657 mann,
345 2609 519 2642 Johamaes
533 2611 729 2650 Szbhardus,
747 2622 842 2651 1912,
858 2624 916 2655 pp.
935 2623 986 2655 57,
1003 2624 1077 2646 210.
1118 2615 1160 2646 In
1175 2614 1235 2646 the
1250 2618 1328 2646 text
1342 2614 1378 2646 of
1393 2617 1415 2648 β
1431 2614 1502 2646 this
1517 2614 1546 2645 is
1561 2613 1758 2646 attributed
1772 2617 1810 2645 to

212 2651 335 2694 Hilary
346 2665 354 2689 ;
367 2653 432 2685 but
441 2664 462 2685 a
472 2658 554 2686 note
565 2665 609 2687 on
622 2655 681 2687 the
693 2667 792 2688 verso
802 2657 837 2689 of
848 2658 906 2689 the
919 2658 1112 2700 title—page,
1122 2658 1302 2701 evidently
1310 2658 1401 2690 from
1411 2658 1471 2690 the
1481 2658 1576 2689 hand
1587 2658 1621 2689 of
1632 2658 1812 2695 Erasmus,

211 2694 323 2727 shows
340 2696 431 2733 that,
450 2697 520 2729 like
537 2698 598 2730 the
615 2699 664 2730 De
681 2700 814 2740 duplici
830 2701 991 2741 martyrio
1009 2702 1045 2733 in
1062 2701 1123 2733 the
1139 2701 1292 2744 Cyprian
1310 2702 1345 2734 of
1365 2711 1376 2733 1
1384 2709 1399 2741 5
1406 2711 1448 2741 30
1464 2701 1544 2743 (Ep.
1566 2701 1675 2741 1000),
1693 2701 1724 2732 it
1739 2700 1809 2732 had

211 2738 298 2788 been
321 2744 374 2771 set
397 2751 445 2782 up
469 2741 619 2774 without
640 2743 693 2774 his
716 2743 928 2786 knowledge,
955 2744 962 2757 ⁶
976 2745 1077 2777 nobis
1099 2745 1195 2778 aliud
1219 2746 1403 2788 agentibus
1418 2746 1439 2784 ²,
1463 2745 1534 2777 and
1561 2745 1642 2776 that
1668 2745 1711 2776 he
1738 2754 1808 2775 was

209 2783 468 2832 quitedecided
482 2785 518 2817 in
535 2785 589 2818 his
604 2787 701 2818 mind
718 2787 798 2819 that
812 2789 842 2819 it
862 2799 932 2820 was
952 2792 1017 2821 not
1036 2790 1192 2831 genuine.
1244 2790 1345 2821 After
1359 2789 1535 2821 Erasmus’
1553 2788 1660 2820 death
1678 2788 1808 2819 Martin

210 2825 359 2867 Lypsms
377 2828 457 2869 (Ep.
479 2831 556 2870 750)
576 2830 710 2862 revised
728 2831 782 2862 his
801 2831 924 2873 Hilary
942 2833 1046 2873 again
1063 2833 1117 2864 for
1135 2833 1194 2865 the
1213 2833 1367 2865 Frobens
1389 2834 1426 2864 in
1453 2841 1546 2874 1550.
1593 2832 1636 2863 In
1660 2831 1764 2863 ΒΕΓ.1
1786 2841 1808 2862 a

210 2868 346 2901 Froben
363 2871 496 2903 edition
514 2872 549 2904 os
569 2875 652 2914 1526
670 2874 699 2906 is
717 2876 918 2907 mentioned
931 2888 940 2914 3
973 2876 1038 2908 but
1055 2876 1072 2908 I
1090 2876 1180 2908 have
1197 2880 1261 2908 not
1278 2877 1365 2909 been
1381 2876 1460 2909 able
1477 2880 1515 2908 to
1532 2885 1587 2907 see
1603 2885 1624 2906 a
1641 2885 1742 2916 copy.

254 2912 365 2945 When
387 2914 458 2946 this
478 2915 615 2957 preface
637 2928 707 2949 was
727 2918 890 2951 included
911 2929 1039 2962 among
1061 2920 1236 2952 Erasmus'
1261 2920 1432 2962 Epistolae
1452 2920 1489 2951 in
1510 2919 1544 2951 N
1565 2918 1622 2959 (ΟῙ-
1646 2926 1672 2956 1,
1694 2928 1728 2960 P·
1753 2927 1806 2959 39·

853 2981 927 3021 389.
953 2979 1018 3011 hoc
1033 2980 1108 3013 add.
1127 2981 1162 3015 β.

256 3071 330 3104 391.
354 3072 418 3094 nee
433 3063 576 3104 passim]
594 3062 647 3096 Cf.
666 3064 731 3106 Ep.
754 3071 848 3104 1159.
870 3073 945 3105 14n.
1043 3076 1117 3110 397.
1142 3063 1399 3104 commentarii]
1416 3064 1466 3098 Cf.
1486 3064 1551 3107 Ep.
1575 3073 1668 3106 1255.
1690 3066 1766 3107 3811.
