2012 3370
130 84 252 131 1512]
520 81 593 120 To
624 79 903 119 RUDBERT
934 79 1006 119 OF
1034 80 1277 120 MOSHAM
1646 82 1723 119 575

125 189 242 240 quod
262 190 482 229 ambierim
502 189 686 228 salutare
706 186 829 227 Card
851 186 1121 227 Gurcensem.
1170 187 1268 227 Non
1288 191 1515 227 contemno
1535 200 1726 238 proceres

128 243 367 291 Ecclesiae,
413 243 486 283 sed
513 244 572 282 sic
600 245 666 282 est
692 242 908 293 ingenium
937 254 1092 289 meum,
1123 242 1228 281 nihil
1256 243 1395 281 minus
1424 241 1567 280 ambio
1596 254 1725 293 quam

127 298 234 337 tales
281 298 571 344 salutationes,
619 296 868 348 praesertim
922 296 1039 347 apud
1092 295 1338 336 Germanos.
1412 296 1495 335 Hic
1541 297 1576 334 si
1622 295 1725 347 quid

125 353 288 404 ineptii,
313 353 419 391 scias
441 365 507 391 me
529 351 654 403 plane
676 349 963 401 gratificatum
986 351 1128 390 animo
1150 354 1240 390 tuo.
1292 351 1401 389 Eam
1424 350 1726 389 salutationem

128 407 161 445 si
181 406 359 458 perdidi,
380 405 484 445 m'hil
503 409 568 444 est
587 404 702 456 quod
723 417 789 442 me
817 417 1071 455 magnopere
1097 409 1283 444 moueat.
1341 404 1539 452 Quotidie
1566 404 1727 443 salutor

126 473 152 499 a
172 460 479 507 sordidissimis,
502 460 575 510 qui
595 462 765 498 extorta
784 459 914 497 etiam
934 459 1114 510 pecunia
1134 471 1201 497 me
1220 459 1374 505 rident,
1396 463 1473 498 aut
1492 458 1727 498 traducunt

125 515 237 554 inter
263 527 360 554 suos
386 513 670 554 combibones.
726 511 784 551 Et
809 516 956 551 tamen
981 511 1085 552 nihil
1112 517 1178 552 est
1203 512 1318 564 quod
1345 525 1421 564 ego
1448 525 1548 552 sane
1574 524 1727 564 querar

127 568 179 608 de
202 568 324 609 Card.
347 582 355 608 :
394 567 589 608 exhibuit
610 566 705 619 plus
728 566 1010 606 humanitatis
1033 579 1163 618 quam
1187 566 1482 618 expectabam.

181 623 249 662 An
275 622 473 663 Germani
497 622 707 674 principes
731 633 818 660 non
843 620 1007 660 soleant
1033 634 1277 672 quenquam
1303 620 1557 660 indonatum
1584 621 1724 660 dimit-

127 681 229 724 tere,
263 677 449 716 viderint
481 675 565 715 alii.
627 675 696 715 Me
725 678 837 714 certe
865 688 951 714 non
981 674 1161 714 offendit
1194 688 1244 714 ea
1277 676 1461 723 nouitas,
1496 676 1577 714 nisi
1611 674 1727 726 quod

126 731 314 771 salutato
340 730 539 770 Federico
566 730 672 769 duce
699 729 921 775 Saxoniae,
950 729 1154 780 postridie
1182 729 1384 780 Georgius
1412 728 1656 781 Spalatinus
1683 730 1726 768 in

125 785 235 825 lecto
261 784 533 825 decumbenti
559 784 715 824 detulit
741 785 964 823 materiam
991 785 1122 823 vestis
1149 783 1461 831 damascenam,
1490 796 1624 835 quum
1650 796 1726 834 ego

126 839 230 879 nihil
255 840 393 879 minus
419 840 685 878 somniarem.
741 838 919 890 Quoque
945 839 1078 889 magis
1104 837 1249 877 credas
1275 838 1390 889 quod
1416 838 1565 884 scribo,
1591 850 1725 876 recor-

126 893 226 933 dare
242 907 309 933 me
323 898 409 933 tres
427 893 719 934 hebdomadas
738 893 869 944 egisse
884 892 1095 939 Coloniae,
1112 905 1188 932 nec
1205 905 1253 931 eo
1269 896 1461 943 tempore
1481 904 1725 943 quenquam

127 947 377 988 Germaniae
404 949 637 1000 principem
665 960 691 987 a
718 960 785 986 me
813 946 1062 986 salutatum
1121 946 1341 994 Omnibus,
1372 947 1407 985 si
1434 959 1602 998 queam,
1631 959 1725 997 pro-

125 1002 245 1042 desse
268 1003 404 1054 cupio,
431 1003 585 1042 seruire
607 1002 795 1041 nemini:
834 1001 950 1053 quod
973 1002 1008 1040 si
1031 1001 1300 1040 seruiendum
1323 1005 1446 1048 esset,
1471 1000 1566 1052 plus
1589 1000 1726 1039 fastus

124 1057 317 1108 experior
349 1058 393 1096 in
427 1069 513 1096 vna
547 1069 675 1108 opera
707 1055 1018 1107 typographica
1053 1054 1303 1096 Germaniae
1338 1068 1468 1106 quam
1502 1056 1546 1094 in
1580 1054 1725 1094 decem

123 1112 330 1162 episcopis
355 1110 530 1163 Angliae
556 1115 632 1150 aut
658 1109 831 1150 Galliae.
885 1110 950 1150 Ne
975 1109 1029 1149 ob
1054 1110 1099 1149 id
1123 1109 1295 1161 quidem
1322 1123 1415 1148 sum
1441 1109 1527 1161 pilo
1553 1108 1726 1148 alienior

124 1178 149 1204 a
176 1166 361 1216 synceris
388 1164 639 1206 Germaniae
666 1165 824 1211 amicis,
853 1164 969 1215 quod
995 1165 1039 1203 in
1067 1163 1213 1203 multis
1239 1168 1283 1203 et
1309 1163 1437 1203 fidem
1464 1168 1508 1203 et
1535 1164 1722 1202 animum

124 1232 353 1259 memorem
370 1219 574 1259 desidero.
622 1219 739 1259 Haec
757 1219 853 1258 ideo
870 1218 1017 1265 refero,
1037 1232 1090 1258 ne
1108 1218 1211 1270 quid
1230 1219 1451 1270 suspiceris
1470 1231 1537 1257 me
1555 1217 1723 1257 alienio-
1773 1240 1783 1245 -

122 1286 211 1313 rem
231 1273 395 1313 factum
414 1273 501 1313 vlla
519 1274 572 1313 de
591 1286 732 1313 causa.

179 1328 423 1367 Amicorum
458 1329 717 1368 mentionem
751 1327 870 1367 vides
903 1340 1034 1378 quam
1067 1327 1296 1366 liberaliter
1328 1326 1499 1366 fecerim
1532 1328 1577 1366 in
1609 1326 1726 1365 libris

124 1383 291 1429 nostris,
335 1381 533 1422 videlicet
574 1381 810 1433 obsequens
850 1380 1018 1421 illorum
1060 1381 1232 1420 affectui
1274 1382 1417 1432 potius
1459 1393 1589 1432 quam
1631 1393 1725 1419 meo

122 1435 290 1476 iudicio.
349 1436 416 1475 Ex
444 1436 509 1475 his
537 1435 656 1476 vides
685 1449 815 1487 quam
845 1437 969 1487 pauci
998 1436 1263 1487 perstiterint
1290 1436 1333 1474 in
1363 1436 1565 1482 amicitia,
1595 1448 1725 1486 quam

123 1489 247 1530 multi
275 1492 385 1530 versi
412 1491 456 1530 in
485 1490 641 1530 hostes.
699 1490 757 1529 Et
785 1494 931 1529 tamen
960 1490 1111 1528 horum
1141 1489 1266 1541 culpa
1294 1502 1380 1529 non
1407 1493 1581 1529 tantum
1610 1487 1727 1528 valet

121 1543 237 1595 apud
258 1557 338 1592 me,
361 1549 411 1584 vt
432 1545 571 1584 minus
592 1557 731 1584 amem
753 1543 1012 1584 Bilibaldum
1034 1548 1307 1596 caeterosque
1328 1543 1531 1583 candidos
1553 1544 1724 1582 amicos.

123 1598 254 1638 Porro
267 1599 382 1650 quod
396 1599 440 1638 in
453 1598 607 1639 litteris
621 1600 725 1638 meis
739 1598 855 1638 nulla
868 1600 933 1638 tui
948 1600 1108 1638 mentio
1122 1598 1240 1638 facta
1253 1603 1330 1644 est,
1347 1599 1532 1649 primum
1547 1601 1726 1649 excepto

122 1654 293 1692 nomine
320 1657 365 1692 te
393 1657 536 1692 totum
565 1654 709 1692 animo
737 1653 951 1700 tenebam,
983 1652 1134 1692 deinde
1164 1666 1207 1692 se
1236 1652 1353 1692 nulla
1382 1652 1516 1692 dabat
1546 1653 1723 1691 occasio.

123 1707 181 1747 Et
204 1712 306 1747 sunt
328 1708 401 1759 qui
425 1707 578 1747 nolunt
600 1709 644 1747 in
668 1708 836 1758 scriptis
859 1708 963 1746 meis
985 1708 1195 1746 nominari
1217 1721 1224 1746 :
1265 1707 1416 1746 horum
1441 1707 1725 1758 querimonias

122 1774 431 1814 nonnunquam
468 1762 607 1801 audio.
669 1761 793 1810 Quod
828 1766 872 1802 te
909 1761 964 1800 ab
1008 1761 1129 1801 aulae
1167 1762 1339 1801 seruitio
1375 1762 1607 1808 extricaris,
1646 1761 1725 1801 hoc

123 1817 257 1868 magis
285 1816 432 1867 probo,
464 1816 580 1868 quod
608 1815 652 1855 id
680 1816 819 1856 fecisti
848 1820 1027 1855 mature.
1087 1815 1279 1855 Efficiam
1310 1816 1439 1867 igitur
1467 1815 1647 1867 posthac
1677 1819 1727 1854 vt

122 1883 200 1910 nec
229 1869 414 1910 Laurino
442 1883 519 1910 nec
549 1870 761 1910 Bilibaldo
789 1870 995 1917 inuideas,
1022 1871 1056 1910 si
1081 1874 1227 1909 tamen
1252 1870 1356 1909 haec
1381 1869 1638 1921 appellanda
1662 1874 1725 1908 est

122 1924 296 1965 inuidia.
357 1924 591 1965 Laurinum
622 1938 649 1964 a
678 1937 809 1977 puero
840 1926 954 1972 noui,
988 1938 1014 1963 a
1045 1924 1258 1964 Bilibaldo
1289 1924 1426 1964 multo
1457 1924 1552 1976 plus
1584 1925 1726 1975 accepi

122 1978 227 2018 lucis
242 1991 373 2031 quam
388 1979 590 2019 dederim.
623 1979 746 2027 Quod
763 1992 829 2019 me
845 1979 1085 2019 adhortaris
1099 1979 1154 2018 ad
1166 1978 1336 2018 fortiter
1349 1979 1574 2030 agendum,
1590 1977 1726 2018 multo

123 2033 409 2085 gratissimum
435 2037 512 2082 est,
539 2035 670 2074 etiam
695 2034 730 2073 si
754 2034 799 2073 id
824 2046 919 2073 mea
943 2037 1096 2086 sponte
1120 2033 1343 2072 faciebam.
1397 2033 1586 2072 Tantum
1611 2032 1728 2072 dolet

123 2087 391 2138 quorundam
411 2089 586 2128 insaniis
605 2101 776 2140 pessum
796 2089 855 2128 ire
875 2092 970 2128 tum
991 2087 1273 2140 Euangelium
1293 2092 1388 2127 tum
1411 2087 1545 2127 bonas
1567 2087 1724 2127 lit-eras.

123 2141 176 2181 R.
194 2141 248 2181 D.
267 2141 490 2192 E<rnesti>
522 2143 622 2182 mihi
655 2155 730 2194 per
766 2147 811 2182 te
839 2142 1056 2182 refrictam
1090 2155 1179 2182 esse
1210 2143 1457 2181 memoriam
1488 2141 1572 2181 fuit
1602 2141 1725 2181 vehe-

123 2200 287 2236 menter
310 2200 493 2248 gratum.

179 2248 222 2290 Si
266 2250 454 2290 medicus
499 2250 742 2291 Antoninus
787 2251 1074 2292 Cassouiensis
1117 2251 1195 2290 has
1238 2250 1484 2297 reddiderit
1531 2263 1633 2301 rogo
1678 2254 1728 2288 vt

122 2305 319 2344 iuuenem
353 2318 601 2358 cognoscere
634 2306 751 2345 velis.
814 2305 1017 2358 Cognitus
1050 2305 1237 2357 placebit
1270 2309 1337 2344 sat
1371 2305 1485 2344 scio:
1536 2304 1728 2343 discessit

122 2358 220 2398 hinc
240 2371 334 2399 meo
354 2372 508 2412 magno
528 2359 684 2400 dolore.

177 2412 292 2453 Bene
318 2413 425 2461 vale,
454 2414 617 2454 Datum
643 2414 835 2454 Basileae
860 2414 968 2466 prid.
997 2414 1101 2453 Idus
1127 2413 1338 2453 Nouemb.
1366 2423 1615 2452 M.D.xxm1.

741 2513 795 2544 47.
821 2503 1031 2536 Nouembris
1049 2503 1092 2536 N.

168 2591 199 2622 6.
225 2590 406 2623 ambies-im
430 2590 598 2630 salutare]
626 2592 694 2624 For
720 2591 791 2624 this
821 2592 887 2624 dis-
957 2592 1055 2625 there
1073 2593 1108 2625 in
1131 2601 1268 2633 15023.

125 2633 266 2666 claimor
279 2633 321 2665 cf.
338 2633 403 2675 Ep.
423 2643 518 2674 1400.
538 2635 655 2667 16-21.
1000 2646 1055 2675 41.
1081 2636 1296 2675 Antoninus]
1314 2636 1376 2669 See
1395 2636 1459 2677 Ep.
1485 2638 1580 2668 1602.

168 2679 199 2710 8.
225 2676 471 2717 salutationes]
489 2677 540 2710 cf.
560 2677 626 2720 Ep.
650 2687 743 2719 1342.
770 2681 866 2719 158n.
1000 2681 1054 2718 46.
1080 2679 1214 2719 dolore]
1233 2679 1300 2712 For
1318 2679 1495 2712 Erasmus'
1515 2679 1726 2718 obligations

173 2721 223 2753 16.
248 2720 431 2762 postridie]
450 2722 472 2753 6
494 2721 583 2754 Now
611 2730 719 2763 1520:
755 2722 798 2754 ef.
823 2722 909 2764 Eps
957 2726 995 2755 to
1022 2723 1094 2755 him
1121 2733 1177 2755 sce
1203 2732 1227 2760 1,
1255 2734 1289 2764 p.
1315 2724 1369 2764 46.
1396 2732 1510 2764 415:
1549 2722 1663 2755 added
1689 2725 1724 2755 in

129 2773 210 2805 1155
228 2764 357 2796 introd.
962 2775 1055 2807 1524.
1102 2766 1174 2798 The
1195 2770 1320 2799 nature
1342 2766 1379 2798 of
1399 2766 1459 2798 the
1483 2766 1559 2799 leo
1580 2766 1724 2800 astrolo-

171 2817 189 2840 2
195 2815 223 2848 5.
249 2807 422 2848 desidem]
436 2807 487 2840 cf.
502 2807 567 2849 Ep.
588 2809 681 2848 1388.
696 2818 775 2840 2211.
956 2810 1053 2851 gicus
1097 2809 1196 2842 there
1216 2810 1417 2842 mentioned
1436 2811 1465 2842 is
1485 2810 1670 2852 explained
1689 2811 1725 2843 in

172 2854 225 2891 38.
277 2862 298 2883 a
336 2850 460 2893 puero]
497 2851 596 2893 They
632 2851 702 2883 had
741 2856 815 2884 met
851 2857 892 2884 at
959 2864 980 2885 a
1007 2853 1113 2885 letter
1138 2853 1228 2886 from
1258 2854 1458 2886 Antoninus
1486 2858 1524 2886 to
1559 2854 1726 2887 Boniface

126 2894 344 2934 Bologna'in
375 2896 469 2936 1506,
497 2895 596 2927 when
623 2894 795 2928 Laui-inus
821 2906 891 2928 was
961 2896 1168 2933 Amerbach,
1187 2897 1277 2929 from
1297 2896 1447 2935 Orac-ow,
1471 2899 1510 2929 16
1529 2897 1617 2941 Aug.
1643 2907 1723 2939 153

128 2940 166 2971 18
189 2937 268 2979 (Ep.
291 2947 365 2970 201.
388 2940 473 2977 2n):
506 2938 575 2970 and
596 2938 752 2980 possibly
770 2938 893 2971 earlier
960 2939 1076 2979 (Basle
1102 2940 1174 2973 MS.
1203 2940 1243 2973 G
1273 2940 1320 2973 .
1351 2950 1400 2981 14.
1426 2943 1530 2981 222):
1561 2942 1723 2975 Bracteo-

127 2987 165 3014 at
185 2981 354 3016 Louvain.
375 2982 499 3024 during
520 2982 696 3014 Erasmus'
719 2982 891 3014 residenoo
961 2985 1029 3016 lam
1083 2995 1223 3016 auream
1277 2984 1515 3023 orbicularem,
1569 2986 1603 3017 in
1656 2996 1725 3026 qua

1748 421 1786 442 10

1748 693 1784 725 15

1745 967 1787 989 20

1747 1512 1788 1542 30

1747 1776 1784 1808 35

1744 2049 1788 2079 40

1744 2322 1785 2353 45
