2012 3370
296 133 371 171 192
762 132 1017 171 LETTERS
1049 132 1121 171 OF
1151 131 1414 171 ERASMUS
1764 133 1887 182 [1523

209 250 270 289 885
291 247 556 289 contuentes,
597 246 856 293 potestatem
895 242 1075 288 animae,
1115 253 1224 291 quae
1261 254 1305 279 se
1342 242 1471 292 signis
1508 245 1552 280 et
1588 241 1715 280 factis
1752 242 1890 281 Deum

290 297 560 348 probauerat,
592 309 717 334 nemo
747 295 1019 346 quaerebat'.
1078 295 1159 334 Hic
1178 308 1323 334 rursus
1351 301 1579 334 contuentes
1609 297 1795 346 positum
1826 301 1892 335 est

290 364 366 402 pro
404 365 453 390 eo
490 351 605 402 quod
643 355 735 389 erat
771 351 869 389 dum
906 354 1156 389 contuentur.
1214 350 1356 402 Atque
1393 351 1497 389 haec
1534 350 1717 401 exempli
1753 353 1892 402 gratia

289 406 482 444 retulisse
503 405 729 444 suffecerit.

344 460 427 499 Sed
464 472 545 498 nae
584 472 660 510 ego
697 459 917 510 insigniter
955 458 1192 510 impudens,
1233 460 1306 510 qui
1345 460 1544 498 lectorem
1584 459 1759 498 auidum
1798 463 1889 499 tam

207 522 274 561 890
289 514 456 565 loquaci
496 514 760 565 praefatione
800 526 983 552 remorer
1022 526 1048 551 a
1086 513 1266 553 lectione
1305 514 1439 553 diuini
1480 515 1629 564 operis.
1687 514 1891 553 Desinam

289 570 430 619 igitur,
453 570 486 607 si
507 570 623 619 prius
643 582 776 607 vnum
796 568 901 607 illud
921 568 997 607 abs
1017 572 1060 606 te
1080 569 1254 619 petiero,
1277 568 1524 607 Praesulum
1545 569 1719 619 optime,
1741 573 1791 607 vt
1810 568 1891 608 hoc

289 623 492 674 quicquid
514 627 579 662 est
599 623 768 669 laboris,
791 627 868 662 tuo
889 622 1080 662 dicatum
1101 624 1275 666 nomini.
1299 624 1381 661 mei
1403 636 1501 674 erga
1521 627 1565 662 te
1587 623 1718 661 studii
1739 623 1890 674 pignus

289 690 338 716 ac
377 682 703 717 monumentum
741 690 830 716 esse
868 677 983 716 velis
1044 677 1154 724 Quid
1193 679 1542 728 praestiterimus,
1582 677 1761 716 aliorum
1799 681 1891 716 esto

288 731 505 771 iudicium.
564 732 686 771 Certe
732 733 895 783 magnis
941 731 1165 771 sudoribus
1210 732 1355 770 adnixi
1401 745 1547 770 sumus
1593 736 1642 771 vt
1688 731 1889 777 Hilarius,

206 793 268 834 803
289 787 461 825 Vnicum
495 786 600 826 illud
636 786 867 826 Galliarum
903 787 1058 833 lumen,
1096 787 1317 837 aliquanto
1352 788 1598 837 castigatior
1633 799 1682 825 ac
1716 786 1891 825 nitidior

288 842 424 880 exiret
450 842 495 880 in
523 854 674 880 manus
702 842 936 880 hominum.
995 841 1189 880 Prodibit
1217 846 1362 880 autem
1390 845 1434 880 et
1461 842 1696 892 gratiosior,
1727 842 1761 879 si
1789 845 1890 879 tuus

289 897 511 935 accesserit
545 895 696 942 fauor3
750 897 868 935 cuius
904 897 1041 946 prima
1077 900 1142 934 est
1178 895 1293 945 apud
1329 908 1475 934 omnes
1511 897 1733 941 autoritas,
1772 896 1890 934 cuius

287 951 453 1001 integra
490 963 751 1001 synceraque
788 950 945 988 iudicia
982 949 1086 988 nulli
1124 962 1209 988 non
1246 954 1469 1000 perspecta
1506 954 1620 988 sunt.
1678 949 1889 988 Nimirum

287 1004 516 1056 respondes
541 1006 730 1056 egregiae
756 1004 1089 1044 Carondileticae
1114 1005 1252 1054 gentis
1276 1003 1421 1050 indoli,
1450 1005 1568 1042 euius
1593 1003 1695 1042 felix
1720 1003 1888 1042 foecun-

205 1074 270 1103 000
287 1058 400 1097 ditas
420 1059 543 1098 nobis
564 1063 732 1109 praeter
751 1060 954 1097 eximium
975 1058 1094 1096 illum
1115 1058 1384 1108 Burgondiae
1406 1058 1711 1097 Cancellarium
1732 1058 1890 1097 multos

286 1113 407 1152 dedit
427 1127 434 1152 :
474 1126 655 1164 quorum
678 1125 754 1164 ego
776 1114 965 1164 quinque
986 1113 1101 1159 noui,
1124 1113 1238 1151 viros
1259 1125 1345 1151 non
1368 1113 1507 1151 minus
1529 1112 1738 1151 humanos
1760 1125 1888 1164 quam

286 1168 485 1218 integros,
509 1169 710 1219 omnique
731 1180 881 1218 genere
902 1170 1250 1206 ornamentorum
1272 1167 1524 1206 cumulatos.

342 1222 470 1261 Vides
501 1223 631 1274 igitur
663 1222 767 1273 quid
800 1235 942 1269 vener,
976 1222 1176 1260 nimirum
1210 1226 1260 1260 vt
1292 1235 1344 1260 ex
1378 1221 1675 1261 Carondiletici
1707 1223 1890 1260 nominis

286 1276 509 1328 splendore
528 1277 720 1316 nonnihil
739 1276 898 1316 fauoris
918 1276 1136 1315 conciliem
1157 1276 1333 1323 Hilario,
1355 1289 1483 1327 quem
1503 1280 1674 1327 oportet
1693 1276 1891 1315 omnibus

203 1346 265 1378 905
287 1343 430 1370 sacrae
464 1331 683 1370 doctrinae
716 1331 917 1370 studiosis
951 1344 1039 1370 esse
1073 1331 1551 1369 commendatissimum.
1610 1330 1744 1369 Video
1778 1331 1889 1369 enim

286 1386 495 1436 quosdam
515 1399 616 1436 prae
635 1387 756 1424 nouis
775 1386 926 1424 libellis
944 1386 1017 1436 qui
1036 1398 1149 1424 nunc
1169 1385 1444 1436 vndiquaque
1463 1385 1704 1436 prouolant,
1726 1389 1890 1424 veteres

287 1445 457 1479 autores
477 1440 670 1479 fastidire
689 1453 698 1479 ε
736 1441 955 1479 intantum
977 1444 1026 1478 vt
1048 1444 1093 1478 et
1114 1439 1336 1490 Origenem
1358 1444 1401 1478 et
1423 1439 1734 1491 Hieronymum
1756 1439 1890 1478 veluti

287 1496 593 1546 sexagenarios,
623 1494 738 1545 quod
765 1500 830 1534 est
855 1496 899 1533 in
926 1494 1163 1545 prouerbio,
1192 1494 1244 1532 de
1272 1498 1403 1545 ponte
1428 1494 1720 1533 deturbandos
1746 1494 1888 1533 existi·

288 1554 420 1588 ment.
479 1549 569 1601 Ego
605 1562 705 1588 vero
741 1554 791 1588 vt
825 1562 911 1588 non
947 1549 1130 1588 arbitror
1164 1548 1492 1599 aspernandum,
1529 1550 1563 1587 si
1598 1548 1702 1599 quid
1737 1548 1889 1587 horum

203 1618 269 1650 910
285 1607 528 1654 temporum
549 1605 717 1654 ingenia
738 1603 807 1642 vel
827 1604 1111 1654 excogitarint
1131 1602 1198 1641 vel
1218 1604 1500 1642 instaurarint
1519 1617 1527 1649 3
1566 1604 1628 1642 ita
1649 1604 1804 1642 mentis
1826 1607 1891 1642 est

286 1658 518 1709 improbae,
560 1659 769 1696 vetustati
809 1671 895 1696 non
935 1671 1059 1696 suum
1099 1656 1260 1696 deferre
1300 1657 1516 1704 honorem,
1557 1658 1749 1708 ingratae
1790 1670 1890 1696 vero

287 1713 430 1759 etiarn,
447 1725 517 1751 eos
530 1714 698 1751 reiicere
712 1725 894 1763 quorum
907 1712 1142 1751 industriae
1155 1716 1328 1750 tantum
1342 1712 1471 1751 debet
1485 1711 1598 1750 orbis
1612 1712 1890 1752 Christianus.

289 1766 400 1814 Quid
422 1768 534 1805 enim
555 1781 668 1805 nunc
690 1780 908 1818 possemus
929 1768 973 1805 in
995 1767 1123 1805 sacris
1143 1766 1276 1805 literis
1296 1767 1377 1805 nisi
1399 1766 1602 1817 Origenis,
1625 1766 1889 1813 Tertulliani,

288 1821 592 1872 Chrysostomi,
629 1821 892 1873 Hieronymi,
929 1821 1094 1867 Hilarii,
1130 1821 1358 1872 Augustini
1392 1821 1680 1859 monumentis
1714 1820 1888 1859 adiuti?

203 1891 266 1923 915
289 1875 380 1927 Ego
404 1889 504 1915 vero
527 1889 603 1915 nec
627 1876 815 1915 Thomae
835 1889 911 1915 nec
941 1876 1056 1915 Scoti
1085 1876 1214 1914 libros
1242 1877 1286 1914 in
1312 1879 1455 1914 totum
1485 1875 1772 1925 antiquandos
1801 1888 1890 1914 esse

288 1930 411 1969 duco.
470 1930 679 1981 Scripsere
723 1943 799 1969 suo
843 1930 995 1976 seculo,
1041 1930 1262 1981 multaque
1305 1930 1428 1968 nobis
1470 1943 1493 1968 e
1536 1934 1729 1968 veterum
1772 1929 1890 1968 libris

288 1984 457 2031 hausta,
506 1985 704 2024 subtilius
751 1998 927 2024 excussa
974 1985 1257 2024 tradiderunt.
1315 1984 1540 2024 Caeterum
1586 1997 1663 2022 nec
1709 1985 1889 2023 istorum

288 2039 585 2078 inciuilitatem
615 2040 818 2090 approbo,
849 2041 923 2090 qui
951 2039 1049 2078 huic
1078 2044 1277 2078 autorum
1307 2040 1447 2090 generi
1475 2042 1648 2078 tantum
1676 2038 1888 2085 tribuunt,

289 2097 340 2132 vt
385 2093 506 2132 bonis
552 2094 684 2133 literis
729 2093 907 2133 feliciter
953 2094 1110 2144 vbique
1156 2093 1511 2144 repullulantibus
1557 2093 1890 2144 obstrependum

204 2162 272 2194 920
289 2152 457 2198 putent.
515 2148 667 2187 Variae
682 2153 784 2187 sunt
798 2149 1061 2199 ingeniorum
1078 2148 1212 2195 dotes,
1231 2147 1391 2187 multae
1407 2147 1643 2186 seculorum
1659 2148 1890 2186 varietates

289 2206 402 2241 sunt.
463 2201 587 2249 Quod
629 2204 808 2253 quisque
851 2207 1007 2253 potest,
1052 2204 1097 2241 in
1140 2202 1327 2241 medium
1370 2202 1587 2253 proferat;
1646 2215 1723 2240 nec
1767 2201 1889 2240 alteri

289 2258 517 2307 quisquam
536 2257 741 2303 inuideat,
764 2258 837 2308 qui
858 2270 934 2308 pro
954 2270 1031 2295 sua
1052 2256 1161 2295 Virili
1182 2269 1342 2307 suoque
1363 2256 1490 2295 modo
1511 2260 1690 2295 conatur
1710 2256 1890 2307 publicis

290 2311 442 2350 studiis
469 2311 669 2350 vtilitatis
696 2311 857 2362 aliquid
884 2311 1123 2362 adiungere.
1182 2311 1406 2350 Veteribus
1433 2311 1612 2349 debetur
1638 2311 1888 2357 reuerentia,

291 2367 538 2416 praesertim
564 2379 670 2416 quos
696 2370 864 2416 praeter
889 2366 1169 2404 eruditionem
1196 2369 1240 2404 et
1264 2365 1551 2415 eloquentiam
1578 2365 1693 2403 vitae
1719 2377 1889 2415 quoque

206 2434 269 2467 925
291 2420 563 2459 commendat
590 2421 883 2467 sanctimonia,
913 2420 985 2459 sed
1012 2421 1075 2458 ita
1101 2424 1151 2458 vt
1177 2432 1274 2458 cum
1300 2419 1456 2458 iudicio
1482 2418 1705 2470 legantur:
1748 2431 1887 2457 recen-

290 2475 469 2513 tioribus
482 2475 661 2513 debetur
674 2475 843 2521 candor,
865 2479 914 2513 vt
934 2475 1093 2525 absque
1111 2474 1273 2512 inuidia
1291 2473 1498 2524 legantur,
1518 2486 1595 2512 nec
1614 2474 1703 2511 sine
1722 2473 1888 2512 delectu

290 2532 448 2567 tamen.
506 2529 632 2568 Absit
653 2534 797 2568 autem
819 2529 976 2580 vbique
997 2529 1165 2567 rabiosa
1186 2529 1416 2574 contentio,
1439 2529 1555 2578 pacis
1576 2532 1619 2566 et
1640 2527 1889 2566 concordiae

290 2584 450 2634 pestis;
494 2596 571 2622 nec
599 2584 742 2622 absint
770 2597 795 2622 a
824 2584 976 2622 studiis
1004 2583 1189 2630 Gratiae,
1219 2595 1326 2634 quas
1353 2582 1571 2621 Musarum
1600 2583 1776 2621 comites
1803 2594 1889 2620 non

290 2641 449 2676 temere
472 2637 598 2676 finxit
621 2639 871 2689 antiquitas.

206 2705 274 2738 930
344 2691 682 2742 Amplitudinem
701 2696 824 2731 tuam
845 2692 918 2731 diu
938 2692 1060 2731 nobis
1079 2691 1334 2731 incolumem
1355 2694 1496 2730 seruet
1514 2691 1550 2730 is
1570 2691 1659 2730 sine
1679 2703 1764 2742 quo
1785 2689 1889 2729 nihil

289 2758 379 2785 esse
401 2750 545 2797 potest
569 2747 747 2793 saluum,
774 2747 1022 2785 Praesulum
1045 2748 1325 2785 ornatissime.

345 2800 549 2840 Basileae.
606 2800 741 2841 Nonis
761 2801 985 2840 Ianuariis.
1042 2800 1167 2839 Anno
1189 2814 1213 2839 a
1235 2799 1369 2839 natali
1391 2799 1546 2840 Christi
1566 2809 1780 2838 M.D.XX11.

916 2880 989 2917 889.
1017 2888 1083 2909 nae
1100 2879 1142 2911 B:
1174 2888 1216 2909 116
1235 2890 1265 2909 α.

303 2922 419 2980 μ7999
436 2923 701 2980 Cancellarium]
728 2943 822 2975 John
850 2942 1058 2975 Carondelet
1126 2942 1260 2975 tional:
1293 2953 1347 2974 see
1367 2942 1432 2982 Ep.
1456 2949 1549 2981 1345.
1570 2950 1666 2983 47—9.

291 2985 449 3025 (11501),
467 2985 526 3016 the
541 2985 663 3026 Abp.'s
678 2986 814 3022 father;
840 2986 882 3017 cf.
899 2987 964 3027 Ep.
981 2988 1056 3026 803.
1172 2996 1246 3025 901.
1273 2985 1439 3026 quinque]
1458 2984 1510 3016 (tf.
1531 2984 1595 3024 Ep.
1618 2990 1711 3022 1350.
1735 2994 1812 3025 2511.

295 3037 371 3060 12n.
431 3028 505 3059 The
541 3039 732 3071 vagueness
768 3030 848 3061 here
882 3030 911 3061 is
946 3030 1059 3060 inten-
1171 3031 1244 3069 908.
1272 3029 1314 3061 de
1333 3026 1454 3070 ponte]
1472 3027 1534 3060 See
1554 3029 1617 3070 Ep⁴
1643 3028 1737 3059 1062.
1759 3036 1835 3070 57n.
