2012 3370
106 128 227 178 1479]
616 126 689 166 TO
719 125 862 165 ΗΑΙΟ
894 126 1185 165 HERMANN
1619 125 1699 163 519

102 237 284 277 Senecae
314 249 411 276 cum
441 235 734 284 Quintiliano?
775 234 879 286 quid
909 234 1171 282 Quintiliano
1201 246 1297 272 cum
1321 233 1555 273 Cicerone?
1597 232 1701 281 quid

103 290 269 330 Valerio
298 290 486 330 Maximo
515 302 610 328 cum
639 288 861 329 salustio?
908 288 1012 341 quid
1045 288 1165 327 Liuio
1199 301 1296 327 cum
1327 286 1486 335 Quinto
1515 285 1697 326 Curtio?
1723 304 1780 336 115

103 345 206 398 quid
238 344 392 385 Ouidio
422 356 518 382 cum
552 342 770 382 Horatio?
818 342 916 381 Non
947 342 1071 382 obsto
1101 355 1186 394 quo
1220 343 1359 381 minus
1390 341 1462 380 alii
1494 341 1701 380 mirentur

102 399 332 438 dictionem
357 398 541 437 Pontani
560 411 568 443 ;
610 409 687 447 ego
710 400 878 447 praeter
903 397 1106 436 orationis
1129 409 1216 435 non
1239 397 1512 435 inamoenum
1537 394 1700 435 fluxum

102 457 145 492 et
172 453 398 492 verborum
424 452 641 496 tinnitum,
670 450 774 489 nihil
799 452 843 489 in
868 450 941 489 illo
967 463 1221 502 magnopere
1247 451 1442 501 suspicio.
1497 448 1701 488 Marullus

104 507 206 546 mihi
239 507 409 546 videtur
440 505 545 545 nihil
577 505 693 544 aliud
725 517 874 544 sonare
907 518 1038 556 quam
1070 505 1380 556 paganismum.
1443 504 1501 542 Et
1534 503 1588 542 ob
1622 502 1701 543 hoc

102 563 242 612 ipsum
257 561 449 600 fortassis
462 560 555 599 istis
570 559 729 611 gratior
744 563 809 598 est
824 558 1027 597 Marullus
1043 571 1174 610 quam
1189 558 1462 597 Mantuanus.
1509 557 1702 597 Oderunt
1724 576 1786 600 120

103 616 259 655 Christi
276 627 431 654 nomen
451 628 459 653 z
494 613 609 665 quod
627 617 774 652 nostra
792 612 1007 652 barbaries
1026 614 1192 652 vtinam
1211 612 1384 664 perinde
1404 612 1635 663 synceriter
1653 623 1701 650 ac

105 670 377 709 vehementer
403 667 756 720 amplecteretur!
802 667 959 706 Verum
986 666 1090 719 quid
1116 666 1220 706 haec
1248 666 1304 705 ad
1329 678 1419 705 rem
1441 669 1456 705 ¹?
1501 665 1559 705 Vt
1586 665 1700 717 pala·

105 729 259 771 torum,
287 724 350 762 ita
375 723 639 775 ingeniorum
666 733 830 773 semper
855 721 972 760 fuere
999 721 1167 761 diuersa
1193 720 1362 768 iudicia,
1391 733 1467 759 nec
1494 720 1591 759 ideo
1617 733 1703 759 non

104 779 255 830 cuique
274 777 418 817 libera.

158 832 276 872 Bella
299 844 399 871 vero
421 831 577 870 facetia
599 830 652 869 de
675 829 955 882 porrophago‚
981 830 1103 881 quasi
1126 830 1254 868 toties
1278 832 1376 867 vtar
1399 828 1479 867 hac
1501 827 1701 875 dictione,
1726 848 1782 880 125

102 891 180 926 aut
212 887 335 938 quasi
368 890 465 925 Vtar
497 890 589 924 tam
621 885 786 924 inscite.
850 884 973 932 Quod
1007 883 1113 922 alius
1146 883 1239 930 1100,
1276 882 1383 921 alius
1416 882 1523 921 illud
1554 883 1599 921 in
1634 893 1701 920 me

102 940 327 987 desiderat,
347 940 411 980 bis
428 952 591 979 morose
608 938 795 987 faciunt3
826 940 1011 992 primum
1031 939 1105 990 qui
1125 937 1180 977 ab
1202 950 1287 976 vno
1306 937 1526 988 requirant
1547 937 1703 983 omnia,

104 995 286 1047 denique
312 995 386 1046 qui
413 995 633 1045 requirant
661 993 740 1032 hoc
769 1006 795 1033 a
824 994 1027 1044 scriptore
1050 992 1166 1044 quod
1194 1004 1281 1031 non
1306 990 1544 1043 profitetur.
1600 989 1705 1029 Mihi

101 1050 205 1088 satis
219 1053 284 1088 est
298 1051 333 1088 si
345 1050 390 1088 in
404 1052 654 1100 argumento
668 1051 864 1099 suscepto
879 1048 937 1086 sic
952 1060 1094 1086 versor
1108 1051 1158 1086 vt
1172 1058 1442 1098 praecurram
1456 1045 1704 1096 superiores,

104 1104 286 1143 Etiamsi
309 1103 570 1142 nominasses
593 1103 726 1141 istum
750 1103 824 1154 qui
848 1101 1109 1141 Aleandrum
1134 1101 1313 1140 Erasmo
1337 1099 1523 1152 praefert
1547 1100 1591 1138 iu
1617 1111 1704 1138 om·
1728 1120 1787 1151 130

101 1158 240 1205 nibus,
272 1157 377 1197 nihil
407 1161 500 1196 erat
529 1156 717 1208 periculi.
776 1155 889 1195 Nam
920 1160 964 1195 et
993 1157 1083 1207 ipse
1114 1155 1345 1207 plurimum
1375 1154 1561 1194 tribuere
1592 1152 1705 1192 soleo

102 1212 326 1259 Aleandro,
354 1212 603 1263 praesertim
628 1212 673 1250 in
697 1211 864 1257 litteris,
891 1210 1107 1262 nihiloque
1134 1210 1268 1261 magis
1293 1222 1360 1248 me
1386 1208 1497 1248 laedi
1523 1212 1643 1259 puto,
1672 1209 1707 1247 si

103 1266 268 1306 doctior
288 1270 365 1313 est,
389 1278 519 1317 quam
540 1264 656 1317 quod
676 1264 805 1304 ditior
824 1268 890 1304 est
911 1268 987 1304 aut
1006 1264 1230 1304 formosior
1249 1276 1257 1303 :
1294 1263 1376 1302 nisi
1395 1262 1505 1302 forte
1527 1275 1593 1301 me
1614 1265 1706 1300 tam

101 1321 297 1360 inuidum
325 1321 574 1359 existimant
601 1324 651 1358 vt
677 1331 800 1370 aegre
826 1319 992 1358 laturus
1019 1320 1112 1366 sim,
1142 1319 1177 1358 si
1204 1318 1300 1369 quis
1327 1330 1394 1356 me
1422 1318 1478 1356 sit
1506 1318 1704 1363 sanctior,

104 1375 313 1414 Aleander
347 1375 383 1413 si
417 1375 578 1412 amicus
612 1378 690 1420 est,
727 1386 804 1425 ego
840 1377 951 1412 certe
987 1373 1169 1412 hominis
1203 1373 1420 1424 ingenium
1456 1384 1565 1417 amc,
1602 1371 1707 1413 mihi

103 1442 273 1480 quoque
299 1429 502 1480 priuatim
529 1427 730 1479 gratulor,
760 1440 903 1467 meum
929 1440 1018 1466 esse
1043 1427 1203 1466 ducens
1229 1425 1346 1478 quod
1372 1425 1504 1465 habet
1531 1427 1704 1466 amicus.

104 1484 177 1523 Sin
202 1495 355 1535 parum
381 1483 555 1529 amicus,
586 1485 733 1521 tamen
762 1481 952 1533 gratulor
980 1481 1148 1533 publice
1177 1480 1354 1528 studiis;
1394 1493 1495 1519 nam
1521 1493 1615 1532 spes
1641 1484 1706 1519 est

101 1537 222 1577 illum
256 1536 487 1589 aliquando
520 1536 700 1576 diuitem
733 1537 865 1576 istum
900 1536 1149 1575 eruditionis
1184 1535 1433 1575 thesaurum
1468 1534 1559 1574 orbi
1593 1548 1705 1574 com-

104 1593 435 1632 municaturum.

158 1646 270 1695 Quid
294 1645 422 1685 audio
444 1649 459 1683 '?
501 1645 672 1697 Negant
698 1644 921 1684 Hecubam
946 1649 990 1684 et
1016 1644 1282 1696 Iphigeniam
1308 1657 1333 1682 a
1359 1656 1425 1682 me
1450 1656 1606 1690 versas,
1634 1644 1707 1683 sed

102 1700 259 1740 alicubi
283 1704 472 1751 repertas
499 1699 603 1738 mihi
630 1699 865 1739 vindicasse
887 1702 903 1738 ⁶?
947 1698 1029 1738 Vbi
1054 1703 1244 1750 repertas
1265 1701 1281 1736 ¹?
1325 1697 1378 1736 In
1404 1697 1532 1736 Italia
1554 1704 1569 1735 ·.‘
1613 1697 1706 1738 Iam

105 1755 264 1794 Badius
298 1754 529 1793 excuderat
563 1757 796 1805 antequam
831 1753 992 1792 adirem
1026 1752 1212 1792 Italiam.
1277 1751 1404 1803 Apud
1437 1764 1514 1790 nos
1536 1758 1551 1789 ‘5
1605 1751 1707 1798 Quis

103 1809 265 1862 aliquid
294 1808 537 1848 huiusmodi
566 1807 712 1847 vidit?
760 1808 874 1847 Bene
902 1806 1034 1846 habet
1063 1807 1179 1858 quod
1208 1810 1436 1858 supersunt
1465 1805 1604 1844 adhuc
1634 1807 1707 1857 qui

105 1864 207 1903 mihi
240 1876 404 1913 semper
437 1861 668 1901 adfuerunt
700 1863 784 1900 ista
818 1861 1021 1908 molienti,
1057 1861 1239 1900 Ioannes
1273 1860 1530 1899 Paluda-nus.
1567 1859 1705 1897 Mout-

1728 1392 1784 1424 135

1729 1665 1741 1688 1
1746 1666 1789 1694 40

154 1996 224 2027 117.
252 1986 418 2025 Pontani]
433 1985 494 2018 See
511 1985 574 2026 Ep.
593 1994 666 2025 537.
685 1996 784 2026 §3911-

154 2032 226 2063 118.
251 2029 434 2069 Marullus]
450 2030 512 2063 See
530 2029 594 2070 Ep.
614 2030 688 2070 385.
710 2037 763 2069 511.

155 2084 226 2106 120.
251 2071 480 2111 Mantuanus]
507 2073 570 2106 See
599 2072 663 2114 Ep.
693 2081 746 2112 47.
779 2081 869 2111 79113

106 2118 176 2150 and
191 2117 233 2149 ef.
251 2117 341 2159 Epp.
357 2127 411 2157 49.
427 2118 471 2155 96
485 2126 568 2157 seq„
585 2118 659 2157 385.
679 2117 752 2157 5-6.

156 2169 226 2202 125.
252 2159 487 2202 porrophago]
501 2159 552 2192 Cf.
568 2159 589 2191 1.
610 2168 706 2199 13011.

155 2215 226 2246 130.
252 2204 398 2236 Erasmo
420 2201 586 2244 praefert]
608 2203 658 2235 Cf.
682 2203 746 2244 Ep.
775 2205 868 2243 1482.

108 2250 205 2289 55—9.
267 2248 339 2280 The
369 2247 545 2279 unknown
573 2247 671 2278 critic
698 2257 768 2279 was
796 2256 869 2288 per-

107 2292 194 2334 haps
213 2291 254 2324 A.
275 2292 357 2323 Pius
376 2291 455 2332 (Ep.
480 2292 589 2331 1634),
609 2290 686 2322 who
704 2290 759 2322 for
776 2300 871 2322 some

106 2346 206 2377 years
222 2345 299 2367 now
313 2335 383 2366 had
400 2335 486 2366 been
503 2333 628 2367 hostile
641 2338 680 2366 to
693 2333 869 2366 Erasmus.

106 2380 169 2412 See
190 2379 250 2412 the
270 2378 407 2410 latter’s
428 2378 527 2419 Resp.
550 2377 595 2409 ad
614 2378 712 2419 epist.
733 2377 775 2409 A.
800 2377 871 2411 Pii.

109 2422 221 2460 Basie,
256 2422 402 2460 Froben,
436 2421 556 2454 March
592 2430 687 2463 1529,
721 2432 780 2463 pp.
820 2430 871 2458 10,

112 2476 160 2501 11.
185 2467 284 2506 66—7,
311 2465 370 2498 LB
406 2465 452 2497 ix.
482 2474 566 2504 1099
581 2475 614 2503 B,
641 2475 698 2502 cn,
728 2466 872 2497 1118A:

110 2509 117 2521 ⁴
133 2509 228 2542 Nihil
244 2520 298 2541 me
315 2513 434 2541 mouet
449 2509 544 2550 quod
560 2509 721 2541 ornatiss.
738 2508 874 2539 iuuenis

109 2553 275 2595 Georgius
291 2553 528 2586 Sauromanus
543 2562 606 2584 suo
623 2551 750 2588 libello,
768 2561 873 2593 quem

107 2596 211 2628 isthic
250 2596 373 2628 aedere
412 2595 563 2636 parabat
602 2595 773 2637 <perhaps
813 2594 873 2626 the

110 2640 255 2672 Oration
280 2643 318 2671 to
343 2639 475 2671 Adrian
500 2647 561 2671 vr:
600 2649 655 2671 see
681 2639 745 2679 Ep.
778 2647 871 2677 1342.

109 2686 230 2723 323n>‚
266 2687 406 2714 coactus
444 2686 498 2714 est
534 2682 742 2724 dispungere
779 2682 873 2722 quic-

109 2727 194 2768 quid
235 2726 390 2758 habcbat
429 2726 653 2758 honorificam
691 2725 734 2757 de
773 2724 873 2756 Eras-

111 2781 166 2802 mo
195 2770 427 2801 mentionem:
458 2779 567 2810 quum
591 2773 631 2800 tu
655 2768 794 2800 interim
819 2767 874 2799 lit-

110 2815 257 2846 torariae
278 2814 325 2845 rei
345 2817 479 2844 teneres
499 2812 746 2853 principatum,
767 2815 875 2852 atque

109 2857 208 2895 adeo.
224 2857 254 2889 si
269 2867 351 2888 vera
366 2856 535 2893 scribunt,
550 2859 633 2888 tuus
647 2854 705 2887 illa
721 2854 876 2886 calamus

112 2900 287 2943 iugularat
317 2899 382 2941 (cf.
412 2899 522 2932 Lond.
551 2910 609 2931 xx.
638 2909 670 2938 9,
699 2898 768 2930 LB.
797 2899 873 2939 875.

111 2944 147 2977 of
167 2954 207 2977 22
231 2945 325 2977 June
350 2946 455 2985 1527>
481 2967 488 2974 .
514 2967 522 2974 .
549 2967 556 2974 .
583 2942 767 2975 Praeterea
787 2941 877 2974 alter

112 2988 175 3020 tibi
209 2988 443 3020 iuratissimus
475 2986 615 3023 sodalis,
650 2996 758 3028 quum
793 2988 876 3017 ante

114 3041 223 3064 annos
248 3035 383 3073 septem
410 3031 586 3063 Pontificis
617 3040 755 3062 causam
782 3029 876 3069 apud

938 1988 1113 2018 nostrates
1129 1989 1250 2028 ageret-
1266 1984 1415 2025 <clearly
1433 1984 1605 2016 Ale-ander
1621 1996 1627 2015 :
1662 1983 1705 2016 cf.

939 2029 1007 2060 LB.
1028 2029 1118 2070 App.
1140 2030 1238 2070 370>‚
1259 2028 1392 2060 effutiit
1409 2027 1503 2069 apud
1523 2038 1706 2060 me--nam

938 2073 1002 2105 hoc
1036 2072 1145 2104 habet
1176 2072 1308 2104 bonum
1339 2072 1579 2113 praecipuum,
1613 2072 1707 2112 quod

937 2116 1023 2148 nihil
1056 2116 1331 2148 continet—esse
1366 2115 1499 2147 Romae
1532 2114 1708 2156 quendam

937 2159 1092 2192 Caesaris
1105 2163 1279 2192 oratorem
1292 2159 1353 2200 qui
1366 2158 1486 2191 hostili
1501 2162 1592 2190 essct
1604 2159 1639 2190 in
1654 2168 1707 2190 me

937 2204 1066 2235 animo.
1109 2203 1227 2244 Atque
1246 2203 1282 2234 id
1302 2202 1444 2244 quidem
1462 2202 1629 2243 temporis
1646 2213 1707 2234 nec

939 2251 974 2279 te
998 2247 1151 2279 sciebam
1174 2257 1248 2279 esse
1270 2247 1414 2283 Romae,
1441 2256 1504 2277 nec
1527 2246 1708 2277 audieram

939 2290 1094 2323 Caesaris
1112 2291 1257 2333 negocia
1276 2300 1471 2331 procurare.
1516 2289 1596 2321 Non
1615 2289 1706 2320 aedi-

939 2334 994 2367 dit
1026 2334 1169 2376 quidem
1200 2333 1259 2365 ille
1291 2343 1431 2369 nomen,
1465 2332 1646 2364 aediturus
1679 2333 1708 2363 si

940 2378 1025 2419 quid
1060 2378 1288 2414 institissem;
1324 2376 1385 2408 sed
1421 2387 1463 2407 cx
1494 2376 1588 2407 notis
1620 2385 1708 2416 quas

940 2421 1073 2453 effutiit
1095 2425 1132 2453 et
1155 2431 1197 2453 ex
1221 2421 1263 2452 iis
1287 2430 1376 2462 quac
1402 2423 1523 2460 postea
1548 2419 1707 2460 cognoui,

941 2469 1036 2497 certo
1075 2464 1197 2507 collegi
1237 2469 1270 2496 te
1309 2474 1381 2495 csse
1418 2462 1517 2494 illum
1557 2462 1599 2493 de
1639 2472 1708 2503 quo

940 2508 1079 2541 locutus
1105 2512 1195 2540 erat.
1221 2531 1227 2538 .
1256 2531 1264 2539 .
1331 2506 1448 2548 Longo
1474 2505 1570 2537 aliud
1598 2505 1708 2544 <from

943 2551 1035 2584 Pius’
1078 2554 1220 2592 present
1261 2550 1526 2591 compliments>
1569 2548 1612 2580 de
1655 2559 1708 2580 me

943 2595 1190 2636 pronunciauit
1228 2594 1401 2626 litteraria
1442 2591 1612 2624 sodalitas
1654 2593 1709 2623 cui

942 2639 1076 2670 Romae
1093 2638 1310 2679 coryphaeus
1326 2647 1401 2669 cras
1416 2635 1436 2667 '.
1478 2635 1520 2667 In
1537 2635 1597 2667 the
1614 2646 1708 2667 same

942 2681 1136 2714 connexion
1181 2681 1347 2713 Erasmus
1396 2679 1502 2712 refers
1552 2680 1599 2720 (p.
1647 2689 1707 2711 10:

943 2725 1012 2757 LB.
1050 2725 1095 2756 ix.
1137 2733 1221 2763 1099
1236 2727 1272 2762 A)
1309 2728 1347 2756 to
1383 2723 1442 2755 the
1478 2724 1565 2762 J'ests
1600 2722 1711 2754 about

942 2768 1084 2810 naming
1101 2768 1172 2799 him
1190 2766 1198 2780 ‘
1212 2767 1450 2809 porrophagus
1466 2765 1473 2778 '
1492 2766 1527 2804 (l.
1548 2768 1623 2807 125)
1641 2767 1710 2798 and

945 2810 1174 2843 ‘Errasmus’
1208 2811 1287 2851 (Ep.
1324 2812 1417 2850 1483.
1448 2811 1518 2849 46).
1549 2810 1620 2842 and
1650 2810 1710 2842 the

943 2855 1085 2897 charges
1104 2856 1243 2894 against
1260 2854 1313 2886 his
1331 2853 1531 2894 orthodoxy
1550 2853 1586 2892 (l.
1609 2854 1697 2894 158).

992 2907 1064 2939 132.
1090 2896 1279 2936 Aleandro]
1297 2896 1347 2929 Cf.
1368 2897 1432 2938 Ep.
1456 2906 1550 2937 1195.
1572 2905 1648 2937 52n.

994 2952 1064 2981 140.
1091 2941 1289 2981 Hecubam]
1305 2942 1369 2974 See
1385 2941 1451 2983 Ep.
1473 2942 1544 2981 158.
1562 2942 1619 2974 6n.

995 2995 1063 3024 142.
1091 2984 1238 3025 Badius]
1251 2986 1314 3017 Sco
1329 2985 1393 3027 Ep.
1413 2984 1616 3016 188-1'ntrod.

995 3039 1064 3069 144.
1093 3028 1306 3067 Paludanus]
1322 3029 1384 3062 See
1402 3029 1465 3070 Ep.
1491 3032 1560 3059 180.
