<?xml version="1.0" encoding="UTF-8"?>
<!DOCTYPE html PUBLIC "-//W3C//DTD XHTML 1.0 Transitional//EN"
    "http://www.w3.org/TR/xhtml1/DTD/xhtml1-transitional.dtd">
<html xmlns="http://www.w3.org/1999/xhtml" xml:lang="en" lang="en">
 <head>
  <title>
</title>
<meta http-equiv="Content-Type" content="text/html;charset=utf-8" />
  <meta name='ocr-system' content='tesseract 3.04.00' />
  <meta name='ocr-capabilities' content='ocr_page ocr_carea ocr_par ocr_line ocrx_word'/>
</head>
<body>
  <div class='ocr_page' id='page_1' title='image "./opusepistolarum05eras_0350.png"; bbox 0 0 2012 3370; ppageno 0'>
   <div class='ocr_carea' id='block_1_1' title="bbox 238 139 1839 195">
    <p class='ocr_par' dir='ltr' id='par_1_1' title="bbox 238 139 1839 195">
     <span class='ocr_line' id='line_1_1' title="bbox 238 139 1839 195; baseline 0.006 -18"><span class='ocrx_word' id='word_1_1' title='bbox 238 139 317 178; x_wconf 84' lang='lat'>316</span> <span class='ocrx_word' id='word_1_2' title='bbox 712 139 967 179; x_wconf 76' lang='lat' dir='ltr'><strong>LETTERS</strong></span> <span class='ocrx_word' id='word_1_3' title='bbox 999 140 1071 179; x_wconf 77' lang='lat' dir='ltr'>or</span> <span class='ocrx_word' id='word_1_4' title='bbox 1101 141 1364 182; x_wconf 79' lang='lat' dir='ltr'>ERASMUs</span> <span class='ocrx_word' id='word_1_5' title='bbox 1715 146 1839 195; x_wconf 88' lang='lat'>[1523</span> 
     </span>
    </p>
   </div>
   <div class='ocr_carea' id='block_1_2' title="bbox 152 248 1839 2699">
    <p class='ocr_par' dir='ltr' id='par_1_2' title="bbox 238 248 1838 353">
     <span class='ocr_line' id='line_1_2' title="bbox 240 248 1836 301; baseline 0.004 -15"><span class='ocrx_word' id='word_1_6' title='bbox 240 248 437 286; x_wconf 82' lang='lat' dir='ltr'>omnibus</span> <span class='ocrx_word' id='word_1_7' title='bbox 460 261 680 298; x_wconf 75' lang='lat' dir='ltr'>corporum</span> <span class='ocrx_word' id='word_1_8' title='bbox 706 248 863 286; x_wconf 78' lang='lat' dir='ltr'>morbis</span> <span class='ocrx_word' id='word_1_9' title='bbox 886 249 1118 295; x_wconf 83' lang='lat' dir='ltr'>medeatur,</span> <span class='ocrx_word' id='word_1_10' title='bbox 1144 253 1421 301; x_wconf 83' lang='lat' dir='ltr'>quantumuis</span> <span class='ocrx_word' id='word_1_11' title='bbox 1443 253 1606 291; x_wconf 80' lang='lat' dir='ltr'>iactent</span> <span class='ocrx_word' id='word_1_12' title='bbox 1627 253 1836 292; x_wconf 83' lang='lat' dir='ltr'>efficacem</span> 
     </span>
     <span class='ocr_line' id='line_1_3' title="bbox 238 301 1838 353; baseline 0.004 -13"><span class='ocrx_word' id='word_1_13' title='bbox 238 301 353 340; x_wconf 89' lang='lat' dir='ltr'>illam</span> <span class='ocrx_word' id='word_1_14' title='bbox 374 302 448 341; x_wconf 88' lang='lat' dir='ltr'>sed</span> <span class='ocrx_word' id='word_1_15' title='bbox 467 302 571 341; x_wconf 89' lang='lat' dir='ltr'>nulli</span> <span class='ocrx_word' id='word_1_16' title='bbox 590 306 739 341; x_wconf 86' lang='lat' dir='ltr'>notam</span> <span class='ocrx_word' id='word_1_17' title='bbox 759 315 1006 353; x_wconf 82' lang='lat' dir='ltr'>panaceam.</span> <span class='ocrx_word' id='word_1_18' title='bbox 1055 305 1178 344; x_wconf 77' lang='lat' dir='ltr'>Certe</span> <span class='ocrx_word' id='word_1_19' title='bbox 1196 312 1391 345; x_wconf 84' lang='lat' dir='ltr'>senectus</span> <span class='ocrx_word' id='word_1_20' title='bbox 1410 307 1583 345; x_wconf 84' lang='lat' dir='ltr'>morbus</span> <span class='ocrx_word' id='word_1_21' title='bbox 1603 307 1706 346; x_wconf 91' lang='lat' dir='ltr'>nulli</span> <span class='ocrx_word' id='word_1_22' title='bbox 1727 308 1838 346; x_wconf 89' lang='lat' dir='ltr'>cedit</span> 
     </span>
    </p>

    <p class='ocr_par' dir='ltr' id='par_1_3' title="bbox 161 356 1836 505">
     <span class='ocr_line' id='line_1_4' title="bbox 161 356 1836 412; baseline 0.004 -18"><span class='ocrx_word' id='word_1_23' title='bbox 161 375 196 398; x_wconf 79' lang='lat'>12</span> <span class='ocrx_word' id='word_1_24' title='bbox 202 375 217 407; x_wconf 85' lang='lat'><strong>5</strong></span> <span class='ocrx_word' id='word_1_25' title='bbox 239 356 484 395; x_wconf 89' lang='lat' dir='ltr'>medicinae.</span> <span class='ocrx_word' id='word_1_26' title='bbox 534 356 616 396; x_wconf 92' lang='lat' dir='ltr'>Sed</span> <span class='ocrx_word' id='word_1_27' title='bbox 636 357 739 395; x_wconf 89' lang='lat' dir='ltr'>haec</span> <span class='ocrx_word' id='word_1_28' title='bbox 760 369 857 396; x_wconf 85' lang='lat' dir='ltr'>vere</span> <span class='ocrx_word' id='word_1_29' title='bbox 877 370 1029 397; x_wconf 89' lang='lat' dir='ltr'>manus</span> <span class='ocrx_word' id='word_1_30' title='bbox 1049 362 1114 397; x_wconf 91' lang='lat' dir='ltr'>est</span> <span class='ocrx_word' id='word_1_31' title='bbox 1133 358 1225 407; x_wconf 91' lang='lat' dir='ltr'>Dei,</span> <span class='ocrx_word' id='word_1_32' title='bbox 1246 373 1356 411; x_wconf 89' lang='lat' dir='ltr'>quae</span> <span class='ocrx_word' id='word_1_33' title='bbox 1375 374 1450 412; x_wconf 90' lang='lat' dir='ltr'>per</span> <span class='ocrx_word' id='word_1_34' title='bbox 1469 373 1690 412; x_wconf 83' lang='lat' dir='ltr'>synceram</span> <span class='ocrx_word' id='word_1_35' title='bbox 1710 361 1836 400; x_wconf 90' lang='lat' dir='ltr'>fidem</span> 
     </span>
     <span class='ocr_line' id='line_1_5' title="bbox 239 410 1835 466; baseline 0.005 -18"><span class='ocrx_word' id='word_1_36' title='bbox 239 410 366 449; x_wconf 84' lang='lat' dir='ltr'>semel</span> <span class='ocrx_word' id='word_1_37' title='bbox 399 410 540 449; x_wconf 86' lang='lat' dir='ltr'>aufert</span> <span class='ocrx_word' id='word_1_38' title='bbox 573 423 718 450; x_wconf 89' lang='lat' dir='ltr'>omnes</span> <span class='ocrx_word' id='word_1_39' title='bbox 751 412 991 450; x_wconf 90' lang='lat' dir='ltr'>animorum</span> <span class='ocrx_word' id='word_1_40' title='bbox 1025 413 1208 461; x_wconf 81' lang='lat' dir='ltr'>morbos,</span> <span class='ocrx_word' id='word_1_41' title='bbox 1242 419 1299 462; x_wconf 89' lang='lat' dir='ltr'>et,</span> <span class='ocrx_word' id='word_1_42' title='bbox 1334 415 1450 466; x_wconf 90' lang='lat' dir='ltr'>quod</span> <span class='ocrx_word' id='word_1_43' title='bbox 1483 415 1612 455; x_wconf 88' lang='lat' dir='ltr'>solius</span> <span class='ocrx_word' id='word_1_44' title='bbox 1644 419 1710 455; x_wconf 91' lang='lat' dir='ltr'>est</span> <span class='ocrx_word' id='word_1_45' title='bbox 1742 415 1835 463; x_wconf 88' lang='lat' dir='ltr'>Dei,</span> 
     </span>
     <span class='ocr_line' id='line_1_6' title="bbox 240 464 807 505; baseline 0.002 -2"><span class='ocrx_word' id='word_1_46' title='bbox 240 464 405 504; x_wconf 74' lang='lat' dir='ltr'>confert</span> <span class='ocrx_word' id='word_1_47' title='bbox 422 465 807 505; x_wconf 89' lang='lat' dir='ltr'>immortalitatem.</span> 
     </span>
    </p>

    <p class='ocr_par' dir='ltr' id='par_1_4' title="bbox 238 519 1839 629">
     <span class='ocr_line' id='line_1_7' title="bbox 290 519 1839 574; baseline 0.005 -17"><span class='ocrx_word' id='word_1_48' title='bbox 290 519 380 557; x_wconf 91' lang='lat' dir='ltr'>Nec</span> <span class='ocrx_word' id='word_1_49' title='bbox 407 520 557 558; x_wconf 89' lang='lat' dir='ltr'>inscite</span> <span class='ocrx_word' id='word_1_50' title='bbox 585 519 749 559; x_wconf 90' lang='lat' dir='ltr'>dictum</span> <span class='ocrx_word' id='word_1_51' title='bbox 778 524 843 559; x_wconf 91' lang='lat' dir='ltr'>est</span> <span class='ocrx_word' id='word_1_52' title='bbox 871 520 1127 561; x_wconf 85' lang='lat' dir='ltr'>Graecorum</span> <span class='ocrx_word' id='word_1_53' title='bbox 1156 524 1403 574; x_wconf 87' lang='lat' dir='ltr'>prouerbiis,</span> <span class='ocrx_word' id='word_1_54' title='bbox 1432 524 1576 563; x_wconf 90' lang='lat' dir='ltr'>Animi</span> <span class='ocrx_word' id='word_1_55' title='bbox 1603 524 1839 564; x_wconf 86' lang='lat' dir='ltr'>laborantis</span> 
     </span>
     <span class='ocr_line' id='line_1_8' title="bbox 238 573 1835 629; baseline 0.004 -18"><span class='ocrx_word' id='word_1_56' title='bbox 238 573 449 612; x_wconf 85' lang='lat' dir='ltr'>medicum</span> <span class='ocrx_word' id='word_1_57' title='bbox 477 587 565 613; x_wconf 87' lang='lat' dir='ltr'>esse</span> <span class='ocrx_word' id='word_1_58' title='bbox 593 588 842 614; x_wconf 86' lang='lat' dir='ltr'>sermonem.</span> <span class='ocrx_word' id='word_1_59' title='bbox 899 576 1048 627; x_wconf 88' lang='lat' dir='ltr'>Neque</span> <span class='ocrx_word' id='word_1_60' title='bbox 1076 577 1304 618; x_wconf 82' lang='lat' dir='ltr'>defuerunt</span> <span class='ocrx_word' id='word_1_61' title='bbox 1330 580 1403 629; x_wconf 92' lang='lat' dir='ltr'>qui</span> <span class='ocrx_word' id='word_1_62' title='bbox 1432 579 1651 618; x_wconf 70' lang='lat' dir='ltr'>crederent</span> <span class='ocrx_word' id='word_1_63' title='bbox 1678 583 1722 618; x_wconf 92' lang='lat' dir='ltr'>et</span> <span class='ocrx_word' id='word_1_64' title='bbox 1749 592 1835 618; x_wconf 89' lang='lat' dir='ltr'>cor-</span> 
     </span>
    </p>

    <p class='ocr_par' dir='ltr' id='par_1_5' title="bbox 159 628 1839 902">
     <span class='ocr_line' id='line_1_9' title="bbox 159 628 1839 685; baseline 0.002 -17"><span class='ocrx_word' id='word_1_65' title='bbox 159 646 220 677; x_wconf 68' lang='grc'>130</span> <span class='ocrx_word' id='word_1_66' title='bbox 237 640 387 677; x_wconf 87' lang='lat' dir='ltr'>porum</span> <span class='ocrx_word' id='word_1_67' title='bbox 412 628 582 668; x_wconf 82' lang='lat' dir='ltr'>morbos</span> <span class='ocrx_word' id='word_1_68' title='bbox 604 631 820 680; x_wconf 88' lang='lat' dir='ltr'>conceptis</span> <span class='ocrx_word' id='word_1_69' title='bbox 843 631 996 677; x_wconf 84' lang='lat' dir='ltr'>verbis,</span> <span class='ocrx_word' id='word_1_70' title='bbox 1021 633 1229 683; x_wconf 81' lang='lat' dir='ltr'>magicam</span> <span class='ocrx_word' id='word_1_71' title='bbox 1253 634 1341 672; x_wconf 86' lang='lat' dir='ltr'>vim</span> <span class='ocrx_word' id='word_1_72' title='bbox 1365 634 1636 680; x_wconf 50' lang='lat' dir='ltr'>habentibus</span> <span class='ocrx_word' id='word_1_73' title='bbox 1661 633 1839 685; x_wconf 90' lang='lat' dir='ltr'>propelli</span> 
     </span>
     <span class='ocr_line' id='line_1_10' title="bbox 237 683 1836 738; baseline 0.004 -18"><span class='ocrx_word' id='word_1_74' title='bbox 237 695 370 732; x_wconf 84' lang='lat' dir='ltr'>posse.</span> <span class='ocrx_word' id='word_1_75' title='bbox 441 683 650 722; x_wconf 86' lang='lat' dir='ltr'>Dominus</span> <span class='ocrx_word' id='word_1_76' title='bbox 680 684 799 723; x_wconf 89' lang='lat' dir='ltr'>Iesus</span> <span class='ocrx_word' id='word_1_77' title='bbox 828 685 1017 724; x_wconf 87' lang='lat' dir='ltr'>medicus</span> <span class='ocrx_word' id='word_1_78' title='bbox 1045 691 1150 733; x_wconf 85' lang='lat' dir='ltr'>erat,</span> <span class='ocrx_word' id='word_1_79' title='bbox 1181 688 1268 738; x_wconf 91' lang='lat' dir='ltr'>qui,</span> <span class='ocrx_word' id='word_1_80' title='bbox 1299 688 1402 726; x_wconf 91' lang='lat' dir='ltr'>dum</span> <span class='ocrx_word' id='word_1_81' title='bbox 1432 689 1597 727; x_wconf 83' lang='lat' dir='ltr'>viueret</span> <span class='ocrx_word' id='word_1_82' title='bbox 1626 689 1670 727; x_wconf 94' lang='lat' dir='ltr'>in</span> <span class='ocrx_word' id='word_1_83' title='bbox 1699 689 1836 734; x_wconf 73' lang='lat' dir='ltr'>terris,</span> 
     </span>
     <span class='ocr_line' id='line_1_11' title="bbox 234 737 1837 792; baseline 0.004 -17"><span class='ocrx_word' id='word_1_84' title='bbox 234 749 426 776; x_wconf 85' lang='lat' dir='ltr'>sermone</span> <span class='ocrx_word' id='word_1_85' title='bbox 452 737 640 789; x_wconf 88' lang='lat' dir='ltr'>pellebat</span> <span class='ocrx_word' id='word_1_86' title='bbox 667 739 838 778; x_wconf 89' lang='lat' dir='ltr'>morbos</span> <span class='ocrx_word' id='word_1_87' title='bbox 864 752 1088 791; x_wconf 91' lang='lat' dir='ltr'>corporum</span> <span class='ocrx_word' id='word_1_88' title='bbox 1116 742 1354 792; x_wconf 73' lang='lat' dir='ltr'>quamlibet</span> <span class='ocrx_word' id='word_1_89' title='bbox 1380 747 1546 782; x_wconf 87' lang='lat' dir='ltr'>atroces</span> <span class='ocrx_word' id='word_1_90' title='bbox 1573 747 1650 781; x_wconf 86' lang='lat' dir='ltr'>aut</span> <span class='ocrx_word' id='word_1_91' title='bbox 1676 743 1837 781; x_wconf 88' lang='lat' dir='ltr'>inuete-</span> 
     </span>
     <span class='ocr_line' id='line_1_12' title="bbox 236 794 1834 838; baseline 0.004 -10"><span class='ocrx_word' id='word_1_92' title='bbox 236 794 366 838; x_wconf 89' lang='lat' dir='ltr'>ratos,</span> <span class='ocrx_word' id='word_1_93' title='bbox 384 804 578 831; x_wconf 88' lang='lat' dir='ltr'>sermone</span> <span class='ocrx_word' id='word_1_94' title='bbox 595 797 788 831; x_wconf 89' lang='lat' dir='ltr'>mortuos</span> <span class='ocrx_word' id='word_1_95' title='bbox 808 794 1032 833; x_wconf 76' lang='lat' dir='ltr'>excitabat</span> <span class='ocrx_word' id='word_1_96' title='bbox 1052 795 1106 833; x_wconf 83' lang='lat' dir='ltr'>ad</span> <span class='ocrx_word' id='word_1_97' title='bbox 1128 796 1279 836; x_wconf 86' lang='lat' dir='ltr'>vitam.</span> <span class='ocrx_word' id='word_1_98' title='bbox 1328 796 1426 835; x_wconf 91' lang='lat' dir='ltr'>Non</span> <span class='ocrx_word' id='word_1_99' title='bbox 1447 797 1560 835; x_wconf 85' lang='lat' dir='ltr'>enim</span> <span class='ocrx_word' id='word_1_100' title='bbox 1582 800 1677 835; x_wconf 90' lang='lat' dir='ltr'>erat</span> <span class='ocrx_word' id='word_1_101' title='bbox 1695 809 1834 835; x_wconf 91' lang='lat' dir='ltr'>sermo</span> 
     </span>
     <span class='ocr_line' id='line_1_13' title="bbox 236 846 1834 902; baseline 0.004 -17"><span class='ocrx_word' id='word_1_102' title='bbox 236 847 436 897; x_wconf 88' lang='lat' dir='ltr'>magicus,</span> <span class='ocrx_word' id='word_1_103' title='bbox 469 846 542 886; x_wconf 90' lang='lat' dir='ltr'>sed</span> <span class='ocrx_word' id='word_1_104' title='bbox 573 849 844 898; x_wconf 88' lang='lat' dir='ltr'>omnipotens</span> <span class='ocrx_word' id='word_1_105' title='bbox 874 848 1020 888; x_wconf 88' lang='lat' dir='ltr'>Sermo</span> <span class='ocrx_word' id='word_1_106' title='bbox 1051 849 1191 889; x_wconf 90' lang='lat' dir='ltr'>Patris</span> <span class='ocrx_word' id='word_1_107' title='bbox 1222 851 1540 902; x_wconf 81' lang='lat' dir='ltr'>omnipotentis.</span> <span class='ocrx_word' id='word_1_108' title='bbox 1602 851 1722 890; x_wconf 91' lang='lat' dir='ltr'>Idem</span> <span class='ocrx_word' id='word_1_109' title='bbox 1754 864 1834 890; x_wconf 83' lang='lat' dir='ltr'>ser-</span> 
     </span>
    </p>

    <p class='ocr_par' dir='ltr' id='par_1_6' title="bbox 157 901 1838 1175">
     <span class='ocr_line' id='line_1_14' title="bbox 157 901 1834 954; baseline 0.003 -14"><span class='ocrx_word' id='word_1_110' title='bbox 157 919 193 950; x_wconf 80' lang='lat'>13</span> <span class='ocrx_word' id='word_1_111' title='bbox 199 919 213 950; x_wconf 84' lang='lat'><strong>5</strong></span> <span class='ocrx_word' id='word_1_112' title='bbox 236 913 359 939; x_wconf 89' lang='lat' dir='ltr'>mone</span> <span class='ocrx_word' id='word_1_113' title='bbox 381 901 579 952; x_wconf 88' lang='lat' dir='ltr'>profligat</span> <span class='ocrx_word' id='word_1_114' title='bbox 601 903 770 941; x_wconf 90' lang='lat' dir='ltr'>morbos</span> <span class='ocrx_word' id='word_1_115' title='bbox 793 903 1045 949; x_wconf 81' lang='lat' dir='ltr'>animorum,</span> <span class='ocrx_word' id='word_1_116' title='bbox 1069 917 1202 954; x_wconf 90' lang='lat' dir='ltr'>quum</span> <span class='ocrx_word' id='word_1_117' title='bbox 1225 906 1287 944; x_wconf 90' lang='lat' dir='ltr'>ait</span> <span class='ocrx_word' id='word_1_118' title='bbox 1311 906 1319 920; x_wconf 90' lang='lat'>‘</span> <span class='ocrx_word' id='word_1_119' title='bbox 1339 906 1431 952; x_wconf 85' lang='lat' dir='ltr'>Fili,</span> <span class='ocrx_word' id='word_1_120' title='bbox 1455 908 1735 945; x_wconf 89' lang='lat' dir='ltr'>remittuntur</span> <span class='ocrx_word' id='word_1_121' title='bbox 1757 906 1834 944; x_wconf 91' lang='lat' dir='ltr'>tibi</span> 
     </span>
     <span class='ocr_line' id='line_1_15' title="bbox 235 956 1838 1012; baseline 0.004 -18"><span class='ocrx_word' id='word_1_122' title='bbox 235 959 411 1005; x_wconf 87' lang='lat' dir='ltr'>peccata</span> <span class='ocrx_word' id='word_1_123' title='bbox 432 956 454 1002; x_wconf 76' lang='lat'>⁹,</span> <span class='ocrx_word' id='word_1_124' title='bbox 473 960 516 995; x_wconf 89' lang='lat' dir='ltr'>et</span> <span class='ocrx_word' id='word_1_125' title='bbox 535 956 543 971; x_wconf 84' lang='lat'>‘</span> <span class='ocrx_word' id='word_1_126' title='bbox 563 956 694 1003; x_wconf 84' lang='lat' dir='ltr'>Vade,</span> <span class='ocrx_word' id='word_1_127' title='bbox 711 956 816 996; x_wconf 88' lang='lat' dir='ltr'>fides</span> <span class='ocrx_word' id='word_1_128' title='bbox 832 961 909 996; x_wconf 85' lang='lat' dir='ltr'>tua</span> <span class='ocrx_word' id='word_1_129' title='bbox 925 962 968 996; x_wconf 91' lang='lat' dir='ltr'>te</span> <span class='ocrx_word' id='word_1_130' title='bbox 985 958 1146 997; x_wconf 88' lang='lat' dir='ltr'>saluam</span> <span class='ocrx_word' id='word_1_131' title='bbox 1164 959 1266 998; x_wconf 82' lang='lat' dir='ltr'>fecit</span> <span class='ocrx_word' id='word_1_132' title='bbox 1286 959 1308 998; x_wconf 76' lang='lat'>³.</span> <span class='ocrx_word' id='word_1_133' title='bbox 1354 960 1536 999; x_wconf 88' lang='lat' dir='ltr'>Proinde</span> <span class='ocrx_word' id='word_1_134' title='bbox 1553 965 1596 999; x_wconf 90' lang='lat' dir='ltr'>et</span> <span class='ocrx_word' id='word_1_135' title='bbox 1612 960 1838 1012; x_wconf 86' lang='lat' dir='ltr'>prophetia</span> 
     </span>
     <span class='ocr_line' id='line_1_16' title="bbox 234 1009 1834 1066; baseline 0.004 -18"><span class='ocrx_word' id='word_1_136' title='bbox 234 1009 449 1049; x_wconf 85' lang='lat' dir='ltr'>Christum</span> <span class='ocrx_word' id='word_1_137' title='bbox 485 1011 696 1050; x_wconf 88' lang='lat' dir='ltr'>medicum</span> <span class='ocrx_word' id='word_1_138' title='bbox 731 1013 996 1062; x_wconf 86' lang='lat' dir='ltr'>promiserat.</span> <span class='ocrx_word' id='word_1_139' title='bbox 1061 1013 1177 1051; x_wconf 88' lang='lat' dir='ltr'>Dicit</span> <span class='ocrx_word' id='word_1_140' title='bbox 1211 1015 1323 1052; x_wconf 87' lang='lat' dir='ltr'>enim</span> <span class='ocrx_word' id='word_1_141' title='bbox 1358 1016 1401 1053; x_wconf 91' lang='lat' dir='ltr'>in</span> <span class='ocrx_word' id='word_1_142' title='bbox 1435 1015 1543 1053; x_wconf 87' lang='lat' dir='ltr'>libro</span> <span class='ocrx_word' id='word_1_143' title='bbox 1577 1015 1834 1066; x_wconf 77' lang='lat' dir='ltr'>Sapientiae,</span> 
     </span>
     <span class='ocr_line' id='line_1_17' title="bbox 236 1063 1834 1118; baseline 0.004 -16"><span class='ocrx_word' id='word_1_144' title='bbox 236 1063 245 1078; x_wconf 94' lang='lat'>‘</span> <span class='ocrx_word' id='word_1_145' title='bbox 265 1064 436 1103; x_wconf 87' lang='lat' dir='ltr'>Etenim</span> <span class='ocrx_word' id='word_1_146' title='bbox 452 1078 590 1116; x_wconf 83' lang='lat' dir='ltr'>neque</span> <span class='ocrx_word' id='word_1_147' title='bbox 605 1065 735 1104; x_wconf 84' lang='lat' dir='ltr'>herba</span> <span class='ocrx_word' id='word_1_148' title='bbox 751 1079 889 1116; x_wconf 85' lang='lat' dir='ltr'>neque</span> <span class='ocrx_word' id='word_1_149' title='bbox 904 1066 1117 1118; x_wconf 87' lang='lat' dir='ltr'>malagma</span> <span class='ocrx_word' id='word_1_150' title='bbox 1131 1069 1302 1107; x_wconf 88' lang='lat' dir='ltr'>sanauit</span> <span class='ocrx_word' id='word_1_151' title='bbox 1317 1082 1400 1115; x_wconf 89' lang='grc'><strong>603,</strong></span> <span class='ocrx_word' id='word_1_152' title='bbox 1419 1069 1491 1107; x_wconf 87' lang='lat' dir='ltr'>scd</span> <span class='ocrx_word' id='word_1_153' title='bbox 1507 1074 1621 1116; x_wconf 88' lang='lat' dir='ltr'>tuus,</span> <span class='ocrx_word' id='word_1_154' title='bbox 1639 1069 1834 1116; x_wconf 88' lang='lat' dir='ltr'>Domine,</span> 
     </span>
     <span class='ocr_line' id='line_1_18' title="bbox 234 1120 1833 1175; baseline 0.004 -19"><span class='ocrx_word' id='word_1_155' title='bbox 234 1130 371 1157; x_wconf 75' lang='lat' dir='ltr'>sermo</span> <span class='ocrx_word' id='word_1_156' title='bbox 403 1120 476 1169; x_wconf 92' lang='lat' dir='ltr'>qui</span> <span class='ocrx_word' id='word_1_157' title='bbox 509 1124 635 1158; x_wconf 90' lang='lat' dir='ltr'>sanat</span> <span class='ocrx_word' id='word_1_158' title='bbox 667 1121 810 1159; x_wconf 89' lang='lat' dir='ltr'>omnia</span> <span class='ocrx_word' id='word_1_159' title='bbox 830 1121 852 1159; x_wconf 76' lang='lat'>².</span> <span class='ocrx_word' id='word_1_160' title='bbox 915 1121 1033 1160; x_wconf 90' lang='lat' dir='ltr'>Haec</span> <span class='ocrx_word' id='word_1_161' title='bbox 1065 1123 1265 1161; x_wconf 90' lang='lat' dir='ltr'>nimirum</span> <span class='ocrx_word' id='word_1_162' title='bbox 1298 1128 1364 1162; x_wconf 86' lang='lat' dir='ltr'>est</span> <span class='ocrx_word' id='word_1_163' title='bbox 1394 1123 1466 1162; x_wconf 93' lang='lat' dir='ltr'>illa</span> <span class='ocrx_word' id='word_1_164' title='bbox 1498 1137 1600 1163; x_wconf 84' lang='lat' dir='ltr'>Vera</span> <span class='ocrx_word' id='word_1_165' title='bbox 1631 1137 1833 1175; x_wconf 85' lang='lat' dir='ltr'>panacea.</span> 
     </span>
    </p>

    <p class='ocr_par' dir='ltr' id='par_1_7' title="bbox 155 1172 1837 1439">
     <span class='ocr_line' id='line_1_19' title="bbox 155 1172 1837 1225; baseline 0.003 -13"><span class='ocrx_word' id='word_1_166' title='bbox 155 1191 217 1221; x_wconf 82' lang='lat'>140</span> <span class='ocrx_word' id='word_1_167' title='bbox 234 1172 427 1212; x_wconf 87' lang='lat' dir='ltr'>Psalmus</span> <span class='ocrx_word' id='word_1_168' title='bbox 443 1174 548 1212; x_wconf 87' lang='lat' dir='ltr'>item</span> <span class='ocrx_word' id='word_1_169' title='bbox 565 1175 772 1225; x_wconf 88' lang='lat' dir='ltr'>mysticus</span> <span class='ocrx_word' id='word_1_170' title='bbox 789 1175 848 1213; x_wconf 89' lang='lat' dir='ltr'>sic</span> <span class='ocrx_word' id='word_1_171' title='bbox 865 1174 1009 1223; x_wconf 91' lang='lat' dir='ltr'>habet,</span> <span class='ocrx_word' id='word_1_172' title='bbox 1032 1176 1040 1190; x_wconf 93' lang='lat'>‘</span> <span class='ocrx_word' id='word_1_173' title='bbox 1059 1177 1177 1216; x_wconf 85' lang='lat' dir='ltr'>Misit</span> <span class='ocrx_word' id='word_1_174' title='bbox 1193 1190 1429 1216; x_wconf 88' lang='lat' dir='ltr'>sermonem</span> <span class='ocrx_word' id='word_1_175' title='bbox 1447 1191 1584 1225; x_wconf 88' lang='lat' dir='ltr'>suum,</span> <span class='ocrx_word' id='word_1_176' title='bbox 1604 1183 1649 1217; x_wconf 90' lang='lat' dir='ltr'>et</span> <span class='ocrx_word' id='word_1_177' title='bbox 1664 1179 1837 1217; x_wconf 88' lang='lat' dir='ltr'>sanauit</span> 
     </span>
     <span class='ocr_line' id='line_1_20' title="bbox 233 1228 1832 1272; baseline 0.004 -7"><span class='ocrx_word' id='word_1_178' title='bbox 233 1240 304 1265; x_wconf 82' lang='lat' dir='ltr'>eos</span> <span class='ocrx_word' id='word_1_179' title='bbox 338 1228 393 1266; x_wconf 88' lang='lat' dir='ltr'>ab</span> <span class='ocrx_word' id='word_1_180' title='bbox 426 1228 743 1268; x_wconf 90' lang='lat' dir='ltr'>interitionibus</span> <span class='ocrx_word' id='word_1_181' title='bbox 777 1243 923 1268; x_wconf 86' lang='lat' dir='ltr'>eorum</span> <span class='ocrx_word' id='word_1_182' title='bbox 945 1230 966 1268; x_wconf 86' lang='lat'>’.</span> <span class='ocrx_word' id='word_1_183' title='bbox 1031 1230 1176 1270; x_wconf 85' lang='lat' dir='ltr'>Sermo</span> <span class='ocrx_word' id='word_1_184' title='bbox 1210 1231 1351 1271; x_wconf 80' lang='lat' dir='ltr'>Patris</span> <span class='ocrx_word' id='word_1_185' title='bbox 1380 1234 1506 1271; x_wconf 83' lang='lat' dir='ltr'>viuus</span> <span class='ocrx_word' id='word_1_186' title='bbox 1534 1233 1725 1272; x_wconf 88' lang='lat' dir='ltr'>Christus</span> <span class='ocrx_word' id='word_1_187' title='bbox 1754 1237 1832 1271; x_wconf 82' lang='lat' dir='ltr'>est.</span> 
     </span>
     <span class='ocr_line' id='line_1_21' title="bbox 232 1281 1833 1336; baseline 0.004 -16"><span class='ocrx_word' id='word_1_188' title='bbox 232 1281 407 1322; x_wconf 86' lang='lat' dir='ltr'>Miserat</span> <span class='ocrx_word' id='word_1_189' title='bbox 427 1282 574 1322; x_wconf 90' lang='lat' dir='ltr'>Mosen</span> <span class='ocrx_word' id='word_1_190' title='bbox 596 1287 641 1323; x_wconf 91' lang='lat' dir='ltr'>et</span> <span class='ocrx_word' id='word_1_191' title='bbox 662 1283 899 1335; x_wconf 83' lang='lat' dir='ltr'>Prophetas</span> <span class='ocrx_word' id='word_1_192' title='bbox 920 1298 927 1331; x_wconf 92' lang='lat'>;</span> <span class='ocrx_word' id='word_1_193' title='bbox 967 1298 1042 1336; x_wconf 87' lang='lat' dir='ltr'>per</span> <span class='ocrx_word' id='word_1_194' title='bbox 1062 1285 1140 1325; x_wconf 92' lang='lat' dir='ltr'>hos</span> <span class='ocrx_word' id='word_1_195' title='bbox 1163 1291 1312 1326; x_wconf 89' lang='lat' dir='ltr'>curata</span> <span class='ocrx_word' id='word_1_196' title='bbox 1334 1291 1399 1326; x_wconf 89' lang='lat' dir='ltr'>est</span> <span class='ocrx_word' id='word_1_197' title='bbox 1421 1287 1678 1326; x_wconf 88' lang='lat' dir='ltr'>Iudaeorum</span> <span class='ocrx_word' id='word_1_198' title='bbox 1700 1288 1833 1333; x_wconf 75' lang='lat' dir='ltr'>natio,</span> 
     </span>
     <span class='ocr_line' id='line_1_22' title="bbox 233 1336 1833 1381; baseline 0.004 -6"><span class='ocrx_word' id='word_1_199' title='bbox 233 1336 306 1375; x_wconf 87' lang='lat' dir='ltr'>sed</span> <span class='ocrx_word' id='word_1_200' title='bbox 326 1349 413 1376; x_wconf 92' lang='lat' dir='ltr'>non</span> <span class='ocrx_word' id='word_1_201' title='bbox 433 1341 499 1377; x_wconf 88' lang='lat' dir='ltr'>est</span> <span class='ocrx_word' id='word_1_202' title='bbox 519 1342 684 1377; x_wconf 88' lang='lat' dir='ltr'>sanata.</span> <span class='ocrx_word' id='word_1_203' title='bbox 735 1338 857 1378; x_wconf 88' lang='lat' dir='ltr'>Solus</span> <span class='ocrx_word' id='word_1_204' title='bbox 878 1339 1024 1379; x_wconf 83' lang='lat' dir='ltr'>Sermo</span> <span class='ocrx_word' id='word_1_205' title='bbox 1045 1339 1185 1379; x_wconf 86' lang='lat' dir='ltr'>Patris</span> <span class='ocrx_word' id='word_1_206' title='bbox 1206 1341 1355 1380; x_wconf 78' lang='lat' dir='ltr'>efficax</span> <span class='ocrx_word' id='word_1_207' title='bbox 1375 1341 1459 1381; x_wconf 80' lang='lat' dir='ltr'>fuit</span> <span class='ocrx_word' id='word_1_208' title='bbox 1480 1342 1680 1381; x_wconf 87' lang='lat' dir='ltr'>sanandis</span> <span class='ocrx_word' id='word_1_209' title='bbox 1700 1342 1833 1380; x_wconf 91' lang='lat' dir='ltr'>homi-</span> 
     </span>
     <span class='ocr_line' id='line_1_23' title="bbox 232 1391 1835 1439; baseline 0.004 -10"><span class='ocrx_word' id='word_1_210' title='bbox 232 1403 335 1429; x_wconf 91' lang='lat' dir='ltr'>num</span> <span class='ocrx_word' id='word_1_211' title='bbox 350 1391 522 1439; x_wconf 86' lang='lat' dir='ltr'>morbis,</span> <span class='ocrx_word' id='word_1_212' title='bbox 539 1405 625 1431; x_wconf 92' lang='lat' dir='ltr'>non</span> <span class='ocrx_word' id='word_1_213' title='bbox 644 1392 781 1431; x_wconf 90' lang='lat' dir='ltr'>solum</span> <span class='ocrx_word' id='word_1_214' title='bbox 799 1393 1028 1433; x_wconf 87' lang='lat' dir='ltr'>leuioribus</span> <span class='ocrx_word' id='word_1_215' title='bbox 1044 1408 1192 1433; x_wconf 87' lang='lat' dir='ltr'>verum</span> <span class='ocrx_word' id='word_1_216' title='bbox 1209 1397 1338 1435; x_wconf 89' lang='lat' dir='ltr'>etiam</span> <span class='ocrx_word' id='word_1_217' title='bbox 1354 1396 1592 1435; x_wconf 88' lang='lat' dir='ltr'>loetalibus.</span> <span class='ocrx_word' id='word_1_218' title='bbox 1641 1396 1835 1435; x_wconf 87' lang='lat' dir='ltr'>Loetales</span> 
     </span>
    </p>

    <p class='ocr_par' dir='ltr' id='par_1_8' title="bbox 154 1445 1833 1720">
     <span class='ocr_line' id='line_1_24' title="bbox 154 1445 1831 1500; baseline 0.003 -17"><span class='ocrx_word' id='word_1_219' title='bbox 154 1463 210 1495; x_wconf 80' lang='lat'>145</span> <span class='ocrx_word' id='word_1_220' title='bbox 233 1445 402 1485; x_wconf 89' lang='lat' dir='ltr'>morbos</span> <span class='ocrx_word' id='word_1_221' title='bbox 425 1447 630 1498; x_wconf 86' lang='lat' dir='ltr'>agnoscis,</span> <span class='ocrx_word' id='word_1_222' title='bbox 652 1460 785 1498; x_wconf 90' lang='lat' dir='ltr'>quum</span> <span class='ocrx_word' id='word_1_223' title='bbox 809 1447 932 1486; x_wconf 89' lang='lat' dir='ltr'>addit</span> <span class='ocrx_word' id='word_1_224' title='bbox 955 1448 1172 1500; x_wconf 87' lang='lat' dir='ltr'>Propheta</span> <span class='ocrx_word' id='word_1_225' title='bbox 1200 1450 1276 1488; x_wconf 88' lang='lat' dir='ltr'>‘ab</span> <span class='ocrx_word' id='word_1_226' title='bbox 1305 1451 1622 1490; x_wconf 88' lang='lat' dir='ltr'>interitionibus</span> <span class='ocrx_word' id='word_1_227' title='bbox 1646 1464 1791 1490; x_wconf 88' lang='lat' dir='ltr'>eorum</span> <span class='ocrx_word' id='word_1_228' title='bbox 1808 1450 1831 1488; x_wconf 75' lang='lat'>².</span> 
     </span>
     <span class='ocr_line' id='line_1_25' title="bbox 233 1499 1833 1552; baseline 0.004 -14"><span class='ocrx_word' id='word_1_229' title='bbox 233 1499 374 1546; x_wconf 83' lang='lat' dir='ltr'>Quum</span> <span class='ocrx_word' id='word_1_230' title='bbox 400 1501 464 1539; x_wconf 89' lang='lat' dir='ltr'>ita</span> <span class='ocrx_word' id='word_1_231' title='bbox 492 1501 702 1552; x_wconf 89' lang='lat' dir='ltr'>collapsus</span> <span class='ocrx_word' id='word_1_232' title='bbox 729 1506 796 1540; x_wconf 87' lang='lat' dir='ltr'>est</span> <span class='ocrx_word' id='word_1_233' title='bbox 822 1503 1069 1542; x_wconf 90' lang='lat' dir='ltr'>stomachus</span> <span class='ocrx_word' id='word_1_234' title='bbox 1096 1508 1146 1543; x_wconf 80' lang='lat' dir='ltr'>vt</span> <span class='ocrx_word' id='word_1_235' title='bbox 1173 1503 1369 1543; x_wconf 83' lang='lat' dir='ltr'>fastidiat</span> <span class='ocrx_word' id='word_1_236' title='bbox 1397 1518 1446 1544; x_wconf 90' lang='lat' dir='ltr'>ae</span> <span class='ocrx_word' id='word_1_237' title='bbox 1472 1506 1637 1544; x_wconf 90' lang='lat' dir='ltr'>reiiciat</span> <span class='ocrx_word' id='word_1_238' title='bbox 1664 1518 1833 1544; x_wconf 90' lang='lat' dir='ltr'>omnem</span> 
     </span>
     <span class='ocr_line' id='line_1_26' title="bbox 231 1554 1832 1607; baseline 0.002 -14"><span class='ocrx_word' id='word_1_239' title='bbox 231 1554 387 1602; x_wconf 86' lang='lat' dir='ltr'>cibum,</span> <span class='ocrx_word' id='word_1_240' title='bbox 409 1560 608 1607; x_wconf 87' lang='lat' dir='ltr'>aegrotus</span> <span class='ocrx_word' id='word_1_241' title='bbox 628 1556 683 1595; x_wconf 90' lang='lat' dir='ltr'>ad</span> <span class='ocrx_word' id='word_1_242' title='bbox 698 1560 879 1596; x_wconf 89' lang='lat' dir='ltr'>mortem</span> <span class='ocrx_word' id='word_1_243' title='bbox 896 1557 1049 1596; x_wconf 86' lang='lat' dir='ltr'>tendit.</span> <span class='ocrx_word' id='word_1_244' title='bbox 1098 1558 1191 1597; x_wconf 83' lang='lat' dir='ltr'>Tali</span> <span class='ocrx_word' id='word_1_245' title='bbox 1206 1559 1355 1598; x_wconf 88' lang='lat' dir='ltr'>morbo</span> <span class='ocrx_word' id='word_1_246' title='bbox 1370 1559 1596 1599; x_wconf 85' lang='lat' dir='ltr'>laborabat</span> <span class='ocrx_word' id='word_1_247' title='bbox 1610 1561 1832 1599; x_wconf 83' lang='lat' dir='ltr'>vniuersus</span> 
     </span>
     <span class='ocr_line' id='line_1_27' title="bbox 231 1609 1833 1666; baseline 0.004 -19"><span class='ocrx_word' id='word_1_248' title='bbox 231 1609 416 1648; x_wconf 91' lang='lat' dir='ltr'>mundus</span> <span class='ocrx_word' id='word_1_249' title='bbox 443 1614 543 1649; x_wconf 89' lang='lat' dir='ltr'>ante</span> <span class='ocrx_word' id='word_1_250' title='bbox 569 1610 722 1649; x_wconf 86' lang='lat' dir='ltr'>medici</span> <span class='ocrx_word' id='word_1_251' title='bbox 749 1611 940 1650; x_wconf 88' lang='lat' dir='ltr'>coelestis</span> <span class='ocrx_word' id='word_1_252' title='bbox 967 1612 1203 1651; x_wconf 86' lang='lat' dir='ltr'>aduentum</span> <span class='ocrx_word' id='word_1_253' title='bbox 1224 1627 1230 1651; x_wconf 91' lang='lat'>:</span> <span class='ocrx_word' id='word_1_254' title='bbox 1274 1613 1319 1652; x_wconf 91' lang='lat' dir='ltr'>id</span> <span class='ocrx_word' id='word_1_255' title='bbox 1345 1614 1461 1665; x_wconf 92' lang='lat' dir='ltr'>quod</span> <span class='ocrx_word' id='word_1_256' title='bbox 1487 1614 1615 1665; x_wconf 91' lang='lat' dir='ltr'>paulo</span> <span class='ocrx_word' id='word_1_257' title='bbox 1641 1615 1833 1666; x_wconf 89' lang='lat' dir='ltr'>superius</span> 
     </span>
     <span class='ocr_line' id='line_1_28' title="bbox 229 1663 1833 1720; baseline 0.002 -18"><span class='ocrx_word' id='word_1_258' title='bbox 229 1663 410 1711; x_wconf 81' lang='lat' dir='ltr'>dixerat,</span> <span class='ocrx_word' id='word_1_259' title='bbox 435 1664 442 1678; x_wconf 90' lang='lat'>‘</span> <span class='ocrx_word' id='word_1_260' title='bbox 464 1664 643 1704; x_wconf 88' lang='lat' dir='ltr'>Omnem</span> <span class='ocrx_word' id='word_1_261' title='bbox 663 1678 803 1703; x_wconf 89' lang='lat' dir='ltr'>escam</span> <span class='ocrx_word' id='word_1_262' title='bbox 823 1665 1073 1705; x_wconf 88' lang='lat' dir='ltr'>abominata</span> <span class='ocrx_word' id='word_1_263' title='bbox 1091 1671 1157 1706; x_wconf 87' lang='lat' dir='ltr'>est</span> <span class='ocrx_word' id='word_1_264' title='bbox 1176 1668 1320 1706; x_wconf 89' lang='lat' dir='ltr'>anima</span> <span class='ocrx_word' id='word_1_265' title='bbox 1339 1681 1497 1716; x_wconf 91' lang='lat' dir='ltr'>eorum,</span> <span class='ocrx_word' id='word_1_266' title='bbox 1519 1669 1833 1720; x_wconf 81' lang='lat' dir='ltr'>appropinqua-</span> 
     </span>
    </p>

    <p class='ocr_par' dir='ltr' id='par_1_9' title="bbox 154 1719 998 1770">
     <span class='ocr_line' id='line_1_29' title="bbox 154 1719 998 1770; baseline 0.004 -14"><span class='ocrx_word' id='word_1_267' title='bbox 154 1734 216 1767; x_wconf 84' lang='lat'>150</span> <span class='ocrx_word' id='word_1_268' title='bbox 232 1722 388 1756; x_wconf 87' lang='lat' dir='ltr'>uerunt</span> <span class='ocrx_word' id='word_1_269' title='bbox 407 1731 542 1769; x_wconf 85' lang='lat' dir='ltr'>Vsque</span> <span class='ocrx_word' id='word_1_270' title='bbox 563 1719 618 1758; x_wconf 90' lang='lat' dir='ltr'>ad</span> <span class='ocrx_word' id='word_1_271' title='bbox 638 1723 785 1770; x_wconf 91' lang='lat' dir='ltr'>portas</span> <span class='ocrx_word' id='word_1_272' title='bbox 805 1721 955 1759; x_wconf 92' lang='lat' dir='ltr'>mortis</span> <span class='ocrx_word' id='word_1_273' title='bbox 974 1720 998 1759; x_wconf 81' lang='lat'>³.</span> 
     </span>
    </p>

    <p class='ocr_par' dir='ltr' id='par_1_10' title="bbox 229 1772 1834 1990">
     <span class='ocr_line' id='line_1_30' title="bbox 284 1772 1832 1829; baseline 0.004 -18"><span class='ocrx_word' id='word_1_274' title='bbox 284 1772 544 1812; x_wconf 88' lang='lat' dir='ltr'>Miscuerant</span> <span class='ocrx_word' id='word_1_275' title='bbox 591 1774 712 1812; x_wconf 84' lang='lat' dir='ltr'>varia</span> <span class='ocrx_word' id='word_1_276' title='bbox 760 1774 992 1826; x_wconf 88' lang='lat' dir='ltr'>pharmaca</span> <span class='ocrx_word' id='word_1_277' title='bbox 1044 1775 1285 1828; x_wconf 80' lang='lat' dir='ltr'>philosophi</span> <span class='ocrx_word' id='word_1_278' title='bbox 1335 1776 1621 1829; x_wconf 89' lang='lat' dir='ltr'>Pythagorici,</span> <span class='ocrx_word' id='word_1_279' title='bbox 1672 1776 1832 1817; x_wconf 88' lang='lat' dir='ltr'>Acade-</span> 
     </span>
     <span class='ocr_line' id='line_1_31' title="bbox 231 1827 1832 1882; baseline 0.003 -17"><span class='ocrx_word' id='word_1_280' title='bbox 231 1827 341 1874; x_wconf 89' lang='lat' dir='ltr'>mici,</span> <span class='ocrx_word' id='word_1_281' title='bbox 373 1827 518 1874; x_wconf 85' lang='lat' dir='ltr'>Stoici,</span> <span class='ocrx_word' id='word_1_282' title='bbox 550 1827 760 1880; x_wconf 87' lang='lat' dir='ltr'>Epicurei,</span> <span class='ocrx_word' id='word_1_283' title='bbox 792 1828 1079 1880; x_wconf 87' lang='lat' dir='ltr'>Peripatetici,</span> <span class='ocrx_word' id='word_1_284' title='bbox 1110 1832 1412 1882; x_wconf 82' lang='lat' dir='ltr'>promittentes</span> <span class='ocrx_word' id='word_1_285' title='bbox 1441 1833 1572 1871; x_wconf 89' lang='lat' dir='ltr'>animi</span> <span class='ocrx_word' id='word_1_286' title='bbox 1601 1833 1832 1872; x_wconf 88' lang='lat' dir='ltr'>sanitatem</span> 
     </span>
     <span class='ocr_line' id='line_1_32' title="bbox 230 1881 1833 1937; baseline 0.004 -17"><span class='ocrx_word' id='word_1_287' title='bbox 230 1893 279 1920; x_wconf 86' lang='lat' dir='ltr'>ae</span> <span class='ocrx_word' id='word_1_288' title='bbox 313 1881 563 1921; x_wconf 82' lang='lat' dir='ltr'>felicitatem</span> <span class='ocrx_word' id='word_1_289' title='bbox 597 1883 742 1922; x_wconf 88' lang='lat' dir='ltr'>etiam.</span> <span class='ocrx_word' id='word_1_290' title='bbox 805 1883 944 1923; x_wconf 92' lang='lat' dir='ltr'>Multa</span> <span class='ocrx_word' id='word_1_291' title='bbox 978 1885 1149 1924; x_wconf 85' lang='lat' dir='ltr'>miscuit</span> <span class='ocrx_word' id='word_1_292' title='bbox 1182 1886 1333 1933; x_wconf 87' lang='lat' dir='ltr'>Moses,</span> <span class='ocrx_word' id='word_1_293' title='bbox 1369 1887 1658 1937; x_wconf 87' lang='lat' dir='ltr'>praescribens</span> <span class='ocrx_word' id='word_1_294' title='bbox 1691 1887 1833 1925; x_wconf 84' lang='lat' dir='ltr'>varias</span> 
     </span>
     <span class='ocr_line' id='line_1_33' title="bbox 229 1935 1834 1990; baseline 0.002 -15"><span class='ocrx_word' id='word_1_295' title='bbox 229 1935 440 1987; x_wconf 85' lang='lat' dir='ltr'>religionis</span> <span class='ocrx_word' id='word_1_296' title='bbox 458 1938 729 1984; x_wconf 88' lang='lat' dir='ltr'>ceremonias,</span> <span class='ocrx_word' id='word_1_297' title='bbox 749 1938 887 1977; x_wconf 90' lang='lat' dir='ltr'>multa</span> <span class='ocrx_word' id='word_1_298' title='bbox 904 1938 1144 1990; x_wconf 89' lang='lat' dir='ltr'>Prophetae</span> <span class='ocrx_word' id='word_1_299' title='bbox 1164 1953 1172 1987; x_wconf 84' lang='lat'><em>3</em></span> <span class='ocrx_word' id='word_1_300' title='bbox 1206 1940 1282 1980; x_wconf 87' lang='lat' dir='ltr'>sed</span> <span class='ocrx_word' id='word_1_301' title='bbox 1298 1941 1658 1980; x_wconf 87' lang='lat' dir='ltr'>inualescentibus</span> <span class='ocrx_word' id='word_1_302' title='bbox 1675 1941 1834 1980; x_wconf 90' lang='lat' dir='ltr'>morbis</span> 
     </span>
    </p>

    <p class='ocr_par' dir='ltr' id='par_1_11' title="bbox 152 1990 1834 2264">
     <span class='ocr_line' id='line_1_34' title="bbox 152 1990 1832 2047; baseline 0.004 -18"><span class='ocrx_word' id='word_1_303' title='bbox 152 2007 209 2040; x_wconf 81' lang='lat'>155</span> <span class='ocrx_word' id='word_1_304' title='bbox 229 1990 334 2029; x_wconf 91' lang='lat' dir='ltr'>nihil</span> <span class='ocrx_word' id='word_1_305' title='bbox 353 1991 516 2042; x_wconf 88' lang='lat' dir='ltr'>profuit</span> <span class='ocrx_word' id='word_1_306' title='bbox 535 1992 758 2039; x_wconf 79' lang='lat' dir='ltr'>medicina,</span> <span class='ocrx_word' id='word_1_307' title='bbox 780 1993 860 2032; x_wconf 87' lang='lat' dir='ltr'>nisi</span> <span class='ocrx_word' id='word_1_308' title='bbox 880 1993 996 2044; x_wconf 91' lang='lat' dir='ltr'>quod</span> <span class='ocrx_word' id='word_1_309' title='bbox 1016 1995 1139 2034; x_wconf 83' lang='lat' dir='ltr'>auxit</span> <span class='ocrx_word' id='word_1_310' title='bbox 1158 1995 1355 2034; x_wconf 91' lang='lat' dir='ltr'>morbum</span> <span class='ocrx_word' id='word_1_311' title='bbox 1375 2000 1419 2035; x_wconf 90' lang='lat' dir='ltr'>et</span> <span class='ocrx_word' id='word_1_312' title='bbox 1438 1995 1640 2047; x_wconf 88' lang='lat' dir='ltr'>prodidit.</span> <span class='ocrx_word' id='word_1_313' title='bbox 1689 1995 1832 2034; x_wconf 90' lang='lat' dir='ltr'>Animi</span> 
     </span>
     <span class='ocr_line' id='line_1_35' title="bbox 230 2045 1830 2101; baseline 0.003 -18"><span class='ocrx_word' id='word_1_314' title='bbox 230 2045 476 2084; x_wconf 89' lang='lat' dir='ltr'>stomachus</span> <span class='ocrx_word' id='word_1_315' title='bbox 501 2047 646 2097; x_wconf 88' lang='lat' dir='ltr'>prauis</span> <span class='ocrx_word' id='word_1_316' title='bbox 673 2047 982 2098; x_wconf 89' lang='lat' dir='ltr'>cupiditatibus</span> <span class='ocrx_word' id='word_1_317' title='bbox 1008 2049 1128 2088; x_wconf 81' lang='lat' dir='ltr'>velut</span> <span class='ocrx_word' id='word_1_318' title='bbox 1153 2049 1403 2089; x_wconf 90' lang='lat' dir='ltr'>humoribus</span> <span class='ocrx_word' id='word_1_319' title='bbox 1428 2051 1567 2090; x_wconf 83' lang='lat' dir='ltr'>noxiis</span> <span class='ocrx_word' id='word_1_320' title='bbox 1593 2054 1830 2101; x_wconf 90' lang='lat' dir='ltr'>corruptus,</span> 
     </span>
     <span class='ocr_line' id='line_1_36' title="bbox 230 2100 1831 2156; baseline 0.003 -19"><span class='ocrx_word' id='word_1_321' title='bbox 230 2103 274 2137; x_wconf 92' lang='lat' dir='ltr'>et</span> <span class='ocrx_word' id='word_1_322' title='bbox 298 2100 578 2139; x_wconf 89' lang='lat' dir='ltr'>auersabatur</span> <span class='ocrx_word' id='word_1_323' title='bbox 600 2101 949 2152; x_wconf 86' lang='lat' dir='ltr'>philosophorum</span> <span class='ocrx_word' id='word_1_324' title='bbox 974 2103 1194 2143; x_wconf 86' lang='lat' dir='ltr'>elabora-ta</span> <span class='ocrx_word' id='word_1_325' title='bbox 1216 2109 1446 2156; x_wconf 90' lang='lat' dir='ltr'>praecepta</span> <span class='ocrx_word' id='word_1_326' title='bbox 1465 2119 1473 2152; x_wconf 91' lang='lat'>;</span> <span class='ocrx_word' id='word_1_327' title='bbox 1515 2109 1559 2144; x_wconf 89' lang='lat' dir='ltr'>et</span> <span class='ocrx_word' id='word_1_328' title='bbox 1582 2105 1690 2143; x_wconf 89' lang='lat' dir='ltr'>Mosi</span> <span class='ocrx_word' id='word_1_329' title='bbox 1713 2117 1831 2155; x_wconf 90' lang='lat' dir='ltr'>prae-</span> 
     </span>
     <span class='ocr_line' id='line_1_37' title="bbox 229 2154 1834 2210; baseline 0.004 -18"><span class='ocrx_word' id='word_1_330' title='bbox 229 2154 397 2204; x_wconf 87' lang='lat' dir='ltr'>scriptis</span> <span class='ocrx_word' id='word_1_331' title='bbox 420 2156 796 2205; x_wconf 89' lang='lat' dir='ltr'>superstitiosiores</span> <span class='ocrx_word' id='word_1_332' title='bbox 818 2156 1120 2205; x_wconf 88' lang='lat' dir='ltr'>reddebantur,</span> <span class='ocrx_word' id='word_1_333' title='bbox 1142 2172 1229 2197; x_wconf 92' lang='lat' dir='ltr'>non</span> <span class='ocrx_word' id='word_1_334' title='bbox 1254 2159 1459 2198; x_wconf 87' lang='lat' dir='ltr'>meliores.</span> <span class='ocrx_word' id='word_1_335' title='bbox 1514 2159 1613 2198; x_wconf 91' lang='lat' dir='ltr'>Non</span> <span class='ocrx_word' id='word_1_336' title='bbox 1639 2159 1834 2210; x_wconf 88' lang='lat' dir='ltr'>sapiebat</span> 
     </span>
     <span class='ocr_line' id='line_1_38' title="bbox 231 2208 1832 2264; baseline 0.003 -18"><span class='ocrx_word' id='word_1_337' title='bbox 231 2221 376 2247; x_wconf 85' lang='lat' dir='ltr'>amara</span> <span class='ocrx_word' id='word_1_338' title='bbox 398 2208 710 2260; x_wconf 88' lang='lat' dir='ltr'>Prophetarum</span> <span class='ocrx_word' id='word_1_339' title='bbox 733 2210 985 2262; x_wconf 85' lang='lat' dir='ltr'>obiurgatio,</span> <span class='ocrx_word' id='word_1_340' title='bbox 1010 2216 1054 2251; x_wconf 89' lang='lat' dir='ltr'>et</span> <span class='ocrx_word' id='word_1_341' title='bbox 1075 2213 1227 2251; x_wconf 89' lang='lat' dir='ltr'>horum</span> <span class='ocrx_word' id='word_1_342' title='bbox 1249 2215 1466 2264; x_wconf 85' lang='lat' dir='ltr'>promissis</span> <span class='ocrx_word' id='word_1_343' title='bbox 1487 2227 1574 2253; x_wconf 92' lang='lat' dir='ltr'>non</span> <span class='ocrx_word' id='word_1_344' title='bbox 1596 2218 1661 2252; x_wconf 91' lang='lat' dir='ltr'>est</span> <span class='ocrx_word' id='word_1_345' title='bbox 1682 2213 1832 2252; x_wconf 88' lang='lat' dir='ltr'>habita</span> 
     </span>
    </p>

    <p class='ocr_par' dir='ltr' id='par_1_12' title="bbox 153 2261 1833 2536">
     <span class='ocr_line' id='line_1_39' title="bbox 153 2261 1831 2319; baseline 0.003 -19"><span class='ocrx_word' id='word_1_346' title='bbox 153 2271 215 2302; x_wconf 85' lang='lat'>160</span> <span class='ocrx_word' id='word_1_347' title='bbox 230 2261 347 2302; x_wconf 89' lang='lat' dir='ltr'>fides.</span> <span class='ocrx_word' id='word_1_348' title='bbox 411 2263 464 2302; x_wconf 92' lang='lat' dir='ltr'>Id</span> <span class='ocrx_word' id='word_1_349' title='bbox 497 2263 647 2303; x_wconf 82' lang='lat' dir='ltr'>videns</span> <span class='ocrx_word' id='word_1_350' title='bbox 676 2263 806 2303; x_wconf 90' lang='lat' dir='ltr'>Pater</span> <span class='ocrx_word' id='word_1_351' title='bbox 833 2265 1038 2312; x_wconf 87' lang='lat' dir='ltr'>eoelestis,</span> <span class='ocrx_word' id='word_1_352' title='bbox 1069 2267 1175 2305; x_wconf 89' lang='lat' dir='ltr'>nihil</span> <span class='ocrx_word' id='word_1_353' title='bbox 1202 2268 1349 2307; x_wconf 77' lang='lat' dir='ltr'>volens</span> <span class='ocrx_word' id='word_1_354' title='bbox 1378 2269 1513 2319; x_wconf 85' lang='lat' dir='ltr'>perire</span> <span class='ocrx_word' id='word_1_355' title='bbox 1546 2281 1691 2307; x_wconf 90' lang='lat' dir='ltr'>eorum</span> <span class='ocrx_word' id='word_1_356' title='bbox 1721 2280 1831 2318; x_wconf 90' lang='lat' dir='ltr'>quae</span> 
     </span>
     <span class='ocr_line' id='line_1_40' title="bbox 231 2317 1832 2372; baseline 0.004 -17"><span class='ocrx_word' id='word_1_357' title='bbox 231 2317 435 2364; x_wconf 86' lang='lat' dir='ltr'>condidit,</span> <span class='ocrx_word' id='word_1_358' title='bbox 468 2319 609 2357; x_wconf 88' lang='lat' dir='ltr'>emisit</span> <span class='ocrx_word' id='word_1_359' title='bbox 639 2318 884 2358; x_wconf 84' lang='lat' dir='ltr'>Sermonem</span> <span class='ocrx_word' id='word_1_360' title='bbox 916 2332 1053 2367; x_wconf 89' lang='lat' dir='ltr'>suum,</span> <span class='ocrx_word' id='word_1_361' title='bbox 1086 2322 1160 2372; x_wconf 90' lang='lat' dir='ltr'>qui</span> <span class='ocrx_word' id='word_1_362' title='bbox 1192 2322 1358 2361; x_wconf 88' lang='lat' dir='ltr'>coelesti</span> <span class='ocrx_word' id='word_1_363' title='bbox 1392 2323 1603 2361; x_wconf 86' lang='lat' dir='ltr'>medicina</span> <span class='ocrx_word' id='word_1_364' title='bbox 1632 2322 1832 2361; x_wconf 87' lang='lat' dir='ltr'>liberaret</span> 
     </span>
     <span class='ocr_line' id='line_1_41' title="bbox 230 2372 1829 2423; baseline 0.003 -13"><span class='ocrx_word' id='word_1_365' title='bbox 230 2372 449 2411; x_wconf 82' lang='lat' dir='ltr'>vniuersos</span> <span class='ocrx_word' id='word_1_366' title='bbox 491 2372 546 2411; x_wconf 92' lang='lat' dir='ltr'>ab</span> <span class='ocrx_word' id='word_1_367' title='bbox 589 2373 786 2412; x_wconf 90' lang='lat' dir='ltr'>omnibus</span> <span class='ocrx_word' id='word_1_368' title='bbox 829 2375 1067 2413; x_wconf 89' lang='lat' dir='ltr'>animorum</span> <span class='ocrx_word' id='word_1_369' title='bbox 1110 2376 1282 2423; x_wconf 90' lang='lat' dir='ltr'>morbis,</span> <span class='ocrx_word' id='word_1_370' title='bbox 1325 2380 1499 2415; x_wconf 84' lang='lat' dir='ltr'>tantum</span> <span class='ocrx_word' id='word_1_371' title='bbox 1541 2381 1592 2415; x_wconf 85' lang='lat' dir='ltr'>vt</span> <span class='ocrx_word' id='word_1_372' title='bbox 1632 2376 1829 2415; x_wconf 90' lang='lat' dir='ltr'>morbum</span> 
     </span>
     <span class='ocr_line' id='line_1_42' title="bbox 230 2427 1830 2477; baseline 0.002 -12"><span class='ocrx_word' id='word_1_373' title='bbox 230 2438 509 2477; x_wconf 89' lang='lat' dir='ltr'>agnoscamus</span> <span class='ocrx_word' id='word_1_374' title='bbox 549 2431 594 2466; x_wconf 90' lang='lat' dir='ltr'>et</span> <span class='ocrx_word' id='word_1_375' title='bbox 633 2427 817 2466; x_wconf 91' lang='lat' dir='ltr'>fidamus</span> <span class='ocrx_word' id='word_1_376' title='bbox 857 2429 1034 2468; x_wconf 90' lang='lat' dir='ltr'>medico.</span> <span class='ocrx_word' id='word_1_377' title='bbox 1107 2429 1477 2477; x_wconf 78' lang='lat' dir='ltr'>Quemadmodum</span> <span class='ocrx_word' id='word_1_378' title='bbox 1519 2435 1664 2469; x_wconf 91' lang='lat' dir='ltr'>autem</span> <span class='ocrx_word' id='word_1_379' title='bbox 1705 2431 1830 2469; x_wconf 85' lang='lat' dir='ltr'>amici</span> 
     </span>
     <span class='ocr_line' id='line_1_43' title="bbox 229 2481 1833 2536; baseline 0.002 -17"><span class='ocrx_word' id='word_1_380' title='bbox 229 2481 395 2528; x_wconf 87' lang='lat' dir='ltr'>medici,</span> <span class='ocrx_word' id='word_1_381' title='bbox 415 2482 449 2520; x_wconf 90' lang='lat' dir='ltr'>si</span> <span class='ocrx_word' id='word_1_382' title='bbox 467 2481 641 2532; x_wconf 90' lang='lat' dir='ltr'>quando</span> <span class='ocrx_word' id='word_1_383' title='bbox 658 2495 745 2521; x_wconf 92' lang='lat' dir='ltr'>non</span> <span class='ocrx_word' id='word_1_384' title='bbox 761 2482 861 2522; x_wconf 83' lang='lat' dir='ltr'>licet</span> <span class='ocrx_word' id='word_1_385' title='bbox 879 2496 1044 2535; x_wconf 85' lang='lat' dir='ltr'>semper</span> <span class='ocrx_word' id='word_1_386' title='bbox 1061 2484 1208 2524; x_wconf 89' lang='lat' dir='ltr'>adesse</span> <span class='ocrx_word' id='word_1_387' title='bbox 1225 2486 1422 2536; x_wconf 88' lang='lat' dir='ltr'>aegrotis,</span> <span class='ocrx_word' id='word_1_388' title='bbox 1440 2485 1676 2536; x_wconf 89' lang='lat' dir='ltr'>relinquere</span> <span class='ocrx_word' id='word_1_389' title='bbox 1693 2484 1833 2524; x_wconf 89' lang='lat' dir='ltr'>solent</span> 
     </span>
    </p>

    <p class='ocr_par' dir='ltr' id='par_1_13' title="bbox 152 2535 1830 2699">
     <span class='ocr_line' id='line_1_44' title="bbox 152 2535 1829 2591; baseline 0.003 -19"><span class='ocrx_word' id='word_1_390' title='bbox 152 2543 208 2582; x_wconf 81' lang='lat'>165</span> <span class='ocrx_word' id='word_1_391' title='bbox 230 2535 508 2585; x_wconf 86' lang='lat' dir='ltr'>pharmacum</span> <span class='ocrx_word' id='word_1_392' title='bbox 528 2536 701 2587; x_wconf 88' lang='lat' dir='ltr'>aliquod</span> <span class='ocrx_word' id='word_1_393' title='bbox 720 2549 806 2587; x_wconf 89' lang='lat' dir='ltr'>quo</span> <span class='ocrx_word' id='word_1_394' title='bbox 825 2537 905 2576; x_wconf 88' lang='lat' dir='ltr'>sibi</span> <span class='ocrx_word' id='word_1_395' title='bbox 924 2539 1089 2588; x_wconf 89' lang='lat' dir='ltr'>possint</span> <span class='ocrx_word' id='word_1_396' title='bbox 1107 2552 1196 2578; x_wconf 90' lang='lat' dir='ltr'>esse</span> <span class='ocrx_word' id='word_1_397' title='bbox 1215 2540 1368 2579; x_wconf 89' lang='lat' dir='ltr'>medici</span> <span class='ocrx_word' id='word_1_398' title='bbox 1386 2541 1460 2591; x_wconf 89' lang='lat' dir='ltr'>qui</span> <span class='ocrx_word' id='word_1_399' title='bbox 1478 2539 1689 2586; x_wconf 88' lang='lat' dir='ltr'>laborant,</span> <span class='ocrx_word' id='word_1_400' title='bbox 1711 2540 1745 2578; x_wconf 92' lang='lat' dir='ltr'>si</span> <span class='ocrx_word' id='word_1_401' title='bbox 1764 2551 1829 2577; x_wconf 88' lang='lat' dir='ltr'>res</span> 
     </span>
     <span class='ocr_line' id='line_1_45' title="bbox 229 2590 1830 2644; baseline 0.002 -16"><span class='ocrx_word' id='word_1_402' title='bbox 229 2590 291 2628; x_wconf 89' lang='lat' dir='ltr'>ita</span> <span class='ocrx_word' id='word_1_403' title='bbox 316 2590 505 2641; x_wconf 90' lang='lat' dir='ltr'>postulet</span> <span class='ocrx_word' id='word_1_404' title='bbox 524 2604 532 2636; x_wconf 80' lang='lat'>3</span> <span class='ocrx_word' id='word_1_405' title='bbox 574 2592 637 2630; x_wconf 87' lang='lat' dir='ltr'>ita</span> <span class='ocrx_word' id='word_1_406' title='bbox 662 2591 872 2630; x_wconf 90' lang='lat' dir='ltr'>Dominus</span> <span class='ocrx_word' id='word_1_407' title='bbox 896 2591 1015 2631; x_wconf 86' lang='lat' dir='ltr'>Iesus</span> <span class='ocrx_word' id='word_1_408' title='bbox 1038 2593 1083 2632; x_wconf 90' lang='lat' dir='ltr'>in</span> <span class='ocrx_word' id='word_1_409' title='bbox 1109 2594 1271 2632; x_wconf 91' lang='lat' dir='ltr'>coelum</span> <span class='ocrx_word' id='word_1_410' title='bbox 1295 2607 1488 2633; x_wconf 90' lang='lat' dir='ltr'>reuersus</span> <span class='ocrx_word' id='word_1_411' title='bbox 1511 2594 1684 2644; x_wconf 89' lang='lat' dir='ltr'>reliquit</span> <span class='ocrx_word' id='word_1_412' title='bbox 1707 2593 1830 2632; x_wconf 85' lang='lat' dir='ltr'>nobis</span> 
     </span>
     <span class='ocr_line' id='line_1_46' title="bbox 230 2644 1830 2699; baseline 0.002 -17"><span class='ocrx_word' id='word_1_413' title='bbox 230 2656 304 2694; x_wconf 87' lang='lat' dir='ltr'>per</span> <span class='ocrx_word' id='word_1_414' title='bbox 320 2644 548 2695; x_wconf 89' lang='lat' dir='ltr'>Apostolos</span> <span class='ocrx_word' id='word_1_415' title='bbox 563 2658 661 2684; x_wconf 89' lang='lat' dir='ltr'>suos</span> <span class='ocrx_word' id='word_1_416' title='bbox 676 2645 955 2697; x_wconf 85' lang='lat' dir='ltr'>pharmacum</span> <span class='ocrx_word' id='word_1_417' title='bbox 972 2646 1290 2699; x_wconf 87' lang='lat' dir='ltr'>Euangelieum,</span> <span class='ocrx_word' id='word_1_418' title='bbox 1308 2648 1431 2687; x_wconf 85' lang='lat' dir='ltr'>facile</span> <span class='ocrx_word' id='word_1_419' title='bbox 1447 2648 1619 2699; x_wconf 87' lang='lat' dir='ltr'>quidem</span> <span class='ocrx_word' id='word_1_420' title='bbox 1636 2652 1680 2686; x_wconf 89' lang='lat' dir='ltr'>et</span> <span class='ocrx_word' id='word_1_421' title='bbox 1696 2648 1830 2686; x_wconf 88' lang='lat' dir='ltr'>cuiuis</span> 
     </span>
    </p>
   </div>
   <div class='ocr_carea' id='block_1_3' title="bbox 825 2714 1215 2754">
    <p class='ocr_par' dir='ltr' id='par_1_14' title="bbox 825 2714 1215 2754">
     <span class='ocr_line' id='line_1_47' title="bbox 825 2714 1215 2754; baseline 0.003 -10"><span class='ocrx_word' id='word_1_422' title='bbox 825 2722 896 2754; x_wconf 80' lang='lat'>124.</span> <span class='ocrx_word' id='word_1_423' title='bbox 923 2714 968 2746; x_wconf 78' lang='lat' dir='ltr'>B:</span> <span class='ocrx_word' id='word_1_424' title='bbox 1004 2723 1163 2753; x_wconf 82' lang='lat' dir='ltr'>panacen</span> <span class='ocrx_word' id='word_1_425' title='bbox 1185 2725 1215 2745; x_wconf 82' lang='lat' dir='ltr'>a.</span> 
     </span>
    </p>
   </div>
   <div class='ocr_carea' id='block_1_4' title="bbox 232 2757 1828 3038">
    <p class='ocr_par' dir='ltr' id='par_1_15' title="bbox 278 2757 1828 2820">
     <span class='ocr_line' id='line_1_48' title="bbox 278 2757 1828 2820; baseline 0.003 -14"><span class='ocrx_word' id='word_1_426' title='bbox 278 2757 348 2807; x_wconf 60' lang='lat'>128.</span> <span class='ocrx_word' id='word_1_427' title='bbox 376 2758 582 2816; x_wconf 70' lang='lat' dir='ltr'>prouerbiis]</span> <span class='ocrx_word' id='word_1_428' title='bbox 601 2776 650 2808; x_wconf 83' lang='lat' dir='ltr'>Cf.</span> <span class='ocrx_word' id='word_1_429' title='bbox 672 2778 778 2816; x_wconf 64' lang='lat' dir='ltr'>Aclay.</span> <span class='ocrx_word' id='word_1_430' title='bbox 799 2786 896 2808; x_wconf 81' lang='lat'>2100.</span> <span class='ocrx_word' id='word_1_431' title='bbox 1061 2789 1162 2819; x_wconf 63' lang='lat' dir='ltr'>super</span> <span class='ocrx_word' id='word_1_432' title='bbox 1202 2780 1428 2812; x_wconf 73' lang='lat' dir='ltr'>Psaltcrium:</span> <span class='ocrx_word' id='word_1_433' title='bbox 1473 2779 1610 2812; x_wconf 84' lang='lat' dir='ltr'>‘Dauid</span> <span class='ocrx_word' id='word_1_434' title='bbox 1647 2780 1707 2820; x_wconf 90' lang='lat' dir='ltr'>qui</span> <span class='ocrx_word' id='word_1_435' title='bbox 1745 2779 1828 2810; x_wconf 76' lang='lat' dir='ltr'>fecit</span> 
     </span>
    </p>

    <p class='ocr_par' dir='ltr' id='par_1_16' title="bbox 277 2819 1826 2866">
     <span class='ocr_line' id='line_1_49' title="bbox 277 2819 1826 2866; baseline 0.003 -17"><span class='ocrx_word' id='word_1_436' title='bbox 277 2828 348 2860; x_wconf 80' lang='lat'>134.</span> <span class='ocrx_word' id='word_1_437' title='bbox 376 2820 494 2851; x_wconf 81' lang='lat' dir='ltr'>Sermo</span> <span class='ocrx_word' id='word_1_438' title='bbox 511 2819 640 2858; x_wconf 76' lang='lat' dir='ltr'>Patris]</span> <span class='ocrx_word' id='word_1_439' title='bbox 658 2820 707 2851; x_wconf 83' lang='lat' dir='ltr'>Cf.</span> <span class='ocrx_word' id='word_1_440' title='bbox 728 2821 792 2861; x_wconf 87' lang='lat' dir='ltr'>Ep.</span> <span class='ocrx_word' id='word_1_441' title='bbox 812 2822 886 2861; x_wconf 72' lang='lat'>384.</span> <span class='ocrx_word' id='word_1_442' title='bbox 904 2823 984 2861; x_wconf 75' lang='lat' dir='ltr'>46n.</span> <span class='ocrx_word' id='word_1_443' title='bbox 1062 2823 1229 2861; x_wconf 87' lang='lat' dir='ltr'>Psalmos,</span> <span class='ocrx_word' id='word_1_444' title='bbox 1248 2824 1372 2855; x_wconf 72' lang='lat' dir='ltr'>salt-em</span> <span class='ocrx_word' id='word_1_445' title='bbox 1394 2834 1457 2866; x_wconf 89' lang='lat' dir='ltr'>pro</span> <span class='ocrx_word' id='word_1_446' title='bbox 1481 2823 1603 2855; x_wconf 84' lang='lat' dir='ltr'>maiori</span> <span class='ocrx_word' id='word_1_447' title='bbox 1625 2826 1736 2863; x_wconf 84' lang='lat' dir='ltr'>parte,</span> <span class='ocrx_word' id='word_1_448' title='bbox 1756 2833 1826 2854; x_wconf 90' lang='lat' dir='ltr'>non</span> 
     </span>
    </p>

    <p class='ocr_par' dir='ltr' id='par_1_17' title="bbox 278 2862 1826 2909">
     <span class='ocr_line' id='line_1_50' title="bbox 278 2862 1826 2909; baseline 0.002 -16"><span class='ocrx_word' id='word_1_449' title='bbox 278 2872 347 2903; x_wconf 80' lang='lat'>137.</span> <span class='ocrx_word' id='word_1_450' title='bbox 376 2862 590 2904; x_wconf 85' lang='lat' dir='ltr'>Sapientiae]</span> <span class='ocrx_word' id='word_1_451' title='bbox 612 2865 660 2895; x_wconf 82' lang='lat'>16.</span> <span class='ocrx_word' id='word_1_452' title='bbox 685 2873 733 2894; x_wconf 84' lang='lat'>12.</span> <span class='ocrx_word' id='word_1_453' title='bbox 1061 2866 1174 2898; x_wconf 84' lang='lat' dir='ltr'>solum</span> <span class='ocrx_word' id='word_1_454' title='bbox 1216 2867 1345 2898; x_wconf 88' lang='lat' dir='ltr'>dicitur</span> <span class='ocrx_word' id='word_1_455' title='bbox 1387 2867 1569 2909; x_wconf 86' lang='lat' dir='ltr'>propheta,</span> <span class='ocrx_word' id='word_1_456' title='bbox 1614 2866 1675 2897; x_wconf 89' lang='lat' dir='ltr'>sed</span> <span class='ocrx_word' id='word_1_457' title='bbox 1717 2865 1826 2897; x_wconf 87' lang='lat' dir='ltr'>etiam</span> 
     </span>
    </p>

    <p class='ocr_par' dir='ltr' id='par_1_18' title="bbox 232 2905 1823 3038">
     <span class='ocr_line' id='line_1_51' title="bbox 278 2905 1823 2952; baseline 0.002 -16"><span class='ocrx_word' id='word_1_458' title='bbox 278 2913 349 2945; x_wconf 88' lang='lat'>140.</span> <span class='ocrx_word' id='word_1_459' title='bbox 377 2905 549 2944; x_wconf 85' lang='lat' dir='ltr'>Psalmus]</span> <span class='ocrx_word' id='word_1_460' title='bbox 568 2916 638 2947; x_wconf 87' lang='lat'>107.</span> <span class='ocrx_word' id='word_1_461' title='bbox 656 2916 709 2938; x_wconf 87' lang='lat'>20.</span> <span class='ocrx_word' id='word_1_462' title='bbox 1061 2909 1208 2941; x_wconf 79' lang='lat' dir='ltr'>eximius</span> <span class='ocrx_word' id='word_1_463' title='bbox 1226 2910 1477 2952; x_wconf 87' lang='lat' dir='ltr'>prophetarum</span> <span class='ocrx_word' id='word_1_464' title='bbox 1493 2911 1511 2942; x_wconf 85' lang='lat'>⁷.</span> <span class='ocrx_word' id='word_1_465' title='bbox 1561 2909 1622 2941; x_wconf 88' lang='lat' dir='ltr'>See</span> <span class='ocrx_word' id='word_1_466' title='bbox 1644 2908 1715 2940; x_wconf 81' lang='lat' dir='ltr'>also</span> <span class='ocrx_word' id='word_1_467' title='bbox 1732 2909 1823 2950; x_wconf 87' lang='lat' dir='ltr'>Epp.</span> 
     </span>
     <span class='ocr_line' id='line_1_52' title="bbox 232 2948 1626 3038; baseline 0.003 -16"><span class='ocrx_word' id='word_1_468' title='bbox 232 2958 350 3022; x_wconf 49' lang='lat'>1253}</span> <span class='ocrx_word' id='word_1_469' title='bbox 371 2948 998 3034; x_wconf 47' lang='grc' dir='ltr'>ἓῖοὲὲῖῗᾉᾞὲἿξῗξῑδῖῗέἐῗθᾶᾶῗ</span> <span class='ocrx_word' id='word_1_470' title='bbox 1065 2955 1392 3038; x_wconf 51' lang='lat' dir='ltr'>13122‘s.8ss1&#39;11}e3r3i‘1⁴1&#39;s]8</span> <span class='ocrx_word' id='word_1_471' title='bbox 1394 2957 1451 3028; x_wconf 53' lang='grc' dir='ltr'>ἵζ’.</span> <span class='ocrx_word' id='word_1_472' title='bbox 1475 3004 1550 3036; x_wconf 79' lang='lat'>107.</span> <span class='ocrx_word' id='word_1_473' title='bbox 1573 2995 1626 3026; x_wconf 71' lang='lat'>18.</span> 
     </span>
    </p>
   </div>
   <div class='ocr_carea' id='block_1_5' title="bbox 232 3033 1702 3080">
    <p class='ocr_par' dir='ltr' id='par_1_19' title="bbox 232 3033 1702 3080">
     <span class='ocr_line' id='line_1_53' title="bbox 232 3033 1702 3080; baseline 0.003 -15"><span class='ocrx_word' id='word_1_474' title='bbox 232 3033 305 3065; x_wconf 76' lang='lat' dir='ltr'>Nic.</span> <span class='ocrx_word' id='word_1_475' title='bbox 337 3033 378 3066; x_wconf 88' lang='lat' dir='ltr'>de</span> <span class='ocrx_word' id='word_1_476' title='bbox 407 3034 526 3075; x_wconf 72' lang='lat' dir='ltr'>Lyra&#39;s</span> <span class='ocrx_word' id='word_1_477' title='bbox 553 3034 688 3076; x_wconf 76' lang='lat' dir='ltr'>presa-ce</span> <span class='ocrx_word' id='word_1_478' title='bbox 715 3039 752 3067; x_wconf 87' lang='lat' dir='ltr'>to</span> <span class='ocrx_word' id='word_1_479' title='bbox 776 3035 830 3067; x_wconf 86' lang='lat' dir='ltr'>his</span> <span class='ocrx_word' id='word_1_480' title='bbox 857 3036 998 3068; x_wconf 65' lang='lat' dir='ltr'>Postilla</span> <span class='ocrx_word' id='word_1_481' title='bbox 1110 3040 1179 3080; x_wconf 86' lang='lat'>158.</span> <span class='ocrx_word' id='word_1_482' title='bbox 1205 3039 1458 3079; x_wconf 77' lang='lat' dir='ltr'>reddebantur]</span> <span class='ocrx_word' id='word_1_483' title='bbox 1474 3049 1516 3072; x_wconf 73' lang='lat' dir='ltr'>sc.</span> <span class='ocrx_word' id='word_1_484' title='bbox 1537 3039 1702 3071; x_wconf 74' lang='lat' dir='ltr'>homines.</span> 
     </span>
    </p>
   </div>
  </div>
 </body>
</html>
