<?xml version="1.0" encoding="UTF-8"?>
<!DOCTYPE html PUBLIC "-//W3C//DTD XHTML 1.0 Transitional//EN"
    "http://www.w3.org/TR/xhtml1/DTD/xhtml1-transitional.dtd">
<html xmlns="http://www.w3.org/1999/xhtml" xml:lang="en" lang="en">
 <head>
  <title>
</title>
<meta http-equiv="Content-Type" content="text/html;charset=utf-8" />
  <meta name='ocr-system' content='tesseract 3.04.00' />
  <meta name='ocr-capabilities' content='ocr_page ocr_carea ocr_par ocr_line ocrx_word'/>
</head>
<body>
  <div class='ocr_page' id='page_1' title='image "./opusepistolarum05eras_0071.png"; bbox 0 0 2033 3395; ppageno 0'>
   <div class='ocr_carea' id='block_1_1' title="bbox 104 129 1692 194">
    <p class='ocr_par' dir='ltr' id='par_1_1' title="bbox 104 129 1692 194">
     <span class='ocr_line' id='line_1_1' title="bbox 104 129 1692 194; baseline -0.008 -13"><span class='ocrx_word' id='word_1_1' title='bbox 104 146 223 194; x_wconf 88' lang='lat'><em>1271]</em></span> <span class='ocrx_word' id='word_1_2' title='bbox 526 137 686 180; x_wconf 80' lang='lat' dir='ltr'><strong>FROM</strong></span> <span class='ocrx_word' id='word_1_3' title='bbox 713 136 869 177; x_wconf 83' lang='lat' dir='ltr'><strong>JOHN</strong></span> <span class='ocrx_word' id='word_1_4' title='bbox 898 135 1068 176; x_wconf 84' lang='lat' dir='ltr'>LOUIS</span> <span class='ocrx_word' id='word_1_5' title='bbox 1098 133 1268 175; x_wconf 85' lang='lat' dir='ltr'>VIVES</span> <span class='ocrx_word' id='word_1_6' title='bbox 1641 129 1692 168; x_wconf 87' lang='lat'>41</span> 
     </span>
    </p>
   </div>
   <div class='ocr_carea' id='block_1_2' title="bbox 102 243 1799 1496">
    <p class='ocr_par' dir='ltr' id='par_1_2' title="bbox 102 243 1799 1496">
     <span class='ocr_line' id='line_1_2' title="bbox 102 243 1698 305; baseline -0.009 -12"><span class='ocrx_word' id='word_1_7' title='bbox 102 253 253 293; x_wconf 90' lang='lat' dir='ltr'>nobilis</span> <span class='ocrx_word' id='word_1_8' title='bbox 274 253 447 305; x_wconf 90' lang='lat' dir='ltr'>quidam</span> <span class='ocrx_word' id='word_1_9' title='bbox 468 251 742 297; x_wconf 72' lang='lat' dir='ltr'>Rem-andus,</span> <span class='ocrx_word' id='word_1_10' title='bbox 765 250 799 288; x_wconf 88' lang='lat' dir='ltr'>is</span> <span class='ocrx_word' id='word_1_11' title='bbox 819 249 893 300; x_wconf 92' lang='lat' dir='ltr'>qui</span> <span class='ocrx_word' id='word_1_12' title='bbox 912 253 956 288; x_wconf 87' lang='lat' dir='ltr'>tc</span> <span class='ocrx_word' id='word_1_13' title='bbox 976 247 1200 287; x_wconf 84' lang='lat' dir='ltr'>Andrelaci</span> <span class='ocrx_word' id='word_1_14' title='bbox 1219 245 1379 291; x_wconf 85' lang='lat' dir='ltr'>inuisit,</span> <span class='ocrx_word' id='word_1_15' title='bbox 1401 243 1478 282; x_wconf 89' lang='lat' dir='ltr'>dat</span> <span class='ocrx_word' id='word_1_16' title='bbox 1497 243 1536 282; x_wconf 87' lang='lat' dir='ltr'>ei</span> <span class='ocrx_word' id='word_1_17' title='bbox 1555 243 1698 280; x_wconf 80' lang='lat' dir='ltr'>literas</span> 
     </span>
     <span class='ocr_line' id='line_1_3' title="bbox 103 296 1698 359; baseline -0.009 -12"><span class='ocrx_word' id='word_1_18' title='bbox 103 307 159 347; x_wconf 91' lang='lat' dir='ltr'>ad</span> <span class='ocrx_word' id='word_1_19' title='bbox 181 320 261 355; x_wconf 90' lang='lat' dir='ltr'>me,</span> <span class='ocrx_word' id='word_1_20' title='bbox 285 308 439 359; x_wconf 88' lang='lat' dir='ltr'>quibus</span> <span class='ocrx_word' id='word_1_21' title='bbox 462 306 613 346; x_wconf 79' lang='lat' dir='ltr'>certior</span> <span class='ocrx_word' id='word_1_22' title='bbox 635 305 687 344; x_wconf 90' lang='lat' dir='ltr'>de</span> <span class='ocrx_word' id='word_1_23' title='bbox 710 308 804 343; x_wconf 89' lang='lat' dir='ltr'>toto</span> <span class='ocrx_word' id='word_1_24' title='bbox 827 303 998 355; x_wconf 89' lang='lat' dir='ltr'>negocio</span> <span class='ocrx_word' id='word_1_25' title='bbox 1022 302 1189 341; x_wconf 89' lang='lat' dir='ltr'>fiebam.</span> <span class='ocrx_word' id='word_1_26' title='bbox 1241 299 1369 339; x_wconf 88' lang='lat' dir='ltr'>Venit</span> <span class='ocrx_word' id='word_1_27' title='bbox 1391 298 1540 337; x_wconf 89' lang='lat' dir='ltr'>Frater</span> <span class='ocrx_word' id='word_1_28' title='bbox 1563 296 1698 334; x_wconf 90' lang='lat' dir='ltr'>Loua-</span> 
     </span>
     <span class='ocr_line' id='line_1_4' title="bbox 104 349 1786 412; baseline -0.007 -11"><span class='ocrx_word' id='word_1_29' title='bbox 104 363 236 409; x_wconf 83' lang='lat' dir='ltr'>nium,</span> <span class='ocrx_word' id='word_1_30' title='bbox 259 361 511 412; x_wconf 80' lang='lat' dir='ltr'>colloquitur</span> <span class='ocrx_word' id='word_1_31' title='bbox 533 372 698 399; x_wconf 87' lang='lat' dir='ltr'>mecum</span> <span class='ocrx_word' id='word_1_32' title='bbox 720 358 815 410; x_wconf 88' lang='lat' dir='ltr'>plus</span> <span class='ocrx_word' id='word_1_33' title='bbox 836 357 973 398; x_wconf 88' lang='lat' dir='ltr'>decies</span> <span class='ocrx_word' id='word_1_34' title='bbox 993 369 1001 403; x_wconf 89' lang='grc'>;</span> <span class='ocrx_word' id='word_1_35' title='bbox 1040 369 1115 396; x_wconf 85' lang='lat' dir='ltr'>nec</span> <span class='ocrx_word' id='word_1_36' title='bbox 1138 355 1190 394; x_wconf 87' lang='lat' dir='ltr'>de</span> <span class='ocrx_word' id='word_1_37' title='bbox 1211 354 1330 394; x_wconf 85' lang='lat' dir='ltr'>Duce</span> <span class='ocrx_word' id='word_1_38' title='bbox 1352 352 1529 391; x_wconf 79' lang='lat' dir='ltr'>verbum</span> <span class='ocrx_word' id='word_1_39' title='bbox 1550 349 1700 395; x_wconf 76' lang='lat' dir='ltr'>vnum,</span> <span class='ocrx_word' id='word_1_40' title='bbox 1726 358 1786 389; x_wconf 83' lang='lat'>140</span> 
     </span>
     <span class='ocr_line' id='line_1_5' title="bbox 105 403 1699 455; baseline -0.008 0"><span class='ocrx_word' id='word_1_41' title='bbox 105 429 180 455; x_wconf 90' lang='lat' dir='ltr'>nec</span> <span class='ocrx_word' id='word_1_42' title='bbox 192 416 336 455; x_wconf 75' lang='lat' dir='ltr'>literas</span> <span class='ocrx_word' id='word_1_43' title='bbox 348 414 574 454; x_wconf 85' lang='lat' dir='ltr'>Bertrandi</span> <span class='ocrx_word' id='word_1_44' title='bbox 586 413 738 453; x_wconf 88' lang='lat' dir='ltr'>reddit.</span> <span class='ocrx_word' id='word_1_45' title='bbox 786 413 886 451; x_wconf 85' lang='lat' dir='ltr'>Dux</span> <span class='ocrx_word' id='word_1_46' title='bbox 899 412 972 450; x_wconf 82' lang='lat' dir='ltr'>vbi</span> <span class='ocrx_word' id='word_1_47' title='bbox 990 424 1056 450; x_wconf 87' lang='lat' dir='ltr'>me</span> <span class='ocrx_word' id='word_1_48' title='bbox 1069 409 1188 449; x_wconf 85' lang='lat' dir='ltr'>videt</span> <span class='ocrx_word' id='word_1_49' title='bbox 1201 407 1404 454; x_wconf 88' lang='lat' dir='ltr'>cunctari,</span> <span class='ocrx_word' id='word_1_50' title='bbox 1421 410 1499 445; x_wconf 89' lang='lat' dir='ltr'>aut</span> <span class='ocrx_word' id='word_1_51' title='bbox 1510 403 1699 444; x_wconf 90' lang='lat' dir='ltr'>admoni-</span> 
     </span>
     <span class='ocr_line' id='line_1_6' title="bbox 104 459 1703 518; baseline -0.008 -9"><span class='ocrx_word' id='word_1_52' title='bbox 104 474 174 509; x_wconf 88' lang='lat' dir='ltr'>tus</span> <span class='ocrx_word' id='word_1_53' title='bbox 196 470 339 508; x_wconf 74' lang='lat' dir='ltr'>forsan</span> <span class='ocrx_word' id='word_1_54' title='bbox 362 483 387 508; x_wconf 91' lang='lat' dir='ltr'>a</span> <span class='ocrx_word' id='word_1_55' title='bbox 409 469 557 507; x_wconf 87' lang='lat' dir='ltr'>Fratre</span> <span class='ocrx_word' id='word_1_56' title='bbox 580 481 646 507; x_wconf 87' lang='lat' dir='ltr'>me</span> <span class='ocrx_word' id='word_1_57' title='bbox 668 480 872 513; x_wconf 86' lang='lat' dir='ltr'>recusare,</span> <span class='ocrx_word' id='word_1_58' title='bbox 896 465 1088 518; x_wconf 87' lang='lat' dir='ltr'>praeficit</span> <span class='ocrx_word' id='word_1_59' title='bbox 1109 465 1195 503; x_wconf 89' lang='lat' dir='ltr'>iam</span> <span class='ocrx_word' id='word_1_60' title='bbox 1218 463 1315 502; x_wconf 90' lang='lat' dir='ltr'>hinc</span> <span class='ocrx_word' id='word_1_61' title='bbox 1338 461 1478 513; x_wconf 90' lang='lat' dir='ltr'>pueris</span> <span class='ocrx_word' id='word_1_62' title='bbox 1500 459 1703 500; x_wconf 82' lang='lat' dir='ltr'>Seuerum</span> 
     </span>
     <span class='ocr_line' id='line_1_7' title="bbox 106 513 1702 574; baseline -0.008 -11"><span class='ocrx_word' id='word_1_63' title='bbox 106 524 374 563; x_wconf 88' lang='lat' dir='ltr'>monachum.</span> <span class='ocrx_word' id='word_1_64' title='bbox 426 523 604 574; x_wconf 86' lang='lat' dir='ltr'>Ignarus</span> <span class='ocrx_word' id='word_1_65' title='bbox 627 534 703 573; x_wconf 89' lang='lat' dir='ltr'>ego</span> <span class='ocrx_word' id='word_1_66' title='bbox 732 522 883 560; x_wconf 89' lang='lat' dir='ltr'>harum</span> <span class='ocrx_word' id='word_1_67' title='bbox 906 532 1046 559; x_wconf 88' lang='lat' dir='ltr'>rerum</span> <span class='ocrx_word' id='word_1_68' title='bbox 1070 518 1260 557; x_wconf 90' lang='lat' dir='ltr'>omnium</span> <span class='ocrx_word' id='word_1_69' title='bbox 1284 516 1408 556; x_wconf 85' lang='lat' dir='ltr'>venio</span> <span class='ocrx_word' id='word_1_70' title='bbox 1432 513 1702 557; x_wconf 81' lang='lat' dir='ltr'>Bruxellam3</span> 
     </span>
     <span class='ocr_line' id='line_1_8' title="bbox 104 567 1702 628; baseline -0.008 -11"><span class='ocrx_word' id='word_1_71' title='bbox 104 578 164 616; x_wconf 93' lang='lat' dir='ltr'>ibi</span> <span class='ocrx_word' id='word_1_72' title='bbox 191 577 436 628; x_wconf 70' lang='lat' dir='ltr'>expostulat</span> <span class='ocrx_word' id='word_1_73' title='bbox 464 576 725 616; x_wconf 85' lang='lat' dir='ltr'>Bertrandus</span> <span class='ocrx_word' id='word_1_74' title='bbox 763 574 879 626; x_wconf 91' lang='lat' dir='ltr'>quod</span> <span class='ocrx_word' id='word_1_75' title='bbox 906 573 1110 625; x_wconf 88' lang='lat' dir='ltr'>epistolae</span> <span class='ocrx_word' id='word_1_76' title='bbox 1140 585 1240 611; x_wconf 90' lang='lat' dir='ltr'>suae</span> <span class='ocrx_word' id='word_1_77' title='bbox 1268 570 1372 609; x_wconf 87' lang='lat' dir='ltr'>nihil</span> <span class='ocrx_word' id='word_1_78' title='bbox 1399 567 1702 620; x_wconf 84' lang='lat' dir='ltr'>responderim.</span> 
     </span>
     <span class='ocr_line' id='line_1_9' title="bbox 107 618 1784 682; baseline -0.007 -11"><span class='ocrx_word' id='word_1_79' title='bbox 107 631 116 646; x_wconf 74' lang='lat'><strong><em>⁶</em></strong></span> <span class='ocrx_word' id='word_1_80' title='bbox 131 632 220 678; x_wconf 83' lang='lat' dir='ltr'>Oui,</span> <span class='ocrx_word' id='word_1_81' title='bbox 236 630 425 678; x_wconf 83' lang='lat' dir='ltr'>malum,’</span> <span class='ocrx_word' id='word_1_82' title='bbox 446 632 634 682; x_wconf 83' lang='lat' dir='ltr'>inquam,</span> <span class='ocrx_word' id='word_1_83' title='bbox 659 630 666 644; x_wconf 89' lang='lat'>‘</span> <span class='ocrx_word' id='word_1_84' title='bbox 682 629 885 681; x_wconf 87' lang='lat' dir='ltr'>epistolae</span> <span class='ocrx_word' id='word_1_85' title='bbox 901 631 916 666; x_wconf 77' lang='lat'>⁶?</span> <span class='ocrx_word' id='word_1_86' title='bbox 934 628 942 643; x_wconf 89' lang='lat'>’</span> <span class='ocrx_word' id='word_1_87' title='bbox 989 627 997 642; x_wconf 91' lang='lat'>‘</span> <span class='ocrx_word' id='word_1_88' title='bbox 1012 627 1126 667; x_wconf 85' lang='lat' dir='ltr'>Serio</span> <span class='ocrx_word' id='word_1_89' title='bbox 1143 626 1150 641; x_wconf 90' lang='grc'><strong><em>’</em></strong></span> <span class='ocrx_word' id='word_1_90' title='bbox 1172 626 1326 676; x_wconf 86' lang='lat' dir='ltr'>inquit,</span> <span class='ocrx_word' id='word_1_91' title='bbox 1347 624 1355 639; x_wconf 93' lang='lat'>‘</span> <span class='ocrx_word' id='word_1_92' title='bbox 1371 624 1438 663; x_wconf 88' lang='lat' dir='ltr'>cui</span> <span class='ocrx_word' id='word_1_93' title='bbox 1452 621 1655 674; x_wconf 88' lang='lat' dir='ltr'>epistolae</span> <span class='ocrx_word' id='word_1_94' title='bbox 1671 618 1703 659; x_wconf 65' lang='lat' dir='ltr'>‘l’</span> <span class='ocrx_word' id='word_1_95' title='bbox 1727 626 1784 660; x_wconf 83' lang='lat'>145</span> 
     </span>
     <span class='ocr_line' id='line_1_10' title="bbox 109 675 1704 737; baseline -0.008 -12"><span class='ocrx_word' id='word_1_96' title='bbox 109 685 118 701; x_wconf 88' lang='lat'>‘</span> <span class='ocrx_word' id='word_1_97' title='bbox 136 686 251 726; x_wconf 85' lang='lat' dir='ltr'>Serio</span> <span class='ocrx_word' id='word_1_98' title='bbox 271 685 280 701; x_wconf 94' lang='lat'>&#39;</span> <span class='ocrx_word' id='word_1_99' title='bbox 317 687 506 737; x_wconf 89' lang='lat' dir='ltr'>inquam.</span> <span class='ocrx_word' id='word_1_100' title='bbox 570 685 688 723; x_wconf 88' lang='lat' dir='ltr'>Tunc</span> <span class='ocrx_word' id='word_1_101' title='bbox 725 687 872 722; x_wconf 81' lang='lat' dir='ltr'>narrat</span> <span class='ocrx_word' id='word_1_102' title='bbox 907 682 1053 721; x_wconf 88' lang='lat' dir='ltr'>multis</span> <span class='ocrx_word' id='word_1_103' title='bbox 1088 679 1383 732; x_wconf 89' lang='lat' dir='ltr'>praesentibus</span> <span class='ocrx_word' id='word_1_104' title='bbox 1418 690 1506 716; x_wconf 91' lang='lat' dir='ltr'>rem</span> <span class='ocrx_word' id='word_1_105' title='bbox 1543 675 1704 715; x_wconf 82' lang='lat' dir='ltr'>ordine.</span> 
     </span>
     <span class='ocr_line' id='line_1_11' title="bbox 107 729 1707 791; baseline -0.008 -11"><span class='ocrx_word' id='word_1_106' title='bbox 107 739 296 788; x_wconf 79' lang='lat' dir='ltr'>Quorum</span> <span class='ocrx_word' id='word_1_107' title='bbox 318 740 505 791; x_wconf 86' lang='lat' dir='ltr'>plerique</span> <span class='ocrx_word' id='word_1_108' title='bbox 528 738 800 778; x_wconf 88' lang='lat' dir='ltr'>affirmabant</span> <span class='ocrx_word' id='word_1_109' title='bbox 821 751 865 776; x_wconf 90' lang='lat' dir='ltr'>se</span> <span class='ocrx_word' id='word_1_110' title='bbox 885 736 1125 776; x_wconf 81' lang='lat' dir='ltr'>interfuisse</span> <span class='ocrx_word' id='word_1_111' title='bbox 1148 747 1245 774; x_wconf 88' lang='lat' dir='ltr'>cum</span> <span class='ocrx_word' id='word_1_112' title='bbox 1266 733 1367 773; x_wconf 84' lang='lat' dir='ltr'>Dux</span> <span class='ocrx_word' id='word_1_113' title='bbox 1388 732 1460 770; x_wconf 88' lang='lat' dir='ltr'>illa</span> <span class='ocrx_word' id='word_1_114' title='bbox 1482 729 1707 770; x_wconf 87' lang='lat' dir='ltr'>mandaret</span> 
     </span>
     <span class='ocr_line' id='line_1_12' title="bbox 106 784 1708 844; baseline -0.007 -10"><span class='ocrx_word' id='word_1_115' title='bbox 106 794 246 833; x_wconf 85' lang='lat' dir='ltr'>Fratri</span> <span class='ocrx_word' id='word_1_116' title='bbox 265 807 273 840; x_wconf 88' lang='grc'><strong>;</strong></span> <span class='ocrx_word' id='word_1_117' title='bbox 305 807 348 833; x_wconf 90' lang='lat' dir='ltr'>se</span> <span class='ocrx_word' id='word_1_118' title='bbox 363 794 501 833; x_wconf 91' lang='lat' dir='ltr'>dolere</span> <span class='ocrx_word' id='word_1_119' title='bbox 516 793 730 844; x_wconf 87' lang='lat' dir='ltr'>impendio</span> <span class='ocrx_word' id='word_1_120' title='bbox 745 791 860 843; x_wconf 90' lang='lat' dir='ltr'>quod</span> <span class='ocrx_word' id='word_1_121' title='bbox 875 790 1160 831; x_wconf 80' lang='lat' dir='ltr'>conditionem</span> <span class='ocrx_word' id='word_1_122' title='bbox 1175 789 1254 828; x_wconf 90' lang='lat' dir='ltr'>sim</span> <span class='ocrx_word' id='word_1_123' title='bbox 1269 790 1519 838; x_wconf 85' lang='lat' dir='ltr'>aspernatus</span> <span class='ocrx_word' id='word_1_124' title='bbox 1538 797 1548 832; x_wconf 89' lang='grc'>;</span> <span class='ocrx_word' id='word_1_125' title='bbox 1579 784 1708 822; x_wconf 82' lang='lat' dir='ltr'>fuisse</span> 
     </span>
     <span class='ocr_line' id='line_1_13' title="bbox 106 841 1706 899; baseline -0.008 -11"><span class='ocrx_word' id='word_1_126' title='bbox 106 848 356 887; x_wconf 77' lang='lat' dir='ltr'>futurumvt</span> <span class='ocrx_word' id='word_1_127' title='bbox 368 861 579 899; x_wconf 85' lang='lat' dir='ltr'>nusquam</span> <span class='ocrx_word' id='word_1_128' title='bbox 593 847 726 899; x_wconf 86' lang='lat' dir='ltr'>magis</span> <span class='ocrx_word' id='word_1_129' title='bbox 733 860 785 886; x_wconf 83' lang='lat' dir='ltr'>ex</span> <span class='ocrx_word' id='word_1_130' title='bbox 799 846 929 885; x_wconf 90' lang='lat' dir='ltr'>animi</span> <span class='ocrx_word' id='word_1_131' title='bbox 942 845 1045 884; x_wconf 88' lang='lat' dir='ltr'>mihi</span> <span class='ocrx_word' id='word_1_132' title='bbox 1058 844 1140 883; x_wconf 88' lang='lat' dir='ltr'>mei</span> <span class='ocrx_word' id='word_1_133' title='bbox 1148 843 1360 883; x_wconf 88' lang='lat' dir='ltr'>sententia</span> <span class='ocrx_word' id='word_1_134' title='bbox 1367 841 1566 879; x_wconf 80' lang='lat' dir='ltr'>vixissem</span> <span class='ocrx_word' id='word_1_135' title='bbox 1576 849 1706 889; x_wconf 88' lang='lat' dir='ltr'>quam</span> 
     </span>
     <span class='ocr_line' id='line_1_14' title="bbox 107 896 1792 949; baseline -0.005 -7"><span class='ocrx_word' id='word_1_136' title='bbox 107 915 262 949; x_wconf 86' lang='lat' dir='ltr'>secum,</span> <span class='ocrx_word' id='word_1_137' title='bbox 280 903 359 941; x_wconf 92' lang='lat' dir='ltr'>hoc</span> <span class='ocrx_word' id='word_1_138' title='bbox 376 907 441 941; x_wconf 89' lang='lat' dir='ltr'>est</span> <span class='ocrx_word' id='word_1_139' title='bbox 457 915 553 941; x_wconf 91' lang='lat' dir='ltr'>cum</span> <span class='ocrx_word' id='word_1_140' title='bbox 571 901 813 940; x_wconf 89' lang='lat' dir='ltr'>hominibus</span> <span class='ocrx_word' id='word_1_141' title='bbox 829 900 911 940; x_wconf 85' lang='lat' dir='ltr'>mei</span> <span class='ocrx_word' id='word_1_142' title='bbox 927 898 1230 939; x_wconf 88' lang='lat' dir='ltr'>amantissimis</span> <span class='ocrx_word' id='word_1_143' title='bbox 1250 910 1259 944; x_wconf 84' lang='lat'>;</span> <span class='ocrx_word' id='word_1_144' title='bbox 1291 897 1377 935; x_wconf 90' lang='lat' dir='ltr'>iam</span> <span class='ocrx_word' id='word_1_145' title='bbox 1393 896 1605 946; x_wconf 89' lang='lat' dir='ltr'>integrum</span> <span class='ocrx_word' id='word_1_146' title='bbox 1622 904 1709 931; x_wconf 90' lang='lat' dir='ltr'>non</span> <span class='ocrx_word' id='word_1_147' title='bbox 1731 900 1792 933; x_wconf 81' lang='lat'>¹50</span> 
     </span>
     <span class='ocr_line' id='line_1_15' title="bbox 107 945 1706 1008; baseline -0.008 -12"><span class='ocrx_word' id='word_1_148' title='bbox 107 970 196 996; x_wconf 88' lang='lat' dir='ltr'>esse</span> <span class='ocrx_word' id='word_1_149' title='bbox 224 957 394 1003; x_wconf 89' lang='lat' dir='ltr'>mutari,</span> <span class='ocrx_word' id='word_1_150' title='bbox 423 956 539 1008; x_wconf 89' lang='lat' dir='ltr'>quod</span> <span class='ocrx_word' id='word_1_151' title='bbox 566 957 677 995; x_wconf 88' lang='lat' dir='ltr'>inter</span> <span class='ocrx_word' id='word_1_152' title='bbox 704 956 867 994; x_wconf 80' lang='lat' dir='ltr'>Ducem</span> <span class='ocrx_word' id='word_1_153' title='bbox 895 959 939 994; x_wconf 91' lang='lat' dir='ltr'>et</span> <span class='ocrx_word' id='word_1_154' title='bbox 966 954 1169 994; x_wconf 85' lang='lat' dir='ltr'>Seuerum</span> <span class='ocrx_word' id='word_1_155' title='bbox 1190 951 1469 991; x_wconf 88' lang='lat' dir='ltr'>conuenisset.</span> <span class='ocrx_word' id='word_1_156' title='bbox 1529 948 1537 963; x_wconf 87' lang='lat'>‘</span> <span class='ocrx_word' id='word_1_157' title='bbox 1556 947 1679 986; x_wconf 92' lang='lat' dir='ltr'>Bona</span> <span class='ocrx_word' id='word_1_158' title='bbox 1698 945 1706 960; x_wconf 94' lang='lat'>’</span> 
     </span>
     <span class='ocr_line' id='line_1_16' title="bbox 108 1001 1709 1062; baseline -0.007 -12"><span class='ocrx_word' id='word_1_159' title='bbox 108 1011 297 1062; x_wconf 87' lang='lat' dir='ltr'>inquam,</span> <span class='ocrx_word' id='word_1_160' title='bbox 323 1011 331 1026; x_wconf 77' lang='lat'><strong><em>⁵</em></strong></span> <span class='ocrx_word' id='word_1_161' title='bbox 346 1011 500 1050; x_wconf 85' lang='lat' dir='ltr'>Verba!</span> <span class='ocrx_word' id='word_1_162' title='bbox 551 1011 641 1062; x_wconf 88' lang='lat' dir='ltr'>Ego</span> <span class='ocrx_word' id='word_1_163' title='bbox 661 1010 820 1049; x_wconf 89' lang='lat' dir='ltr'>scilicet</span> <span class='ocrx_word' id='word_1_164' title='bbox 841 1008 1002 1060; x_wconf 87' lang='lat' dir='ltr'>aliquid</span> <span class='ocrx_word' id='word_1_165' title='bbox 1023 1019 1268 1058; x_wconf 88' lang='lat' dir='ltr'>aspernarer</span> <span class='ocrx_word' id='word_1_166' title='bbox 1282 1004 1396 1056; x_wconf 90' lang='lat' dir='ltr'>quod</span> <span class='ocrx_word' id='word_1_167' title='bbox 1419 1003 1523 1042; x_wconf 90' lang='lat' dir='ltr'>mihi</span> <span class='ocrx_word' id='word_1_168' title='bbox 1544 1015 1570 1040; x_wconf 93' lang='lat' dir='ltr'>a</span> <span class='ocrx_word' id='word_1_169' title='bbox 1590 1001 1709 1040; x_wconf 89' lang='lat' dir='ltr'>Duce</span> 
     </span>
     <span class='ocr_line' id='line_1_17' title="bbox 109 1057 1709 1115; baseline -0.007 -11"><span class='ocrx_word' id='word_1_170' title='bbox 109 1065 330 1104; x_wconf 80' lang='lat' dir='ltr'>offerretur</span> <span class='ocrx_word' id='word_1_171' title='bbox 350 1069 365 1104; x_wconf 74' lang='lat'>⁶?</span> <span class='ocrx_word' id='word_1_172' title='bbox 404 1078 501 1104; x_wconf 91' lang='lat' dir='ltr'>cum</span> <span class='ocrx_word' id='word_1_173' title='bbox 521 1078 685 1115; x_wconf 89' lang='lat' dir='ltr'>semper</span> <span class='ocrx_word' id='word_1_174' title='bbox 705 1064 946 1102; x_wconf 84' lang='lat' dir='ltr'>auidissime</span> <span class='ocrx_word' id='word_1_175' title='bbox 967 1062 1217 1114; x_wconf 86' lang='lat' dir='ltr'>quaesierim</span> <span class='ocrx_word' id='word_1_176' title='bbox 1238 1059 1501 1099; x_wconf 86' lang='lat' dir='ltr'>occasionem</span> <span class='ocrx_word' id='word_1_177' title='bbox 1522 1057 1709 1107; x_wconf 87' lang='lat' dir='ltr'>aliquam</span> 
     </span>
     <span class='ocr_line' id='line_1_18' title="bbox 111 1107 1708 1170; baseline -0.008 -11"><span class='ocrx_word' id='word_1_178' title='bbox 111 1119 362 1159; x_wconf 85' lang='lat' dir='ltr'>ostendendi</span> <span class='ocrx_word' id='word_1_179' title='bbox 384 1132 514 1170; x_wconf 89' lang='lat' dir='ltr'>quam</span> <span class='ocrx_word' id='word_1_180' title='bbox 537 1132 670 1158; x_wconf 88' lang='lat' dir='ltr'>essem</span> <span class='ocrx_word' id='word_1_181' title='bbox 694 1119 835 1157; x_wconf 89' lang='lat' dir='ltr'>animo</span> <span class='ocrx_word' id='word_1_182' title='bbox 858 1118 902 1156; x_wconf 91' lang='lat' dir='ltr'>in</span> <span class='ocrx_word' id='word_1_183' title='bbox 926 1117 1056 1156; x_wconf 91' lang='lat' dir='ltr'>Ducis</span> <span class='ocrx_word' id='word_1_184' title='bbox 1079 1115 1329 1166; x_wconf 88' lang='lat' dir='ltr'>obsequium</span> <span class='ocrx_word' id='word_1_185' title='bbox 1352 1107 1708 1165; x_wconf 86' lang='lat' dir='ltr'>propensissimo.’</span> 
     </span>
     <span class='ocr_line' id='line_1_19' title="bbox 110 1164 1791 1225; baseline -0.007 -12"><span class='ocrx_word' id='word_1_186' title='bbox 110 1173 244 1225; x_wconf 89' lang='lat' dir='ltr'>Agere</span> <span class='ocrx_word' id='word_1_187' title='bbox 259 1187 327 1213; x_wconf 87' lang='lat' dir='ltr'>me</span> <span class='ocrx_word' id='word_1_188' title='bbox 340 1174 419 1212; x_wconf 91' lang='lat' dir='ltr'>illis</span> <span class='ocrx_word' id='word_1_189' title='bbox 435 1174 592 1225; x_wconf 85' lang='lat' dir='ltr'>gratias</span> <span class='ocrx_word' id='word_1_190' title='bbox 607 1173 659 1212; x_wconf 88' lang='lat' dir='ltr'>de</span> <span class='ocrx_word' id='word_1_191' title='bbox 674 1172 880 1212; x_wconf 87' lang='lat' dir='ltr'>eiusmodi</span> <span class='ocrx_word' id='word_1_192' title='bbox 893 1172 938 1210; x_wconf 89' lang='lat' dir='ltr'>in</span> <span class='ocrx_word' id='word_1_193' title='bbox 952 1184 1019 1210; x_wconf 91' lang='lat' dir='ltr'>me</span> <span class='ocrx_word' id='word_1_194' title='bbox 1035 1170 1199 1216; x_wconf 86' lang='lat' dir='ltr'>animis,</span> <span class='ocrx_word' id='word_1_195' title='bbox 1215 1173 1260 1208; x_wconf 89' lang='lat' dir='ltr'>et</span> <span class='ocrx_word' id='word_1_196' title='bbox 1273 1181 1360 1207; x_wconf 91' lang='lat' dir='ltr'>non</span> <span class='ocrx_word' id='word_1_197' title='bbox 1374 1172 1465 1206; x_wconf 82' lang='lat' dir='ltr'>tam</span> <span class='ocrx_word' id='word_1_198' title='bbox 1481 1164 1712 1216; x_wconf 82' lang='lat' dir='ltr'>aegreferre</span> <span class='ocrx_word' id='word_1_199' title='bbox 1733 1173 1791 1206; x_wconf 82' lang='lat'>155</span> 
     </span>
     <span class='ocr_line' id='line_1_20' title="bbox 110 1218 1708 1279; baseline -0.007 -12"><span class='ocrx_word' id='word_1_200' title='bbox 110 1228 391 1279; x_wconf 83' lang='lat' dir='ltr'>interceptam</span> <span class='ocrx_word' id='word_1_201' title='bbox 423 1241 517 1267; x_wconf 88' lang='lat' dir='ltr'>eam</span> <span class='ocrx_word' id='word_1_202' title='bbox 549 1227 835 1267; x_wconf 86' lang='lat' dir='ltr'>conditionem</span> <span class='ocrx_word' id='word_1_203' title='bbox 867 1239 997 1278; x_wconf 91' lang='lat' dir='ltr'>quam</span> <span class='ocrx_word' id='word_1_204' title='bbox 1029 1225 1219 1264; x_wconf 80' lang='lat' dir='ltr'>animum</span> <span class='ocrx_word' id='word_1_205' title='bbox 1251 1222 1502 1261; x_wconf 87' lang='lat' dir='ltr'>sceleratum</span> <span class='ocrx_word' id='word_1_206' title='bbox 1534 1218 1708 1258; x_wconf 85' lang='lat' dir='ltr'>Fratris.</span> 
     </span>
     <span class='ocr_line' id='line_1_21' title="bbox 112 1274 1712 1333; baseline -0.007 -12"><span class='ocrx_word' id='word_1_207' title='bbox 112 1282 171 1321; x_wconf 88' lang='lat' dir='ltr'>Et</span> <span class='ocrx_word' id='word_1_208' title='bbox 197 1282 301 1321; x_wconf 92' lang='lat' dir='ltr'>haec</span> <span class='ocrx_word' id='word_1_209' title='bbox 329 1283 517 1333; x_wconf 88' lang='lat' dir='ltr'>patimur</span> <span class='ocrx_word' id='word_1_210' title='bbox 544 1294 570 1320; x_wconf 89' lang='lat' dir='ltr'>a</span> <span class='ocrx_word' id='word_1_211' title='bbox 597 1281 846 1327; x_wconf 89' lang='lat' dir='ltr'>Fratribus;</span> <span class='ocrx_word' id='word_1_212' title='bbox 890 1279 994 1331; x_wconf 91' lang='lat' dir='ltr'>quid</span> <span class='ocrx_word' id='word_1_213' title='bbox 1021 1279 1177 1318; x_wconf 79' lang='lat' dir='ltr'>facturi</span> <span class='ocrx_word' id='word_1_214' title='bbox 1206 1278 1260 1316; x_wconf 91' lang='lat' dir='ltr'>ab</span> <span class='ocrx_word' id='word_1_215' title='bbox 1289 1276 1470 1315; x_wconf 79' lang='lat' dir='ltr'>alienis?</span> <span class='ocrx_word' id='word_1_216' title='bbox 1510 1274 1596 1312; x_wconf 90' lang='lat' dir='ltr'>iam</span> <span class='ocrx_word' id='word_1_217' title='bbox 1625 1285 1712 1311; x_wconf 92' lang='lat' dir='ltr'>non</span> 
     </span>
     <span class='ocr_line' id='line_1_22' title="bbox 112 1327 1711 1386; baseline -0.006 -11"><span class='ocrx_word' id='word_1_218' title='bbox 112 1337 303 1375; x_wconf 90' lang='lat' dir='ltr'>contenti</span> <span class='ocrx_word' id='word_1_219' title='bbox 324 1336 603 1375; x_wconf 88' lang='lat' dir='ltr'>eruditionem</span> <span class='ocrx_word' id='word_1_220' title='bbox 625 1336 841 1386; x_wconf 88' lang='lat' dir='ltr'>impetere,</span> <span class='ocrx_word' id='word_1_221' title='bbox 864 1335 995 1374; x_wconf 87' lang='lat' dir='ltr'>etiam</span> <span class='ocrx_word' id='word_1_222' title='bbox 1015 1334 1060 1372; x_wconf 83' lang='lat' dir='ltr'>in</span> <span class='ocrx_word' id='word_1_223' title='bbox 1080 1332 1275 1372; x_wconf 83' lang='lat' dir='ltr'>fortunas</span> <span class='ocrx_word' id='word_1_224' title='bbox 1296 1334 1463 1369; x_wconf 84' lang='lat' dir='ltr'>nostras</span> <span class='ocrx_word' id='word_1_225' title='bbox 1484 1327 1711 1367; x_wconf 86' lang='lat' dir='ltr'>inuadunt.</span> 
     </span>
     <span class='ocr_line' id='line_1_23' title="bbox 113 1385 1621 1441; baseline -0.006 -12"><span class='ocrx_word' id='word_1_226' title='bbox 113 1390 229 1429; x_wconf 89' lang='lat' dir='ltr'>Deus</span> <span class='ocrx_word' id='word_1_227' title='bbox 247 1391 338 1441; x_wconf 88' lang='lat' dir='ltr'>ipse</span> <span class='ocrx_word' id='word_1_228' title='bbox 357 1390 515 1429; x_wconf 83' lang='lat' dir='ltr'>vindex</span> <span class='ocrx_word' id='word_1_229' title='bbox 535 1391 627 1429; x_wconf 89' lang='lat' dir='ltr'>erit.</span> <span class='ocrx_word' id='word_1_230' title='bbox 689 1389 793 1429; x_wconf 87' lang='lat' dir='ltr'>Vale</span> <span class='ocrx_word' id='word_1_231' title='bbox 812 1389 943 1429; x_wconf 89' lang='lat' dir='ltr'>etiam</span> <span class='ocrx_word' id='word_1_232' title='bbox 963 1392 1094 1439; x_wconf 86' lang='lat' dir='ltr'>atque</span> <span class='ocrx_word' id='word_1_233' title='bbox 1114 1387 1259 1433; x_wconf 83' lang='lat' dir='ltr'>etiam,</span> <span class='ocrx_word' id='word_1_234' title='bbox 1281 1385 1340 1424; x_wconf 91' lang='lat' dir='ltr'>mi</span> <span class='ocrx_word' id='word_1_235' title='bbox 1360 1386 1621 1436; x_wconf 88' lang='lat' dir='ltr'>praeceptor.</span> 
     </span>
     <span class='ocr_line' id='line_1_24' title="bbox 167 1438 1799 1496; baseline -0.004 -13"><span class='ocrx_word' id='word_1_236' title='bbox 167 1444 332 1496; x_wconf 88' lang='lat' dir='ltr'>Brugis‚</span> <span class='ocrx_word' id='word_1_237' title='bbox 352 1444 438 1484; x_wconf 85' lang='lat' dir='ltr'>Cal.</span> <span class='ocrx_word' id='word_1_238' title='bbox 458 1444 613 1496; x_wconf 87' lang='lat' dir='ltr'>Aprilis</span> <span class='ocrx_word' id='word_1_239' title='bbox 633 1453 751 1494; x_wconf 84' lang='lat'>1522.</span> <span class='ocrx_word' id='word_1_240' title='bbox 1737 1438 1799 1469; x_wconf 83' lang='lat'>160</span> 
     </span>
    </p>
   </div>
   <div class='ocr_carea' id='block_1_3' title="bbox 420 1564 1407 1613">
    <p class='ocr_par' dir='ltr' id='par_1_3' title="bbox 420 1564 1407 1613">
     <span class='ocr_line' id='line_1_25' title="bbox 420 1564 1407 1613; baseline 0.003 -3"><span class='ocrx_word' id='word_1_241' title='bbox 420 1564 613 1612; x_wconf 74' lang='grc'>1242&gt;3127</span> <span class='ocrx_word' id='word_1_242' title='bbox 619 1574 658 1613; x_wconf 88' lang='grc'>2.</span> <span class='ocrx_word' id='word_1_243' title='bbox 723 1570 864 1612; x_wconf 79' lang='lat' dir='ltr'>FRoM</span> <span class='ocrx_word' id='word_1_244' title='bbox 897 1568 1196 1612; x_wconf 81' lang='lat' dir='ltr'>STANISLAUS</span> <span class='ocrx_word' id='word_1_245' title='bbox 1229 1566 1301 1608; x_wconf 88' lang='lat' dir='ltr'>TU</span> <span class='ocrx_word' id='word_1_246' title='bbox 1306 1577 1407 1608; x_wconf 85' lang='lat' dir='ltr'>RZO-</span> 
     </span>
    </p>
   </div>
   <div class='ocr_carea' id='block_1_4' title="bbox 165 1650 1668 1763">
    <p class='ocr_par' dir='ltr' id='par_1_4' title="bbox 165 1650 1668 1763">
     <span class='ocr_line' id='line_1_26' title="bbox 165 1650 1654 1706; baseline -0.007 -11"><span class='ocrx_word' id='word_1_247' title='bbox 165 1661 220 1695; x_wconf 89' lang='lat' dir='ltr'>De</span> <span class='ocrx_word' id='word_1_248' title='bbox 238 1662 402 1706; x_wconf 87' lang='lat' dir='ltr'>puritate</span> <span class='ocrx_word' id='word_1_249' title='bbox 421 1673 455 1706; x_wconf 89' lang='lat' dir='ltr'>p.</span> <span class='ocrx_word' id='word_1_250' title='bbox 474 1671 532 1705; x_wconf 79' lang='lat'>97.</span> <span class='ocrx_word' id='word_1_251' title='bbox 1387 1653 1599 1701; x_wconf 85' lang='lat' dir='ltr'>&lt;Kremsier</span> <span class='ocrx_word' id='word_1_252' title='bbox 1617 1650 1654 1698; x_wconf 66' lang='grc' dir='ltr'>ἲ)</span> 
     </span>
     <span class='ocr_line' id='line_1_27' title="bbox 166 1711 1668 1763; baseline -0.007 -9"><span class='ocrx_word' id='word_1_253' title='bbox 166 1719 211 1754; x_wconf 90' lang='grc' dir='ltr'>Ν.</span> <span class='ocrx_word' id='word_1_254' title='bbox 231 1731 266 1763; x_wconf 88' lang='lat' dir='ltr'>p.</span> <span class='ocrx_word' id='word_1_255' title='bbox 290 1729 376 1763; x_wconf 84' lang='lat'>1103</span> <span class='ocrx_word' id='word_1_256' title='bbox 395 1733 403 1754; x_wconf 89' lang='lat'>:</span> <span class='ocrx_word' id='word_1_257' title='bbox 436 1719 552 1754; x_wconf 91' lang='lat' dir='ltr'>Lond.</span> <span class='ocrx_word' id='word_1_258' title='bbox 573 1719 686 1753; x_wconf 76' lang='lat' dir='ltr'>xxvii.</span> <span class='ocrx_word' id='word_1_259' title='bbox 707 1729 749 1762; x_wconf 79' lang='lat'>32</span> <span class='ocrx_word' id='word_1_260' title='bbox 769 1732 776 1753; x_wconf 75' lang='grc' dir='ltr'><strong><em>ε</em></strong></span> <span class='ocrx_word' id='word_1_261' title='bbox 810 1718 884 1753; x_wconf 87' lang='lat' dir='ltr'>LB.</span> <span class='ocrx_word' id='word_1_262' title='bbox 902 1719 983 1752; x_wconf 84' lang='lat'>620.</span> <span class='ocrx_word' id='word_1_263' title='bbox 1369 1723 1411 1747; x_wconf 89' lang='lat'>10</span> <span class='ocrx_word' id='word_1_264' title='bbox 1437 1711 1541 1756; x_wconf 85' lang='lat' dir='ltr'>April</span> <span class='ocrx_word' id='word_1_265' title='bbox 1567 1719 1668 1754; x_wconf 83' lang='lat'>1522.</span> 
     </span>
    </p>
   </div>
   <div class='ocr_carea' id='block_1_5' title="bbox 118 1786 1718 1880">
    <p class='ocr_par' dir='ltr' id='par_1_5' title="bbox 118 1786 1718 1880">
     <span class='ocr_line' id='line_1_28' title="bbox 162 1786 1718 1836; baseline -0.007 -9"><span class='ocrx_word' id='word_1_266' title='bbox 162 1794 249 1835; x_wconf 87' lang='lat' dir='ltr'>[The</span> <span class='ocrx_word' id='word_1_267' title='bbox 265 1794 461 1836; x_wconf 85' lang='lat' dir='ltr'>place-date</span> <span class='ocrx_word' id='word_1_268' title='bbox 476 1805 541 1827; x_wconf 87' lang='lat' dir='ltr'>can</span> <span class='ocrx_word' id='word_1_269' title='bbox 558 1795 600 1827; x_wconf 91' lang='lat' dir='ltr'>be</span> <span class='ocrx_word' id='word_1_270' title='bbox 615 1794 774 1836; x_wconf 85' lang='lat' dir='ltr'>assigned</span> <span class='ocrx_word' id='word_1_271' title='bbox 790 1794 874 1826; x_wconf 84' lang='lat' dir='ltr'>with</span> <span class='ocrx_word' id='word_1_272' title='bbox 891 1792 1105 1835; x_wconf 83' lang='lat' dir='ltr'>probability</span> <span class='ocrx_word' id='word_1_273' title='bbox 1119 1792 1209 1823; x_wconf 82' lang='lat' dir='ltr'>from</span> <span class='ocrx_word' id='word_1_274' title='bbox 1226 1790 1332 1823; x_wconf 85' lang='lat' dir='ltr'>BRE.</span> <span class='ocrx_word' id='word_1_275' title='bbox 1350 1798 1424 1829; x_wconf 84' lang='lat'>223.</span> <span class='ocrx_word' id='word_1_276' title='bbox 1466 1788 1514 1819; x_wconf 84' lang='lat' dir='ltr'>At</span> <span class='ocrx_word' id='word_1_277' title='bbox 1529 1786 1718 1822; x_wconf 82' lang='lat' dir='ltr'>Kremsier,</span> 
     </span>
     <span class='ocr_line' id='line_1_29' title="bbox 118 1831 1718 1880; baseline -0.006 -9"><span class='ocrx_word' id='word_1_278' title='bbox 118 1848 161 1871; x_wconf 86' lang='lat'>22</span> <span class='ocrx_word' id='word_1_279' title='bbox 183 1848 247 1870; x_wconf 76' lang='lat' dir='ltr'>mS.</span> <span class='ocrx_word' id='word_1_280' title='bbox 269 1847 297 1870; x_wconf 88' lang='lat' dir='ltr'>s.</span> <span class='ocrx_word' id='word_1_281' title='bbox 321 1839 356 1870; x_wconf 85' lang='lat' dir='ltr'>of</span> <span class='ocrx_word' id='word_1_282' title='bbox 378 1839 531 1878; x_wconf 87' lang='lat' dir='ltr'>Olmutz,</span> <span class='ocrx_word' id='word_1_283' title='bbox 551 1839 612 1870; x_wconf 89' lang='lat' dir='ltr'>the</span> <span class='ocrx_word' id='word_1_284' title='bbox 634 1838 775 1880; x_wconf 83' lang='lat' dir='ltr'>bishops</span> <span class='ocrx_word' id='word_1_285' title='bbox 795 1838 866 1869; x_wconf 91' lang='lat' dir='ltr'>had</span> <span class='ocrx_word' id='word_1_286' title='bbox 887 1848 908 1869; x_wconf 90' lang='lat' dir='ltr'>a</span> <span class='ocrx_word' id='word_1_287' title='bbox 928 1846 1081 1869; x_wconf 86' lang='lat' dir='ltr'>summer</span> <span class='ocrx_word' id='word_1_288' title='bbox 1101 1834 1299 1871; x_wconf 81' lang='lat' dir='ltr'>residence3</span> <span class='ocrx_word' id='word_1_289' title='bbox 1333 1833 1376 1865; x_wconf 88' lang='lat' dir='ltr'>cf.</span> <span class='ocrx_word' id='word_1_290' title='bbox 1400 1831 1509 1864; x_wconf 89' lang='lat' dir='ltr'>Lond.</span> <span class='ocrx_word' id='word_1_291' title='bbox 1533 1831 1640 1862; x_wconf 81' lang='lat' dir='ltr'>xxvii.</span> <span class='ocrx_word' id='word_1_292' title='bbox 1664 1838 1718 1869; x_wconf 83' lang='lat'>37,</span> 
     </span>
    </p>
   </div>
   <div class='ocr_carea' id='block_1_6' title="bbox 120 1873 1719 1966">
    <p class='ocr_par' dir='ltr' id='par_1_6' title="bbox 120 1873 1719 1966">
     <span class='ocr_line' id='line_1_30' title="bbox 120 1873 1719 1966; baseline -0.008 -51"><span class='ocrx_word' id='word_1_293' title='bbox 120 1882 190 1957; x_wconf 62' lang='lat' dir='ltr'>LI{i</span> <span class='ocrx_word' id='word_1_294' title='bbox 215 1882 365 1957; x_wconf 46' lang='lat' dir='ltr'>1259,tof</span> <span class='ocrx_word' id='word_1_295' title='bbox 384 1884 403 1914; x_wconf 90' lang='grc'>8</span> <span class='ocrx_word' id='word_1_296' title='bbox 421 1883 510 1966; x_wconf 47' lang='grc' dir='ltr'>ἷὶυὲ.</span> <span class='ocrx_word' id='word_1_297' title='bbox 536 1892 570 1924; x_wconf 84' lang='grc'>15</span> <span class='ocrx_word' id='word_1_298' title='bbox 578 1891 628 1923; x_wconf 83' lang='grc'>32.</span> <span class='ocrx_word' id='word_1_299' title='bbox 672 1882 745 1914; x_wconf 90' lang='lat' dir='ltr'>The</span> <span class='ocrx_word' id='word_1_300' title='bbox 765 1883 904 1923; x_wconf 82' lang='lat' dir='ltr'>present</span> <span class='ocrx_word' id='word_1_301' title='bbox 923 1879 1098 1922; x_wconf 83' lang='lat' dir='ltr'>episcopal</span> <span class='ocrx_word' id='word_1_302' title='bbox 1116 1879 1236 1920; x_wconf 84' lang='lat' dir='ltr'>palace</span> <span class='ocrx_word' id='word_1_303' title='bbox 1254 1877 1352 1909; x_wconf 85' lang='lat' dir='ltr'>there</span> <span class='ocrx_word' id='word_1_304' title='bbox 1371 1875 1530 1907; x_wconf 84' lang='lat' dir='ltr'>contains</span> <span class='ocrx_word' id='word_1_305' title='bbox 1549 1884 1570 1905; x_wconf 92' lang='lat' dir='ltr'>a</span> <span class='ocrx_word' id='word_1_306' title='bbox 1588 1873 1719 1913; x_wconf 88' lang='lat' dir='ltr'>library</span> 
     </span>
     <span class='ocr_line' id='line_1_31' title="bbox 121 1935 415 1958; baseline 0.003 -1"><span class='ocrx_word' id='word_1_307' title='bbox 121 1935 166 1957; x_wconf 90' lang='lat' dir='ltr'>an</span> <span class='ocrx_word' id='word_1_308' title='bbox 205 1935 244 1957; x_wconf 87' lang='lat' dir='ltr'>co</span> <span class='ocrx_word' id='word_1_309' title='bbox 272 1936 309 1957; x_wconf 89' lang='lat' dir='ltr'>ec</span> <span class='ocrx_word' id='word_1_310' title='bbox 329 1935 415 1958; x_wconf 74' lang='lat' dir='ltr'>lons.</span> 
     </span>
    </p>
   </div>
   <div class='ocr_carea' id='block_1_7' title="bbox 171 2001 1662 2096">
    <p class='ocr_par' dir='ltr' id='par_1_7' title="bbox 171 2001 1662 2096">
     <span class='ocr_line' id='line_1_32' title="bbox 171 2001 1662 2048; baseline -0.005 -10"><span class='ocrx_word' id='word_1_311' title='bbox 171 2008 458 2040; x_wconf 86' lang='lat' dir='ltr'>STANISLAVS</span> <span class='ocrx_word' id='word_1_312' title='bbox 491 2009 656 2048; x_wconf 82' lang='lat' dir='ltr'><strong>TVRZO,</strong></span> <span class='ocrx_word' id='word_1_313' title='bbox 691 2008 945 2039; x_wconf 88' lang='lat' dir='ltr'>EPISCOPVS</span> <span class='ocrx_word' id='word_1_314' title='bbox 978 2006 1297 2043; x_wconf 82' lang='lat' dir='ltr'>OLMVOENSIS,</span> <span class='ocrx_word' id='word_1_315' title='bbox 1332 2004 1436 2034; x_wconf 88' lang='lat' dir='ltr'>DES.</span> <span class='ocrx_word' id='word_1_316' title='bbox 1470 2001 1662 2031; x_wconf 80' lang='lat' dir='ltr'><strong>ERASMO</strong></span> 
     </span>
     <span class='ocr_line' id='line_1_33' title="bbox 794 2065 1044 2096; baseline -0.004 0"><span class='ocrx_word' id='word_1_317' title='bbox 794 2066 902 2096; x_wconf 81' lang='lat' dir='ltr'>ROT.</span> <span class='ocrx_word' id='word_1_318' title='bbox 936 2066 973 2096; x_wconf 90' lang='lat' dir='ltr'>S.</span> <span class='ocrx_word' id='word_1_319' title='bbox 998 2065 1044 2095; x_wconf 94' lang='lat' dir='ltr'>D.</span> 
     </span>
    </p>
   </div>
   <div class='ocr_carea' id='block_1_8' title="bbox 122 2130 1788 2733">
    <p class='ocr_par' dir='ltr' id='par_1_8' title="bbox 122 2130 1788 2733">
     <span class='ocr_line' id='line_1_34' title="bbox 177 2130 1719 2191; baseline -0.008 -12"><span class='ocrx_word' id='word_1_320' title='bbox 177 2138 279 2178; x_wconf 82' lang='lat' dir='ltr'>NON</span> <span class='ocrx_word' id='word_1_321' title='bbox 313 2152 485 2191; x_wconf 87' lang='lat' dir='ltr'>possum</span> <span class='ocrx_word' id='word_1_322' title='bbox 514 2152 599 2178; x_wconf 90' lang='lat' dir='ltr'>non</span> <span class='ocrx_word' id='word_1_323' title='bbox 637 2139 839 2185; x_wconf 87' lang='lat' dir='ltr'>confiteri,</span> <span class='ocrx_word' id='word_1_324' title='bbox 870 2138 929 2177; x_wconf 90' lang='lat' dir='ltr'>mi</span> <span class='ocrx_word' id='word_1_325' title='bbox 962 2137 1132 2177; x_wconf 88' lang='lat' dir='ltr'>doctiss.</span> <span class='ocrx_word' id='word_1_326' title='bbox 1164 2135 1352 2180; x_wconf 87' lang='lat' dir='ltr'>Erasme,</span> <span class='ocrx_word' id='word_1_327' title='bbox 1382 2130 1616 2172; x_wconf 91' lang='lat' dir='ltr'>incredibili</span> <span class='ocrx_word' id='word_1_328' title='bbox 1652 2143 1719 2169; x_wconf 85' lang='lat' dir='ltr'>mc</span> 
     </span>
     <span class='ocr_line' id='line_1_35' title="bbox 123 2185 1722 2245; baseline -0.006 -14"><span class='ocrx_word' id='word_1_329' title='bbox 123 2193 328 2232; x_wconf 89' lang='lat' dir='ltr'>cumulari</span> <span class='ocrx_word' id='word_1_330' title='bbox 358 2198 451 2233; x_wconf 87' lang='lat' dir='ltr'>tum</span> <span class='ocrx_word' id='word_1_331' title='bbox 482 2194 705 2245; x_wconf 81' lang='lat' dir='ltr'>voluptate</span> <span class='ocrx_word' id='word_1_332' title='bbox 735 2198 829 2232; x_wconf 90' lang='lat' dir='ltr'>tum</span> <span class='ocrx_word' id='word_1_333' title='bbox 861 2192 1028 2244; x_wconf 80' lang='lat' dir='ltr'>gaudio,</span> <span class='ocrx_word' id='word_1_334' title='bbox 1060 2191 1226 2242; x_wconf 85' lang='lat' dir='ltr'>quoties</span> <span class='ocrx_word' id='word_1_335' title='bbox 1256 2189 1300 2228; x_wconf 91' lang='lat' dir='ltr'>in</span> <span class='ocrx_word' id='word_1_336' title='bbox 1331 2191 1518 2227; x_wconf 90' lang='lat' dir='ltr'>mentem</span> <span class='ocrx_word' id='word_1_337' title='bbox 1548 2185 1722 2224; x_wconf 68' lang='lat' dir='ltr'>venit—</span> 
     </span>
     <span class='ocr_line' id='line_1_36' title="bbox 124 2240 1720 2299; baseline -0.005 -14"><span class='ocrx_word' id='word_1_338' title='bbox 124 2248 242 2286; x_wconf 88' lang='lat' dir='ltr'>venit</span> <span class='ocrx_word' id='word_1_339' title='bbox 259 2252 403 2287; x_wconf 91' lang='lat' dir='ltr'>autem</span> <span class='ocrx_word' id='word_1_340' title='bbox 421 2249 818 2299; x_wconf 73' lang='lat' dir='ltr'>saepissime—tuae</span> <span class='ocrx_word' id='word_1_341' title='bbox 836 2260 935 2298; x_wconf 82' lang='lat' dir='ltr'>erga</span> <span class='ocrx_word' id='word_1_342' title='bbox 952 2260 1019 2285; x_wconf 89' lang='lat' dir='ltr'>me</span> <span class='ocrx_word' id='word_1_343' title='bbox 1036 2245 1215 2285; x_wconf 80' lang='lat' dir='ltr'>eximiae</span> <span class='ocrx_word' id='word_1_344' title='bbox 1233 2243 1424 2283; x_wconf 83' lang='lat' dir='ltr'>caritatis</span> <span class='ocrx_word' id='word_1_345' title='bbox 1441 2240 1691 2280; x_wconf 85' lang='lat' dir='ltr'>beneficium</span> <span class='ocrx_word' id='word_1_346' title='bbox 1712 2252 1720 2285; x_wconf 82' lang='lat'>3</span> 
     </span>
     <span class='ocr_line' id='line_1_37' title="bbox 122 2293 1720 2354; baseline -0.006 -14"><span class='ocrx_word' id='word_1_347' title='bbox 122 2301 167 2340; x_wconf 92' lang='lat' dir='ltr'>in</span> <span class='ocrx_word' id='word_1_348' title='bbox 185 2315 270 2352; x_wconf 89' lang='lat' dir='ltr'>quo</span> <span class='ocrx_word' id='word_1_349' title='bbox 289 2307 380 2341; x_wconf 91' lang='lat' dir='ltr'>tam</span> <span class='ocrx_word' id='word_1_350' title='bbox 401 2303 578 2354; x_wconf 85' lang='lat' dir='ltr'>benigne</span> <span class='ocrx_word' id='word_1_351' title='bbox 597 2307 640 2342; x_wconf 90' lang='lat' dir='ltr'>te</span> <span class='ocrx_word' id='word_1_352' title='bbox 660 2302 832 2341; x_wconf 82' lang='lat' dir='ltr'>exhibes</span> <span class='ocrx_word' id='word_1_353' title='bbox 852 2306 901 2340; x_wconf 84' lang='lat' dir='ltr'>Vt</span> <span class='ocrx_word' id='word_1_354' title='bbox 920 2315 986 2340; x_wconf 89' lang='lat' dir='ltr'>me</span> <span class='ocrx_word' id='word_1_355' title='bbox 1005 2300 1186 2339; x_wconf 88' lang='lat' dir='ltr'>eundem</span> <span class='ocrx_word' id='word_1_356' title='bbox 1205 2299 1249 2337; x_wconf 90' lang='lat' dir='ltr'>in</span> <span class='ocrx_word' id='word_1_357' title='bbox 1268 2299 1407 2336; x_wconf 90' lang='lat' dir='ltr'>sinum</span> <span class='ocrx_word' id='word_1_358' title='bbox 1426 2300 1550 2334; x_wconf 89' lang='lat' dir='ltr'>tuum</span> <span class='ocrx_word' id='word_1_359' title='bbox 1570 2293 1720 2332; x_wconf 90' lang='lat' dir='ltr'>dulcis-</span> 
     </span>
     <span class='ocr_line' id='line_1_38' title="bbox 124 2348 1756 2408; baseline -0.006 -14"><span class='ocrx_word' id='word_1_360' title='bbox 124 2356 278 2395; x_wconf 91' lang='lat' dir='ltr'>simum</span> <span class='ocrx_word' id='word_1_361' title='bbox 307 2357 496 2408; x_wconf 73' lang='lat' dir='ltr'>recipias,</span> <span class='ocrx_word' id='word_1_362' title='bbox 526 2370 611 2408; x_wconf 90' lang='lat' dir='ltr'>quo</span> <span class='ocrx_word' id='word_1_363' title='bbox 640 2369 887 2408; x_wconf 85' lang='lat' dir='ltr'>germanum</span> <span class='ocrx_word' id='word_1_364' title='bbox 918 2368 1059 2394; x_wconf 85' lang='lat' dir='ltr'>meum</span> <span class='ocrx_word' id='word_1_365' title='bbox 1089 2355 1347 2405; x_wconf 85' lang='lat' dir='ltr'>Episcopum</span> <span class='ocrx_word' id='word_1_366' title='bbox 1377 2348 1719 2394; x_wconf 88' lang='lat' dir='ltr'>Vuratislauien.,</span> <span class='ocrx_word' id='word_1_367' title='bbox 1741 2359 1756 2392; x_wconf 86' lang='lat'><em>5</em></span> 
     </span>
     <span class='ocr_line' id='line_1_39' title="bbox 126 2402 1723 2461; baseline -0.006 -13"><span class='ocrx_word' id='word_1_368' title='bbox 126 2415 260 2449; x_wconf 87' lang='lat' dir='ltr'>morte</span> <span class='ocrx_word' id='word_1_369' title='bbox 290 2412 393 2449; x_wconf 91' lang='lat' dir='ltr'>mihi</span> <span class='ocrx_word' id='word_1_370' title='bbox 421 2412 546 2450; x_wconf 86' lang='lat' dir='ltr'>nimis</span> <span class='ocrx_word' id='word_1_371' title='bbox 576 2416 744 2450; x_wconf 81' lang='lat' dir='ltr'>matura</span> <span class='ocrx_word' id='word_1_372' title='bbox 773 2415 978 2461; x_wconf 85' lang='lat' dir='ltr'>creptum,</span> <span class='ocrx_word' id='word_1_373' title='bbox 1008 2413 1154 2448; x_wconf 87' lang='lat' dir='ltr'>sancte</span> <span class='ocrx_word' id='word_1_374' title='bbox 1184 2412 1228 2447; x_wconf 85' lang='lat' dir='ltr'>et</span> <span class='ocrx_word' id='word_1_375' title='bbox 1257 2410 1450 2445; x_wconf 78' lang='lat' dir='ltr'>amanter</span> <span class='ocrx_word' id='word_1_376' title='bbox 1479 2402 1723 2454; x_wconf 77' lang='lat' dir='ltr'>comple-xus</span> 
     </span>
     <span class='ocr_line' id='line_1_40' title="bbox 125 2459 1723 2516; baseline -0.006 -14"><span class='ocrx_word' id='word_1_377' title='bbox 125 2464 293 2512; x_wconf 83' lang='lat' dir='ltr'>fueras;</span> <span class='ocrx_word' id='word_1_378' title='bbox 345 2466 705 2516; x_wconf 86' lang='lat' dir='ltr'>quemadmodum</span> <span class='ocrx_word' id='word_1_379' title='bbox 741 2465 887 2504; x_wconf 90' lang='lat' dir='ltr'>literae</span> <span class='ocrx_word' id='word_1_380' title='bbox 922 2469 1022 2503; x_wconf 89' lang='lat' dir='ltr'>tuae</span> <span class='ocrx_word' id='word_1_381' title='bbox 1058 2462 1353 2502; x_wconf 82' lang='lat' dir='ltr'>candidissime</span> <span class='ocrx_word' id='word_1_382' title='bbox 1389 2459 1444 2498; x_wconf 89' lang='lat' dir='ltr'>ad</span> <span class='ocrx_word' id='word_1_383' title='bbox 1479 2471 1545 2497; x_wconf 91' lang='lat' dir='ltr'>me</span> <span class='ocrx_word' id='word_1_384' title='bbox 1580 2468 1723 2495; x_wconf 81' lang='lat' dir='ltr'>recens</span> 
     </span>
     <span class='ocr_line' id='line_1_41' title="bbox 125 2510 1723 2570; baseline -0.006 -13"><span class='ocrx_word' id='word_1_385' title='bbox 125 2519 307 2570; x_wconf 88' lang='lat' dir='ltr'>scriptae</span> <span class='ocrx_word' id='word_1_386' title='bbox 339 2520 507 2559; x_wconf 90' lang='lat' dir='ltr'>abunde</span> <span class='ocrx_word' id='word_1_387' title='bbox 539 2520 836 2559; x_wconf 77' lang='lat' dir='ltr'>testificantur.</span> <span class='ocrx_word' id='word_1_388' title='bbox 898 2518 1012 2566; x_wconf 83' lang='lat' dir='ltr'>Quas</span> <span class='ocrx_word' id='word_1_389' title='bbox 1044 2531 1119 2569; x_wconf 84' lang='lat' dir='ltr'>ego</span> <span class='ocrx_word' id='word_1_390' title='bbox 1152 2517 1265 2555; x_wconf 87' lang='lat' dir='ltr'>tanti</span> <span class='ocrx_word' id='word_1_391' title='bbox 1296 2515 1446 2554; x_wconf 82' lang='lat' dir='ltr'>estimo</span> <span class='ocrx_word' id='word_1_392' title='bbox 1479 2517 1529 2551; x_wconf 85' lang='lat' dir='ltr'>vt</span> <span class='ocrx_word' id='word_1_393' title='bbox 1560 2510 1723 2549; x_wconf 90' lang='lat' dir='ltr'>nullum</span> 
     </span>
     <span class='ocr_line' id='line_1_42' title="bbox 128 2565 1724 2626; baseline -0.006 -15"><span class='ocrx_word' id='word_1_394' title='bbox 128 2586 293 2621; x_wconf 90' lang='lat' dir='ltr'>munus,</span> <span class='ocrx_word' id='word_1_395' title='bbox 334 2575 612 2625; x_wconf 83' lang='lat' dir='ltr'>quantumuis</span> <span class='ocrx_word' id='word_1_396' title='bbox 651 2575 896 2626; x_wconf 84' lang='lat' dir='ltr'>pretiosum,</span> <span class='ocrx_word' id='word_1_397' title='bbox 938 2573 1083 2624; x_wconf 81' lang='lat' dir='ltr'>magis.</span> <span class='ocrx_word' id='word_1_398' title='bbox 1151 2572 1263 2610; x_wconf 83' lang='lat' dir='ltr'>Nam</span> <span class='ocrx_word' id='word_1_399' title='bbox 1303 2568 1405 2620; x_wconf 91' lang='lat' dir='ltr'>quid</span> <span class='ocrx_word' id='word_1_400' title='bbox 1446 2566 1547 2605; x_wconf 88' lang='lat' dir='ltr'>mihi</span> <span class='ocrx_word' id='word_1_401' title='bbox 1588 2565 1724 2603; x_wconf 82' lang='lat' dir='ltr'>carius</span> 
     </span>
     <span class='ocr_line' id='line_1_43' title="bbox 126 2618 1788 2680; baseline -0.007 -14"><span class='ocrx_word' id='word_1_402' title='bbox 126 2627 325 2667; x_wconf 86' lang='lat' dir='ltr'>obuenire</span> <span class='ocrx_word' id='word_1_403' title='bbox 345 2630 488 2679; x_wconf 88' lang='lat' dir='ltr'>potuit</span> <span class='ocrx_word' id='word_1_404' title='bbox 507 2642 636 2680; x_wconf 89' lang='lat' dir='ltr'>quam</span> <span class='ocrx_word' id='word_1_405' title='bbox 657 2633 706 2667; x_wconf 86' lang='lat' dir='ltr'>vt</span> <span class='ocrx_word' id='word_1_406' title='bbox 726 2641 793 2668; x_wconf 89' lang='lat' dir='ltr'>me</span> <span class='ocrx_word' id='word_1_407' title='bbox 811 2628 879 2666; x_wconf 90' lang='lat' dir='ltr'>ille</span> <span class='ocrx_word' id='word_1_408' title='bbox 899 2640 1076 2678; x_wconf 87' lang='lat' dir='ltr'>magnus</span> <span class='ocrx_word' id='word_1_409' title='bbox 1097 2625 1235 2665; x_wconf 86' lang='lat' dir='ltr'>seculo</span> <span class='ocrx_word' id='word_1_410' title='bbox 1255 2628 1400 2663; x_wconf 84' lang='lat' dir='ltr'>nostro</span> <span class='ocrx_word' id='word_1_411' title='bbox 1422 2622 1636 2665; x_wconf 84' lang='lat' dir='ltr'>Erasmus,</span> <span class='ocrx_word' id='word_1_412' title='bbox 1657 2618 1725 2657; x_wconf 89' lang='lat' dir='ltr'>ille</span> <span class='ocrx_word' id='word_1_413' title='bbox 1748 2633 1788 2655; x_wconf 85' lang='lat'>10</span> 
     </span>
     <span class='ocr_line' id='line_1_44' title="bbox 127 2672 1725 2733; baseline -0.006 -13"><span class='ocrx_word' id='word_1_414' title='bbox 127 2681 233 2721; x_wconf 86' lang='lat' dir='ltr'>adeo</span> <span class='ocrx_word' id='word_1_415' title='bbox 266 2682 467 2721; x_wconf 87' lang='lat' dir='ltr'>Erasmus</span> <span class='ocrx_word' id='word_1_416' title='bbox 499 2684 688 2722; x_wconf 87' lang='lat' dir='ltr'>omnium</span> <span class='ocrx_word' id='word_1_417' title='bbox 720 2682 1036 2733; x_wconf 88' lang='lat' dir='ltr'>disciplinarum</span> <span class='ocrx_word' id='word_1_418' title='bbox 1068 2681 1235 2731; x_wconf 87' lang='lat' dir='ltr'>linguae</span> <span class='ocrx_word' id='word_1_419' title='bbox 1268 2678 1487 2727; x_wconf 86' lang='lat' dir='ltr'>vtriusque</span> <span class='ocrx_word' id='word_1_420' title='bbox 1518 2675 1607 2713; x_wconf 83' lang='lat' dir='ltr'>sine</span> <span class='ocrx_word' id='word_1_421' title='bbox 1640 2672 1725 2711; x_wconf 85' lang='lat' dir='ltr'>vlla</span> 
     </span>
    </p>
   </div>
   <div class='ocr_carea' id='block_1_9' title="bbox 130 2761 1724 3069">
    <p class='ocr_par' dir='ltr' id='par_1_9' title="bbox 130 2761 1724 3069">
     <span class='ocr_line' id='line_1_45' title="bbox 648 2761 1228 2805; baseline -0.01 -10"><span class='ocrx_word' id='word_1_422' title='bbox 648 2774 718 2805; x_wconf 73' lang='lat'>144.</span> <span class='ocrx_word' id='word_1_423' title='bbox 746 2774 764 2791; x_wconf 84' lang='lat' dir='ltr'>a</span> <span class='ocrx_word' id='word_1_424' title='bbox 783 2761 887 2793; x_wconf 80' lang='lat' dir='ltr'>Lond.</span> <span class='ocrx_word' id='word_1_425' title='bbox 904 2774 911 2793; x_wconf 87' lang='lat'>:</span> <span class='ocrx_word' id='word_1_426' title='bbox 937 2761 1093 2803; x_wconf 80' lang='lat' dir='ltr'>epistolis</span> <span class='ocrx_word' id='word_1_427' title='bbox 1109 2761 1179 2791; x_wconf 84' lang='lat' dir='ltr'>suis</span> <span class='ocrx_word' id='word_1_428' title='bbox 1195 2761 1228 2793; x_wconf 72' lang='grc' dir='ltr'>Β.</span> 
     </span>
     <span class='ocr_line' id='line_1_46' title="bbox 180 2847 1720 2891; baseline -0.006 -9"><span class='ocrx_word' id='word_1_429' title='bbox 180 2850 281 2884; x_wconf 81' lang='grc'>1271.</span> <span class='ocrx_word' id='word_1_430' title='bbox 312 2852 385 2891; x_wconf 83' lang='lat'>138.</span> <span class='ocrx_word' id='word_1_431' title='bbox 415 2851 644 2891; x_wconf 86' lang='lat' dir='ltr'>Bertrandus]</span> <span class='ocrx_word' id='word_1_432' title='bbox 658 2851 839 2883; x_wconf 86' lang='lat' dir='ltr'>Unknown</span> <span class='ocrx_word' id='word_1_433' title='bbox 854 2853 892 2881; x_wconf 84' lang='lat' dir='ltr'>to</span> <span class='ocrx_word' id='word_1_434' title='bbox 968 2848 1104 2889; x_wconf 79' lang='lat' dir='ltr'>14Oct.t</span> <span class='ocrx_word' id='word_1_435' title='bbox 1123 2858 1178 2879; x_wconf 81' lang='lat' dir='ltr'>sec</span> <span class='ocrx_word' id='word_1_436' title='bbox 1188 2847 1278 2889; x_wconf 87' lang='lat' dir='ltr'>Epp.</span> <span class='ocrx_word' id='word_1_437' title='bbox 1294 2848 1389 2885; x_wconf 76' lang='lat'>1208,</span> <span class='ocrx_word' id='word_1_438' title='bbox 1404 2854 1499 2884; x_wconf 85' lang='grc'>1221,</span> <span class='ocrx_word' id='word_1_439' title='bbox 1516 2852 1610 2883; x_wconf 80' lang='lat'>1232,</span> <span class='ocrx_word' id='word_1_440' title='bbox 1627 2850 1720 2882; x_wconf 85' lang='lat'>1239.</span> 
     </span>
     <span class='ocr_line' id='line_1_47' title="bbox 132 2888 1722 2930; baseline -0.009 -1"><span class='ocrx_word' id='word_1_441' title='bbox 132 2905 195 2926; x_wconf 81' lang='lat' dir='ltr'>me·</span> <span class='ocrx_word' id='word_1_442' title='bbox 1012 2900 1086 2929; x_wconf 85' lang='lat'>142.</span> <span class='ocrx_word' id='word_1_443' title='bbox 1114 2890 1295 2930; x_wconf 70' lang='lat' dir='ltr'>Seuerum]</span> <span class='ocrx_word' id='word_1_444' title='bbox 1323 2891 1385 2922; x_wconf 84' lang='lat' dir='ltr'>See</span> <span class='ocrx_word' id='word_1_445' title='bbox 1416 2889 1481 2930; x_wconf 84' lang='lat' dir='ltr'>Ep.</span> <span class='ocrx_word' id='word_1_446' title='bbox 1518 2888 1609 2925; x_wconf 83' lang='lat'>1169.</span> <span class='ocrx_word' id='word_1_447' title='bbox 1643 2894 1722 2926; x_wconf 85' lang='lat' dir='ltr'>27n‚</span> 
     </span>
     <span class='ocr_line' id='line_1_48' title="bbox 217 2933 1724 2981; baseline -0.009 -8"><span class='ocrx_word' id='word_1_448' title='bbox 217 2940 415 2981; x_wconf 79' lang='lat' dir='ltr'>Andrelaci]</span> <span class='ocrx_word' id='word_1_449' title='bbox 430 2940 503 2972; x_wconf 82' lang='lat' dir='ltr'>Tho</span> <span class='ocrx_word' id='word_1_450' title='bbox 534 2939 634 2971; x_wconf 79' lang='lat' dir='ltr'>dates</span> <span class='ocrx_word' id='word_1_451' title='bbox 650 2938 686 2970; x_wconf 84' lang='lat' dir='ltr'>of</span> <span class='ocrx_word' id='word_1_452' title='bbox 715 2935 892 2970; x_wconf 83' lang='lat' dir='ltr'>Erasmus’</span> <span class='ocrx_word' id='word_1_453' title='bbox 963 2935 1033 2967; x_wconf 82' lang='lat' dir='ltr'>and</span> <span class='ocrx_word' id='word_1_454' title='bbox 1044 2935 1121 2967; x_wconf 67' lang='lat' dir='ltr'>Rev.</span> <span class='ocrx_word' id='word_1_455' title='bbox 1140 2934 1174 2965; x_wconf 90' lang='lat' dir='ltr'><em>H</em></span> <span class='ocrx_word' id='word_1_456' title='bbox 1178 2934 1364 2975; x_wconf 69' lang='lat' dir='ltr'>2·spa›1‹1&#39;que,</span> <span class='ocrx_word' id='word_1_457' title='bbox 1377 2933 1449 2971; x_wconf 85' lang='lat' dir='ltr'>viii,</span> <span class='ocrx_word' id='word_1_458' title='bbox 1465 2940 1555 2971; x_wconf 83' lang='lat'>1901,</span> <span class='ocrx_word' id='word_1_459' title='bbox 1568 2941 1625 2972; x_wconf 92' lang='lat' dir='ltr'>pp.</span> <span class='ocrx_word' id='word_1_460' title='bbox 1638 2937 1724 2966; x_wconf 82' lang='lat'><strong>249-</strong></span> 
     </span>
     <span class='ocr_line' id='line_1_49' title="bbox 130 2980 1016 3022; baseline -0.005 -8"><span class='ocrx_word' id='word_1_461' title='bbox 130 2983 230 3015; x_wconf 83' lang='lat' dir='ltr'>visits</span> <span class='ocrx_word' id='word_1_462' title='bbox 244 2987 282 3016; x_wconf 85' lang='lat' dir='ltr'>to</span> <span class='ocrx_word' id='word_1_463' title='bbox 297 2983 519 3021; x_wconf 77' lang='lat' dir='ltr'>Anderlecht,</span> <span class='ocrx_word' id='word_1_464' title='bbox 534 2993 572 3015; x_wconf 84' lang='lat' dir='ltr'>as</span> <span class='ocrx_word' id='word_1_465' title='bbox 587 2982 762 3014; x_wconf 81' lang='lat' dir='ltr'>indicated</span> <span class='ocrx_word' id='word_1_466' title='bbox 779 2981 826 3022; x_wconf 91' lang='lat' dir='ltr'>by</span> <span class='ocrx_word' id='word_1_467' title='bbox 841 2980 893 3013; x_wconf 83' lang='lat' dir='ltr'>his</span> <span class='ocrx_word' id='word_1_468' title='bbox 968 2987 1016 3019; x_wconf 82' lang='grc'>50.</span> 
     </span>
     <span class='ocr_line' id='line_1_50' title="bbox 131 3018 1722 3069; baseline -0.006 -12"><span class='ocrx_word' id='word_1_469' title='bbox 131 3026 260 3067; x_wconf 82' lang='lat' dir='ltr'>letters,</span> <span class='ocrx_word' id='word_1_470' title='bbox 278 3037 336 3059; x_wconf 81' lang='lat' dir='ltr'>are</span> <span class='ocrx_word' id='word_1_471' title='bbox 355 3037 391 3068; x_wconf 87' lang='lat'>31</span> <span class='ocrx_word' id='word_1_472' title='bbox 420 3028 567 3069; x_wconf 79' lang='lat' dir='ltr'>May—5</span> <span class='ocrx_word' id='word_1_473' title='bbox 593 3026 690 3068; x_wconf 80' lang='lat' dir='ltr'>July,</span> <span class='ocrx_word' id='word_1_474' title='bbox 716 3035 752 3067; x_wconf 86' lang='lat'>31</span> <span class='ocrx_word' id='word_1_475' title='bbox 782 3025 893 3067; x_wconf 62' lang='lat' dir='ltr'>Aug-</span> <span class='ocrx_word' id='word_1_476' title='bbox 1013 3023 1107 3055; x_wconf 75' lang='lat'>1272.</span> <span class='ocrx_word' id='word_1_477' title='bbox 1134 3035 1163 3065; x_wconf 83' lang='lat'>5.</span> <span class='ocrx_word' id='word_1_478' title='bbox 1192 3019 1475 3059; x_wconf 67' lang='lat' dir='ltr'>Vuratislauicn]</span> <span class='ocrx_word' id='word_1_479' title='bbox 1491 3020 1552 3051; x_wconf 73' lang='lat' dir='ltr'>Sco</span> <span class='ocrx_word' id='word_1_480' title='bbox 1566 3020 1628 3060; x_wconf 83' lang='lat' dir='ltr'>Ep.</span> <span class='ocrx_word' id='word_1_481' title='bbox 1645 3018 1722 3057; x_wconf 68' lang='grc'>850,</span> 
     </span>
    </p>
   </div>
  </div>
 </body>
</html>
