2033 3395
302 171 354 210 38
774 172 1029 214 LETTERS
1060 174 1133 215 OF
1162 174 1427 216 ERASMUS

1775 177 1899 227 [1522

302 297 388 323 non
433 286 584 333 omisi3
634 292 678 326 et
725 288 883 338 alioqui
916 288 961 326 in
1004 288 1280 339 praefatione,
1324 289 1490 328 etiamsi
1529 302 1614 328 non
1653 290 1898 337 monuisses,

241 349 281 382 35
303 343 398 378 erat
435 341 604 380 animus
640 341 865 381 ostendere
905 342 1144 381 cuiusmodi
1176 342 1369 382 homines
1400 344 1444 382 in
1477 344 1764 396 Augustinum
1801 344 1898 383 scri-

302 394 484 444 psissent
503 408 512 434 :
543 395 672 446 idque
686 395 841 435 faciam
857 400 902 435 et
916 397 1151 447 propinabo
1166 397 1258 436 illos
1273 397 1419 436 lectori
1443 398 1668 437 bellissime
1691 398 1903 437 ridendos.

301 448 411 487 Tum
426 449 471 487 in
486 462 611 500 opere
629 450 721 501 ipso
741 450 1001 502 interspergo
1015 450 1134 490 velut
1146 450 1340 490 flosculos
1360 465 1412 491 ex
1427 465 1572 491 eorum
1586 452 1901 492 commentariis

302 506 347 541 et
377 502 647 542 Passauantii
678 504 982 551 additionibus,
1015 518 1196 556 quorum
1228 505 1361 545 lector
1389 507 1511 545 suaui
1535 507 1663 546 odore
1689 506 1902 546 reficiatur

303 557 526 607 minusque
546 558 705 597 sentiat
724 558 819 598 viae
839 559 1091 599 molestiam.

357 611 423 649 Ex
451 612 502 650 iis
531 625 640 663 quae
669 625 782 652 nunc
811 614 953 660 mitto,
984 626 1207 666 cognosces
1236 626 1366 665 quam
1396 627 1472 666 ego
1500 615 1667 654 illorum
1696 615 1902 654 inuidiam

304 669 506 705 metuam.
568 666 712 706 Vitam
744 667 972 719 Augustini
1004 668 1173 707 mallem
1204 668 1294 719 ipse
1325 668 1529 716 adderes;
1577 683 1677 708 nam
1710 683 1786 721 ego
1818 682 1902 708 non

303 718 469 759 confido
502 733 569 760 me
600 734 650 761 eo
681 722 837 762 iudicio
869 736 963 762 eam
996 723 1271 762 collecturum
1303 735 1389 774 quo
1420 728 1470 762 tu
1502 723 1608 763 soles
1641 725 1812 769 omnia;
1861 728 1906 763 et

302 773 498 813 iniuriam
515 774 652 815 secero
670 776 827 816 Sancto
844 777 892 824 si,
911 777 1015 828 quid
1032 781 1080 816 tu
1099 777 1150 816 de
1167 777 1238 816 illo
1255 790 1365 816 esses
1382 778 1628 828 scripturus,
1646 779 1736 829 ipse
1753 778 1903 817 scribe-

302 840 404 875 rem,
419 829 675 881 ineptiisque
690 832 794 870 meis
807 832 851 870 in
866 845 1015 870 caussa
1028 831 1161 871 forem
1177 845 1262 883 quo
1278 832 1418 871 minus
1432 833 1524 871 Vita
1537 832 1648 871 illius
1663 832 1907 884 eloquentia

240 891 282 923 45
303 886 380 921 tua
403 882 618 923 illustrata
642 886 807 925 veniret
831 886 887 924 ad
912 890 1115 937 posteros.

1171 886 1261 938 Ego
1287 900 1387 925 vero
1412 891 1456 926 te
1481 887 1624 938 potius
1649 900 1750 938 rogo
1775 891 1907 938 atque

303 936 450 976 hortor
462 942 513 977 vt
526 951 619 978 eam
633 940 804 979 scribas.
846 940 974 980 Mitto
988 941 1056 980 hic
1069 941 1214 980 decem
1227 940 1356 979 libros
1370 941 1424 979 ab
1439 946 1592 980 octauo
1607 941 1661 980 ad
1675 941 1903 981 decimum-

303 991 533 1042 septimum
554 1006 562 1039 ;
604 993 786 1046 reliquos
811 995 1001 1046 quinque
1024 995 1103 1034 sub
1129 995 1306 1042 Pascha,
1334 1000 1410 1034 aut
1435 996 1663 1047 paulopost
1688 997 1905 1035 missurus.

303 1045 496 1085 Confecti
521 1052 623 1087 sunt
648 1049 836 1087 maxima
861 1063 914 1088 ex
940 1054 1075 1101 parte.
1130 1049 1254 1088 Nunc
1281 1063 1545 1101 recognosce,
1573 1054 1618 1089 et
1642 1051 1686 1089 in
1713 1050 1905 1089 chartam

305 1100 570 1140 mundiorem
596 1102 892 1142 describendos
917 1104 1065 1143 statim
1091 1104 1262 1143 curabo.

1315 1104 1641 1155 Autographum
1668 1104 1908 1143 seruabitur

246 1167 288 1200 50
305 1154 420 1205 apud
447 1168 514 1194 me
539 1156 584 1195 in
610 1158 863 1196 sanctuariis
882 1171 890 1204 ;
933 1171 1070 1209 neque
1097 1158 1208 1197 enim
1235 1159 1374 1197 nescio
1402 1171 1531 1209 quam
1559 1172 1585 1197 a
1611 1172 1677 1197 me
1704 1159 1907 1197 damnose

304 1213 551 1258 peccaretur
567 1210 789 1258 Frobenio,
808 1212 844 1250 si
861 1213 930 1251 cui
945 1212 1128 1252 facerem
1147 1213 1326 1264 copiam.
1373 1212 1456 1252 Sed
1473 1213 1600 1252 velim
1618 1226 1788 1264 quoque
1805 1217 1856 1252 vt
1873 1213 1908 1251 is

305 1263 489 1302 vicissim
504 1265 715 1305 neminem
731 1266 938 1305 admittat
952 1266 1007 1305 ad
1021 1266 1245 1306 lectionem
1260 1280 1405 1306 eorum
1420 1280 1530 1318 quae
1545 1267 1776 1314 excuderit,
1792 1267 1909 1318 prius

304 1329 435 1368 quam
452 1318 683 1359 absoluerit
698 1324 841 1359 totum
859 1334 965 1372 opus
985 1333 994 1368 ;
1026 1334 1103 1361 nec
1119 1321 1164 1359 id
1180 1321 1274 1360 dico
1291 1322 1379 1360 sine
1396 1335 1552 1373 magna
1568 1335 1729 1361 caussa.
1775 1321 1909 1361 Video

304 1375 348 1410 te
366 1385 531 1424 semper
547 1374 690 1413 omnia
707 1375 823 1414 Vitae
839 1379 940 1415 tuae
957 1375 1168 1427 praesidia
1183 1376 1228 1414 in
1244 1376 1487 1415 innocentia
1503 1389 1659 1427 ponere
1679 1389 1687 1423 ;
1721 1389 1807 1427 qua
1823 1389 1910 1415 vna

247 1440 284 1473 55
304 1425 441 1488 iretus
459 1440 638 1479 magnus
657 1429 725 1468 ille
745 1433 901 1477 orator,
923 1434 967 1469 et
985 1430 1030 1469 in
1048 1430 1304 1481 reipublicae
1323 1430 1527 1482 procellas
1546 1435 1910 1482 tempestatesque

304 1493 528 1532 ingressus,
555 1482 678 1523 facile
703 1496 746 1523 se
771 1484 1010 1524 simultates
1036 1497 1182 1524 omnes
1207 1488 1476 1524 contemnere
1501 1485 1796 1536 profitebatur.

1852 1485 1911 1524 Et

306 1534 497 1586 profecto
523 1536 613 1576 fieri
639 1537 761 1577 aliter
789 1539 939 1590 nequit
967 1540 1194 1590 quominus
1219 1539 1336 1578 Deus
1361 1539 1441 1578 tibi
1470 1539 1576 1579 bene
1601 1539 1719 1586 velit,
1747 1544 1797 1578 vt
1834 1539 1908 1590 qui

306 1590 468 1641 cogitas
492 1604 579 1630 non
607 1605 698 1631 esse
730 1592 839 1632 hanc
870 1593 964 1632 aeui
993 1594 1128 1632 nostri
1159 1593 1416 1632 breuitatem
1447 1593 1619 1645 dignam
1650 1598 1700 1633 vt
1729 1594 1784 1632 ob
1815 1607 1909 1633 eam

306 1644 512 1684 tuendam
534 1646 746 1686 tumultus
768 1651 812 1687 et
833 1648 1073 1698 tragoedias
1095 1648 1340 1687 excitemus.

360 1697 426 1738 De
453 1699 666 1740 Aleandro
694 1714 781 1740 non
809 1701 960 1741 dubito
989 1703 1052 1741 ita
1080 1715 1169 1742 esse
1196 1706 1248 1741 vt
1275 1702 1450 1749 scribis;
1495 1703 1669 1742 tametsi
1695 1702 1785 1754 ipse
1814 1715 1911 1742 cum

308 1751 465 1792 Leodio
495 1754 652 1805 rediret
682 1755 940 1803 Bruxellam,
971 1757 1122 1796 iurarit
1152 1757 1255 1796 mihi
1286 1770 1329 1796 se
1360 1757 1613 1808 dignitatem
1643 1761 1764 1796 tuam
1797 1756 1911 1808 apud

586 1868 641 1898 42.
669 1871 725 1893 me
740 1870 781 1893 eo
797 1861 942 1903 scripsi:
973 1871 1052 1893 meo
1069 1873 1098 1892 σ.

308 1968 493 2002 audierant
530 1980 621 2003 vnus
659 1981 721 2003 eur
757 1971 807 2003 sic
845 1971 1075 2010 existimaret,

308 2023 418 2054 quum
438 2016 554 2045 essent
573 2016 630 2046 tot
650 2013 828 2054 historiae,
847 2017 904 2046 tot
923 2014 1077 2053 fabulae,

307 2059 364 2088 tot
391 2056 642 2098 philosophica,
668 2060 724 2089 tot
750 2058 993 2100 geographica,
1019 2060 1076 2090 tot

309 2099 570 2132 mathematica.
632 2099 652 2113 “
668 2100 759 2139 Quid
773 2100 794 2114 '’
831 2102 946 2142 inquit
982 2100 1077 2133 “illa

309 2143 355 2175 ad
375 2143 577 2185 theologum
594 2146 607 2175 ?
624 2144 644 2157 '⁷
689 2144 823 2176 Deinde
847 2143 867 2157 “
882 2145 959 2177 Sint
980 2154 1000 2175 a
1022 2144 1077 2176 vel

310 2186 346 2226 b,
358 2196 428 2218 non
442 2196 520 2218 sum
532 2187 701 2219 sollicitus
716 2187 762 2220 ”.’

358 2238 409 2269 35.
433 2229 630 2263 cuiusmodi
647 2231 822 2271 homines]
840 2230 956 2263 Vives’
977 2241 1079 2272 essay

312 2275 320 2285 ⁴
336 2274 389 2305 De
426 2273 604 2306 veteribus
640 2274 888 2316 interpretibus
904 2274 911 2287 ’
951 2274 1002 2314 (Ο.
1020 2274 1078 2314 D„

312 2317 356 2349 f0.
389 2319 446 2348 aa⁸
475 2322 540 2355 v0;
583 2317 626 2349 ef.
659 2317 724 2359 Ep.
759 2320 927 2359 1303.3n)
955 2328 1026 2349 was
1056 2327 1077 2349 a

312 2360 412 2402 reply
440 2364 478 2393 to
508 2361 569 2392 the
604 2361 831 2393 Dominicans
861 2361 938 2394 who
965 2371 1076 2402 repre-

312 2404 435 2436 sented
466 2404 547 2436 that
576 2405 612 2436 in
642 2405 730 2437 view
760 2405 796 2436 of
826 2404 887 2436 the
917 2405 1012 2437 work
1042 2404 1079 2436 of

314 2447 486 2480 members
515 2448 552 2480 of
581 2447 673 2480 their
702 2458 779 2481 own
811 2448 920 2480 Order
950 2449 978 2480 it
1007 2458 1080 2480 was

313 2491 529 2533 superfluous
546 2491 600 2523 for
616 2491 689 2523 him
707 2494 745 2523 to
763 2491 836 2523 edit
853 2491 913 2524 the
931 2492 981 2523 De
999 2491 1076 2523 Ciu.

316 2535 389 2567 Dei.
433 2534 468 2566 It
488 2545 592 2575 pours
610 2545 712 2567 scorn
731 2545 776 2567 on
795 2535 887 2567 their
905 2545 1078 2568 commen-

313 2581 440 2616 tators,
475 2578 579 2610 Thes.
616 2578 660 2610 de
696 2578 849 2620 Walleys
887 2579 965 2620 (Ep.
1002 2581 1077 2619 843.

319 2622 433 2660 59611),
456 2621 531 2653 Nic.
558 2621 678 2653 Trivet
701 2622 738 2653 01
763 2622 895 2654 Oxiord
921 2623 953 2663 (†
969 2624 1080 2663 1328),

315 2664 385 2696 and
404 2664 655 2697 Passauantius
674 2665 711 2704 (l.
731 2667 823 2707 38n).

362 2707 414 2746 38.
441 2707 678 2748 Passauantii]
702 2708 765 2740 See
789 2708 854 2750 Ep.
881 2717 954 2749 531.
981 2716 1082 2748 152n.

317 2750 457 2782 Besides
482 2750 542 2783 the
565 2751 725 2792 Specchio
747 2751 845 2784 there
868 2751 1082 2791 mentioned,

316 2793 525 2826 Passavanti
551 2799 658 2826 wrote
686 2798 787 2827 notes
814 2805 859 2827 on
886 2795 972 2837 Aug.
1003 2795 1080 2827 Ciu.

316 2836 393 2875 Dei,
422 2837 458 2869 in
484 2837 544 2869 the
571 2837 660 2870 form
689 2837 724 2869 of
754 2838 930 2871 additions
957 2842 996 2870 to
1022 2838 1083 2870 the

316 2881 582 2912 commentaries
623 2881 659 2912 of
700 2881 802 2914 Thos.
844 2881 888 2913 de
929 2881 1084 2923 Walleys

319 2922 354 2963 (l.
380 2925 474 2965 35n),
498 2923 583 2955 with
605 2924 719 2956 which
742 2924 828 2966 they
851 2935 908 2956 are
932 2924 1083 2966 printed,

314 2966 445 3008 Lyons,
457 2966 491 2999 J.
505 2965 629 3004 Sacon,
647 2975 659 2997 1
671 2974 686 3007 5
703 2967 780 3001 Oet.
799 2976 810 2998 1
822 2975 888 3007 520
902 2981 911 3000 :
938 2967 1089 3009 perhaps

315 3010 390 3043 also
410 3009 471 3042 the
489 3009 620 3042 Italian
641 3010 851 3042 translation
873 3011 909 3043 of
931 3011 990 3043 the
1007 3010 1084 3043 Ciu.

318 3053 392 3092 Die,
423 3053 599 3092 Florenoe,
616 3053 657 3085 A.
675 3054 882 3092 Miscomhfi,
903 3053 955 3096 (a.
983 3053 1087 3095 1483>

1240 1868 1290 1900 52.
1317 1861 1504 1893 excuderet
1519 1861 1624 1894 Lond.

1143 1972 1213 2002 (see
1258 1970 1344 2002 Brit.
1391 1971 1479 2002 Mus.
1519 1970 1734 2012 Catalogue).
1804 1970 1908 2003 Vives

1142 2013 1269 2056 speaks
1311 2014 1346 2045 of
1388 2014 1442 2046 his
1483 2013 1578 2046 work
1620 2014 1705 2046 with
1747 2013 1908 2047 disdain:

1143 2056 1339 2099 desoribing
1352 2057 1424 2089 him
1441 2057 1491 2096 (Ο.
1508 2057 1566 2097 Π,
1581 2057 1622 2090 10.
1639 2059 1712 2098 aa⁸)
1728 2067 1767 2089 as
1783 2056 1791 2070 ‘
1805 2067 1909 2099 quem

1144 2111 1271 2133 nomen
1304 2101 1417 2142 ipsum
1452 2100 1584 2133 indicat
1615 2100 1722 2133 fuisse
1753 2111 1907 2133 scurram

1142 2145 1294 2185 aliquem
1309 2144 1488 2184 festiuum,
1503 2145 1563 2186 qui
1576 2143 1778 2177 sodalitium
1792 2147 1907 2177 totum

1145 2187 1369 2219 oblectabat:
1407 2188 1475 2227 cui,
1497 2191 1539 2220 vt
1565 2187 1680 2227 credo,
1704 2198 1765 2230 per
1794 2189 1908 2220 iocum

1143 2231 1328 2272 lusumque
1350 2241 1477 2263 nomen
1499 2230 1697 2263 Passauant
1717 2234 1771 2263 est
1791 2241 1813 2262 a
1834 2231 1911 2263 reli-

1145 2274 1224 2315 quis
1262 2274 1432 2306 fratribus
1468 2274 1620 2306 inditum
1636 2275 1655 2307 ’.
1724 2275 1837 2316 Again
1874 2275 1909 2306 in

1146 2328 1166 2349 a
1188 2320 1270 2350 note
1294 2318 1340 2358 (p.
1363 2328 1453 2358 4343
1489 2328 1534 2350 on
1555 2318 1624 2350 xiv.
1653 2319 1729 2357 18):
1767 2316 1910 2349 ‘Multis

1143 2361 1240 2393 libris
1276 2360 1363 2393 nihil
1397 2361 1535 2392 locutus
1571 2361 1781 2399 Passanant,
1817 2371 1910 2393 nunc

1146 2404 1289 2436 tandem
1341 2405 1468 2445 inquit,
1520 2403 1540 2416 “
1556 2404 1640 2442 Quis
1688 2405 1794 2436 fuerit
1843 2406 1908 2436 iste

1146 2448 1303 2489 quidam,
1331 2448 1508 2489 expositor
1534 2458 1605 2480 non
1631 2448 1729 2487 dicit,
1756 2458 1819 2480 nec
1847 2458 1910 2490 ego

1145 2492 1216 2523 scio
1228 2491 1260 2521 ⁵⁹.
1281 2514 1287 2521 .
1309 2515 1315 2521 .
1336 2516 1343 2523 .
1359 2491 1499 2530 Quanto
1515 2492 1625 2523 satius
1637 2491 1772 2531 fuisset,
1787 2492 1909 2523 Passa-

1146 2538 1249 2574 uant,
1280 2534 1500 2567 admonitum
1531 2538 1568 2566 te
1598 2545 1619 2566 a
1656 2536 1795 2567 nomine
1833 2538 1907 2573 tuo,

1146 2579 1291 2610 vlterius
1328 2588 1403 2610 csse
1440 2587 1670 2620 progressum,
1707 2589 1819 2619 neque
1856 2578 1911 2610 hic

1147 2621 1298 2654 sistere'.

1188 2665 1250 2698 See
1267 2664 1387 2703 Quetif
1410 2664 1480 2696 and
1503 2664 1658 2704 Echard,
1683 2664 1806 2705 Script.
1828 2664 1905 2696 Or'd.

1150 2708 1267 2740 Praed.
1286 2709 1297 2739 i
1315 2709 1448 2749 (1719),
1466 2708 1581 2748 645‚6.

1192 2760 1247 2793 47.
1273 2751 1423 2791 Pascha]
1437 2761 1480 2784 20
1495 2751 1594 2793 April
1611 2760 1702 2793 1522.

1197 2802 1249 2835 55.
1275 2795 1407 2835 orator]
1427 2795 1500 2826 The
1521 2795 1691 2826 reference
1713 2794 1741 2826 Is
1763 2793 1912 2836 perhaps

1150 2841 1187 2871 to
1205 2838 1273 2871 cic.
1294 2838 1371 2870 Miz.
1392 2847 1420 2879 5.

1195 2881 1250 2914 61.
1279 2880 1420 2922 Leodio]
1436 2881 1454 2912 Ι
1471 2891 1536 2913 can
1552 2880 1624 2913 find
1641 2890 1686 2912 no
1703 2880 1804 2912 other
1818 2883 1915 2912 traee

1151 2925 1187 2956 of
1216 2925 1288 2957 this
1306 2925 1389 2956 visit
1407 2925 1443 2956 of
1472 2924 1652 2956 Aleander.
1695 2923 1730 2955 It
1748 2933 1819 2955 was
1837 2934 1911 2965 pre-

1150 2967 1314 3009 sumably
1337 2968 1429 2999 after
1452 2965 1629 2999 Eaasmus⁹
1654 2966 1840 3008 departure
1866 2977 1912 3000 on

1152 3013 1192 3043 28
1212 3011 1288 3043 Oct.
1308 3011 1387 3052 (Ep.
1409 3018 1489 3048 1242
1512 3009 1656 3049 introd.)
1672 3022 1681 3048 ;
1708 3010 1777 3041 and
1794 3009 1910 3042 before

1156 3065 1196 3094 19
1211 3053 1292 3086 Feb.
1311 3054 1370 3092 (cf.
1389 3053 1442 3085 Al.
1459 3052 1500 3084 E.
1516 3054 1539 3085 i.
1558 3064 1612 3095 52,
1628 3053 1664 3085 ii.
1684 3056 1771 3094 109).
