2012 3370
120 136 241 186 1342]
587 132 659 172 TO
689 130 917 170 MARCUS
949 129 1242 171 LAURINUS
1632 127 1711 164 219

118 245 281 283 Romae
302 243 530 295 publicitus
551 240 768 280 Pontificis
790 253 893 278 voce
915 239 1219 278 condemnatos
1240 251 1342 277 0550.
1392 237 1483 275 Risi
1504 236 1712 287 protinus,

117 303 161 337 et
173 299 328 350 agnoui
341 296 542 349 superiori
554 294 812 334 simillimum
825 298 1126 333 commentum.
1156 292 1367 331 Nimirum
1380 290 1484 329 illud
1492 289 1711 341 agebatur,

118 357 169 391 vt
192 353 319 391 homo
343 364 481 391 rerum
504 349 725 400 imperitus
750 352 793 387 et
813 348 1018 394 credulus,
1041 347 1120 386 hoc
1143 346 1258 385 facto
1279 349 1548 397 prouocatuS,
1570 343 1714 394 lingua

117 407 365 458 calamoque
379 404 628 444 Pontificem
647 403 895 441 incesserem
911 415 919 440 z
951 414 1036 452 quo
1052 401 1166 440 facto
1184 413 1350 451 cogerer
1370 399 1425 438 ad
1443 399 1557 451 ipsos
1576 401 1712 436 trans-
1731 407 1799 446 630

117 461 273 512 fugere.
332 460 553 500 Caeterum
573 470 703 508 quam
722 456 767 495 id
787 460 1076 495 commentum
1099 455 1182 494 fuit
1203 454 1440 505 impudens,
1468 466 1555 492 non
1577 452 1713 490 solum

117 515 403 566 compluribus
437 512 570 551 literis
605 525 627 550 0
663 511 803 549 Roma
837 511 1004 561 scriptis
1040 513 1248 548 testatum
1284 513 1362 554 est,
1399 519 1547 546 verum
1583 506 1715 557 ipsius

118 569 335 608 Pontificis
350 567 478 607 Breui
491 579 625 617 nuper
641 565 696 604 ad
708 578 775 604 me
787 564 890 603 dato
906 577 914 602 :
937 577 1021 615 quo
1038 568 1150 602 certe
1162 563 1325 601 nullum
1338 562 1476 601 adhuc
1490 561 1632 611 accepi
1647 559 1715 600 vel

119 623 333 662 amantius
354 622 557 673 scriptum
580 619 648 659 vel
668 618 1025 658 honorificentius.
1078 617 1332 667 Quanquam
1354 615 1470 666 quod
1492 615 1547 654 ad
1568 614 1715 653 laudes

117 677 290 728 quidem
306 677 475 722 attinet,
492 675 550 714 sic
564 674 832 725 interpretor,
849 686 917 711 me
933 671 1150 711 admoneri
1165 670 1301 722 qualis
1317 683 1405 709 esse
1421 669 1612 715 debeam,
1629 681 1715 707 non
1732 678 1794 718 635

117 731 289 783 depingi
307 730 443 782 qualis
463 729 554 768 sim.
604 728 725 768 Certe
745 740 771 766 a
789 726 867 766 tali
887 726 1092 765 Pontifice
1112 725 1179 764 vel
1199 724 1369 776 probari
1389 723 1456 762 vel
1477 723 1609 762 amari
1629 735 1715 761 non

118 785 293 831 moleste
328 785 430 823 fero.
493 783 554 822 Ac
590 795 643 821 ne
678 782 815 820 Breue
850 794 1002 832 parum
1037 780 1214 818 haberet
1249 778 1365 830 apud
1400 791 1467 817 me
1502 777 1712 829 ponderis,

118 839 366 878 submonuit
384 851 450 877 me
467 837 598 876 literis
617 837 702 876 suis
721 836 895 887 quidam
914 849 936 874 e
955 834 1178 874 Pontificio
1196 832 1408 872 famulitio
1426 845 1513 871 non
1530 831 1713 877 infimus,

118 907 251 944 quum
271 892 470 932 Pontifex
489 891 686 931 sensisset
704 890 892 942 diploma
911 890 1116 940 scriptum
1136 901 1224 927 esse
1244 887 1432 933 dilutius,
1454 885 1569 937 quod
1587 886 1622 924 is
1642 885 1716 936 qui

119 948 379 987 deformarat
401 945 655 997 exemplum,
680 949 853 996 propter
876 944 1108 983 amicitiam
1132 955 1262 994 quam
1286 941 1417 980 habet
1439 953 1605 979 mecum
1629 952 1715 978 non
1733 949 1801 988 640

119 1002 348 1053 vulgarem,
364 1001 530 1052 parcius
545 1000 598 1039 de
610 1013 678 1039 me
689 999 935 1050 scripsisset,
948 998 1089 1050 ipsum
1102 1010 1178 1036 sua
1190 1010 1293 1035 voce
1305 995 1506 1047 pleraque
1518 994 1712 1033 dictasse.

119 1057 262 1108 Atque
291 1055 440 1095 iisdem
470 1055 602 1094 literis
632 1054 745 1093 idem
777 1053 938 1092 amicus
968 1051 1253 1091 sacerdotium
1284 1063 1371 1089 non
1402 1047 1714 1101 aspernandum

118 1110 256 1158 offert,
276 1109 393 1161 quod
410 1110 496 1148 iam
514 1108 715 1160 possidet,
736 1120 925 1147 cessurus
945 1106 1019 1146 vbi
1037 1106 1177 1145 velim.

173 1165 262 1204 Nec
288 1168 353 1203 est
379 1163 495 1215 quod
521 1163 588 1202 1110
615 1162 835 1202 clamitent
861 1174 928 1201 me
954 1160 1113 1212 praeda
1139 1163 1386 1210 corruptum
1413 1158 1600 1197 deserere
1627 1156 1715 1195 veri

120 1219 416 1269 patrocinium.
467 1217 652 1256 Fatebor
672 1217 752 1255 hoc
774 1229 862 1255 esse
884 1228 1031 1254 verum
1054 1215 1224 1260 crimen,
1246 1214 1282 1252 si
1303 1225 1493 1264 vnquam
1516 1223 1714 1262 accepero
1734 1222 1796 1262 645

121 1286 274 1312 munus
306 1273 438 1311 vllum
470 1271 739 1310 huiusmodi:
788 1270 904 1322 quod
934 1274 1080 1308 tamen
1112 1269 1147 1307 si
1178 1281 1384 1319 caperem,
1417 1280 1503 1305 non
1534 1266 1715 1304 facerem

120 1327 280 1378 absque
299 1326 530 1365 multorum
549 1324 755 1376 exemplo.
804 1323 1015 1374 Quicquid
1033 1323 1136 1362 mihi
1154 1321 1396 1361 fortunulae
1414 1325 1492 1367 est,
1512 1320 1557 1358 id
1574 1324 1716 1358 totum

119 1381 203 1420 fuit
224 1385 324 1419 ante
346 1380 579 1418 Lutherum
602 1379 692 1417 orbi
714 1379 944 1429 cognitum,
968 1382 1012 1416 et
1032 1377 1188 1428 obtigit
1207 1389 1294 1414 non
1315 1375 1533 1414 ambienti.
1584 1373 1716 1412 Dimi-

95 1457 98 1461 ·
119 1435 237 1474 dium
259 1435 444 1474 obtrusit
464 1434 677 1473 recusanti
699 1433 751 1471 R.
776 1432 1112 1483 archiepiscopus
1135 1431 1350 1476 Cantuar.,
1367 1428 1590 1468 dimidium
1605 1427 1717 1466 vltro

120 1489 274 1529 detulit
308 1488 494 1528 Caesaris
528 1487 664 1527 Caroli
698 1487 949 1538 benignitas.
1012 1486 1124 1524 Huic
1158 1485 1288 1524 etiam
1322 1484 1357 1522 si
1390 1483 1494 1534 quid
1527 1481 1717 1528 decedet,
1737 1494 1804 1533 650

121 1543 358 1582 minuendis
374 1542 615 1594 sumptibus
631 1541 878 1592 augebimus
894 1553 1079 1579 censum.
1124 1539 1167 1579 Si
1183 1538 1379 1590 praemiis
1396 1537 1451 1576 ad
1466 1538 1545 1576 hoc
1562 1536 1719 1576 bellum

120 1598 307 1649 pertrahi
330 1597 576 1648 potuissem,
600 1597 686 1634 iam
710 1595 809 1634 011111
833 1599 1072 1646 pertractus
1096 1607 1242 1633 essem.
1295 1592 1514 1631 Deterruit
1537 1604 1603 1629 me
1627 1603 1719 1641 per·

121 1665 264 1703 pensa,
289 1652 386 1690 hinc
408 1651 569 1702 negocii
592 1650 855 1701 magnitudo,
879 1649 977 1688 hinc
999 1649 1154 1688 virium
1177 1660 1366 1687 mearum
1389 1645 1669 1685 imbecillitas.

174 1706 288 1745 Audi
311 1719 423 1744 nunc
448 1706 637 1751 tertium,
664 1708 846 1755 vtroque
870 1703 1173 1754 impudentius.
1228 1702 1480 1753 Sparserant
1504 1711 1719 1739 summum

122 1760 371 1799 Pontificem
399 1760 538 1799 nescio
567 1759 671 1809 quid
698 1758 828 1797 libelli
855 1758 1066 1809 scripsisse
1094 1757 1139 1795 in
1167 1770 1247 1803 me,
1277 1769 1374 1795 eum
1404 1768 1429 1794 a
1458 1754 1603 1793 multis
1631 1766 1721 1792 0550
1736 1766 1798 1806 655

122 1819 409 1865 conspectum.
459 1814 656 1854 Suboluit
675 1813 769 1851 ilico
790 1812 946 1851 techna
965 1825 973 1850 z
1011 1812 1211 1850 nimirum
1232 1811 1321 1862 agit
1341 1810 1420 1848 hoc
1441 1809 1632 1847 factitius
1652 1807 1721 1846 1110

122 1869 334 1915 Pontifex,
352 1873 402 1907 vt
417 1881 484 1907 me
500 1872 704 1919 prouocet
720 1867 775 1905 ad
791 1867 943 1906 calami
957 1866 1210 1917 linguaeque
1226 1864 1523 1915 petulantiam.
1568 1862 1628 1901 At
1643 1874 1720 1912 ego

120 1937 173 1962 ex
192 1923 446 1974 Apostolicis
465 1923 596 1961 literis
616 1921 743 1960 didici
763 1921 947 1972 Principi
966 1933 1059 1959 meo
1079 1933 1166 1958 non
1184 1918 1445 1965 maledicere,
1467 1916 1541 1956 sed
1560 1917 1719 1955 bonum

122 1977 326 2024 venerari,
347 1977 506 2015 malum
525 1976 645 2023 ferre,
667 1976 701 2014 si
719 1975 877 2014 frustra
896 1976 974 2013 sim
995 1975 1247 2013 moniturus.

177 2032 322 2070 Habet
345 2036 389 2070 et
412 2031 579 2069 diuersa
602 2043 700 2081 pars
723 2029 890 2068 fabulas
914 2042 1024 2075 suas,
1049 2030 1093 2067 in
1117 2041 1202 2079 qua
1225 2026 1417 2066 nomiulli
1441 2030 1541 2065 sunt
1565 2025 1639 2076 qui
1663 2024 1721 2063 sic
1737 2038 1804 2069 660

122 2090 256 2137 agunt
276 2090 418 2137 partes
439 2085 660 2124 Romanae
680 2084 789 2123 sedis
809 2088 872 2131 vt,
895 2084 929 2122 si
950 2087 1156 2122 conentur
1183 2086 1388 2128 extrema,
1410 2080 1544 2131 magis
1572 2091 1721 2118 nocere

122 2153 209 2179 non
250 2140 426 2191 possint.
498 2139 555 2178 Hi
597 2151 731 2189 nuper
771 2151 983 2177 rumorem
1025 2141 1267 2188 sparserant
1309 2135 1520 2174 Basileam
1563 2133 1721 2172 multos

123 2194 331 2233 confluere
352 2193 616 2233 Lutheranos
638 2193 720 2232 mei
740 2192 983 2232 consulendi
1005 2192 1142 2243 gratia
1162 2204 1170 2237 ;
1208 2195 1338 2241 atque
1359 2190 1464 2228 adeo
1486 2188 1721 2227 Lutherum

122 2249 262 2300 ipsum
279 2249 346 2288 1110
361 2248 545 2287 latitare.
590 2247 633 2286 Is
648 2260 792 2286 rumor
807 2247 874 2286 hic
890 2260 958 2286 me
974 2258 1244 2297 nequaquam
1261 2244 1483 2296 grauabat,
1502 2243 1575 2282 vbi
1590 2254 1721 2293 quam

124 2303 293 2355 plurimi
322 2306 423 2342 sunt
452 2303 526 2353 qui
554 2306 713 2341 norunt
742 2314 830 2340 esse
859 2301 1145 2340 falsissimum.
1204 2300 1347 2351 Atque
1376 2299 1543 2337 vtinam
1573 2309 1721 2335 verum
1737 2309 1799 2348 665

123 2361 233 2397 esset
254 2370 400 2396 omnes
421 2356 687 2396 Lutheranos
708 2356 867 2408 pariter
888 2359 932 2395 et
953 2355 1303 2394 Antilutheranos
1325 2352 1487 2392 consilii
1507 2351 1645 2403 gratia
1667 2349 1723 2388 ad

123 2424 200 2451 nos
219 2410 440 2458 confluere,
460 2411 702 2462 vellentque
722 2411 825 2450 meis
844 2423 989 2462 parere
1009 2408 1215 2449 consiliis!
1263 2408 1347 2446 Res
1363 2407 1575 2446 humanae
1594 2403 1721 2456 paulo

126 2466 290 2513 1110111111,
322 2466 487 2517 opinor,
518 2465 742 2504 haberent.
790 2464 918 2504 Multi
947 2477 1015 2502 me
1043 2461 1263 2502 salutandi
1289 2461 1550 2511 videndique
1579 2458 1719 2510 gratia

169 2586 246 2625 627.
273 2581 538 2621 condemnatos]
561 2582 622 2613 See
646 2581 711 2622 Ep.
736 2590 816 2620 1324
839 2580 888 2611 in-
961 2589 1038 2611 mus
1053 2579 1162 2611 about
1178 2577 1248 2609 this
1263 2577 1371 2608 time:
1402 2586 1456 2607 500
1473 2585 1505 2615 p.
1526 2583 1601 2614 331.

129 2626 218 2657 trod.
286 2669 289 2670 .
1003 2624 1081 2661 644.
1107 2621 1252 2663 praeda]
1268 2620 1318 2651 Cf.
1339 2619 1403 2660 Ep.
1426 2627 1520 2657 1459.
1538 2626 1628 2663 54n4

170 2674 244 2711 033.
273 2668 391 2707 Breui]
408 2668 471 2710 Ep.
493 2677 585 2708 1324.
1003 2669 1077 2708 046.
1106 2675 1231 2696 munus
1249 2662 1373 2702 Vllum]
1390 2662 1439 2694 Cf.
1461 2662 1524 2702 Ep.
1548 2664 1641 2701 1326.
1659 2671 1690 2699 9.

170 2715 246 2754 638.
272 2710 447 2760 quidam]
479 2711 679 2759 Barbirius‘:
731 2710 773 2741 of.
821 2710 885 2750 Ep.
1003 2714 1078 2751 649.
1105 2705 1290 2762 Cantuar]
1316 2706 1376 2738 See
1402 2705 1467 2747 Ep.
1485 2702 1719 2745 255int1·od.;

128 2764 395 2840 &razzi-{ry
403 2753 796 2838 ῗῗῑῖιῖθὲἕῗᾷἒᾞωω
819 2762 890 2783 wa.
960 2752 1088 2837 ἃῌὲζὲῗ
1104 2752 1483 2834 ἓὲζοίἧῡέεέῗιξῖξγο.
1506 2793 1581 2822 ιε...

171 2848 246 2884 039.
272 2843 301 2873 15
325 2841 385 2882 qui
409 2840 638 2880 deforniarat]
656 2840 784 2871 chius
801 2851 808 2870 :
837 2839 891 2870 for
1003 2841 1077 2880 058.
1105 2836 1314 2879 Apostolicis
1331 2835 1454 2874 literis]
1465 2835 1514 2867 Cf.
1528 2835 1612 2866 Acts
1622 2843 1674 2875 23.
1691 2843 1720 2874 5,

130 2885 243 2918 whom
260 2896 314 2917 see
335 2886 399 2926 Ep.
422 2894 515 2925 1339.
961 2882 1063 2913 Rom.
1086 2891 1134 2921 13.
1157 2884 1230 2918 1—0,
1250 2889 1261 2911 1
1283 2880 1357 2911 Pet.
1375 2889 1404 2910 2.
1427 2881 1544 2917 18-19,
1560 2878 1672 2909 Tito.
1688 2888 1721 2916 9,

172 2933 249 2972 642.
275 2927 524 2967 sacerdot-ium]
537 2927 619 2959 This
636 2927 720 2958 oil'cr
733 2936 801 2957 was
818 2937 892 2968 per·
961 2936 990 2966 3.
1017 2935 1086 2956 1-2.

131 2971 218 3014 haps
248 2972 307 3004 the
338 2973 414 3004 first
443 2975 521 3013 step
551 2971 586 3002 in
617 2970 677 3001 thc
707 2970 890 3011 ‹lcception
1003 2973 1077 3010 003.
1105 2966 1291 3006 confluere]
1310 2966 1359 2998 Cf.
1382 2966 1446 3007 Ep.
1471 2974 1562 3006 1335.
1583 2970 1662 3006 0511.

131 3015 241 3048 which
267 3015 445 3048 Barbirius
471 3014 646 3058 practised
672 3024 765 3056 upon
791 3014 892 3046 Eras-
1003 3015 1078 3046 068.
1105 3010 1296 3049 salutandi]
1315 3010 1366 3042 Cf.
1386 3009 1419 3041 ll.
1439 3020 1578 3052 513-15.
