2012 3370
256 127 332 165 128
723 129 978 169 LETTERS
1010 128 1082 169 OF
1112 127 1378 168 ERASMUS
1727 129 1850 177 [1522

251 237 586 289 disputationem
623 239 871 288 conseripsit
906 238 1200 289 theologicam,
1237 238 1301 276 An
1339 238 1470 276 laicus
1505 237 1764 289 obligaretur
1799 236 1855 276 ad

252 293 488 331 orationem
515 293 719 331 vocalem.
771 291 931 331 Solitus
950 296 1017 331 031
1036 297 1080 331 01
1108 292 1153 330 111
1181 292 1529 332 scholasticorum
1558 291 1853 343 theologorum

191 356 232 389 75
252 346 369 385 libris
407 348 593 392 versari3
647 346 806 397 gaudet
843 351 887 385 et
923 347 966 385 in
1005 347 1212 385 conuiuiis
1249 346 1409 397 aliquid
1447 346 1499 385 de
1537 359 1580 385 re
1617 346 1855 397 theologica

253 401 466 440 disserere.
531 401 851 451 Nonnunquam
887 401 930 439 in
966 401 1148 439 multam
1182 405 1352 440 noctem
1388 400 1601 452 profertur
1637 401 1854 439 contentio

252 455 436 494 literata.
492 455 637 494 Habet
655 455 865 506 Reginam
886 455 1099 506 eleganter
1117 455 1303 494 doctam.
1358 455 1480 502 Quod
1501 456 1535 493 si
1555 467 1641 505 qua
1665 455 1708 493 in
1733 458 1856 505 parte

251 509 403 548 fuisset·
420 508 593 548 adiutus
611 510 655 547 in
673 523 722 548 eo
741 510 862 555 libro,
882 510 987 548 nihil
1005 514 1097 548 erat
1115 522 1222 560 opus
1240 510 1344 548 meis
1362 510 1541 556 auxiliis,
1562 522 1694 560 quum
1714 508 1856 547 aulam

253 563 412 602 habeat
439 563 734 602 eruditissimis
764 565 922 614 pariter
952 568 1083 615 atque
1112 564 1466 615 eloquentissimis
1496 564 1596 602 viris
1626 562 1855 602 differtam.

192 619 236 650 80
253 617 377 665 Quod
399 618 433 656 si
455 618 578 656 stilus
600 618 731 657 habet
752 618 913 669 aliquid
935 631 1021 657 non
1044 618 1273 657 abhorrens
1296 631 1321 656 a
1344 631 1450 664 meo,
1474 618 1578 656 nihil
1601 618 1754 656 mirum
1777 618 1858 656 erit

253 676 330 711 aut
357 685 531 719 nouum,
562 685 695 723 quum
724 672 792 711 ille
821 685 926 723 puer
955 672 1143 711 studiose
1172 672 1355 711 voluerit
1384 685 1498 711 meas
1526 672 1856 718 lucubrationes,

252 727 334 765 hue
359 732 620 777 prouocante
646 727 875 766 clarissimo
902 727 954 766 D.
982 727 1220 767 Guilhelmo
1246 727 1465 773 Montioio,
1493 726 1698 777 discipulo
1724 738 1856 777 quon-

253 781 352 819 dam
374 794 481 827 meo,
504 794 589 832 quo
610 785 704 820 tum
725 782 794 820 ille
815 781 950 820 sodali
971 781 1210 820 studiorum
1231 781 1448 820 Vtebatur.

307 835 425 874 Duos
459 835 635 874 Lutheri
668 836 830 875 libellos
863 836 918 874 ad
952 850 1018 875 me
1051 850 1152 875 sane
1185 836 1345 874 frustra
1378 835 1494 874 misit
1526 839 1603 874 tua
1636 834 1857 880 celsitudo,

192 890 233 932 85
252 889 401 928 rudem
425 891 514 929 eius
537 890 704 941 linguae
728 904 814 942 qua
836 891 983 941 scripti
1007 895 1120 929 sunt.
1175 890 1429 941 Quanquam
1454 891 1577 929 aiunt
1599 902 1670 928 eos
1693 889 1760 927 hie
1785 888 1858 927 diu

252 944 382 983 fuisse
401 944 656 983 circunlatos
685 950 917 996 antequam
938 958 1012 996 per
1030 949 1075 984 te
1103 945 1388 984 mitterentur.
1436 944 1541 982 Mihi
1558 943 1858 983 stultissimum

254 998 425 1037 videtur
457 1012 528 1038 eos
561 1012 793 1050 prouocare
825 1012 932 1050 quos
964 1012 1052 1037 non
1083 999 1218 1049 possis
1252 1000 1432 1037 vincere.
1497 998 1752 1048 Quanquam
1786 996 1858 1035 ad-

254 1066 423 1091 monere
447 1054 657 1104 principes
681 1058 725 1092 et
747 1054 967 1104 episcopos
990 1053 1115 1092 officii
1138 1054 1216 1099 sui,
1242 1053 1410 1103 quoties
1431 1052 1548 1091 loeus
1571 1052 1661 1102 ipse
1684 1051 1862 1102 praebet

253 1107 530 1153 occasionem,
549 1120 625 1146 nee
641 1108 791 1146 inutile
807 1108 864 1146 sit
878 1120 955 1146 nec
972 1107 1156 1146 alienum
1173 1107 1228 1146 ab
1244 1107 1447 1157 exemplis
1463 1106 1860 1157 probatissimorum

191 1170 238 1203 90
253 1162 523 1212 scriptorum.
573 1162 696 1200 Facit
716 1162 796 1201 hoc
816 1161 997 1201 subinde
1018 1161 1319 1212 Hieronymus,
1342 1160 1447 1200 facit
1468 1161 1796 1212 Chrysostomus
1816 1163 1861 1198 et

254 1215 510 1254 Bernardus.
567 1215 741 1278 Semper
766 1216 942 1255 fuerunt
968 1216 1154 1267 episcopi
1180 1220 1225 1255 et
1252 1228 1417 1267 semper
1443 1219 1581 1261 erunt,
1610 1219 1654 1254 et
1680 1214 1861 1254 fortasse

255 1274 356 1309 sunt
394 1270 532 1316 hodie,
573 1271 660 1322 qui,
697 1270 811 1310 dulei
854 1270 1029 1309 fortuna
1066 1270 1183 1317 ebrii,
1224 1283 1301 1309 1100
1338 1270 1625 1309 meminerunt
1662 1269 1767 1320 quid
1804 1269 1861 1308 sit

256 1324 503 1387 episcopum
533 1338 668 1376 agere.
720 1325 778 1364 Et
811 1325 927 1376 quod
955 1325 1000 1364 in
1032 1337 1182 1376 geneie
1211 1324 1380 1371 dicitur,
1411 1337 1499 1363 non
1526 1324 1656 1363 debet
1684 1323 1794 1362 verti
1816 1324 1860 1362 in

257 1379 509 1430 cuiusquam
538 1379 854 1426 contumeliam,
885 1379 1012 1418 modo
1041 1393 1094 1418 ne
1122 1379 1166 1418 id
1195 1378 1272 1418 fiat
1300 1355 1498 1418 seditiose
1528 1382 1604 1417 aut
1633 1378 1858 1423 atrociter;

195 1441 237 1475 95
257 1446 506 1484 Semperque
551 1433 730 1473 dulcedo
775 1434 1039 1474 Christianae
1084 1434 1305 1472 charitatis
1351 1433 1519 1484 mitiget
1556 1432 1860 1472 admonitionis

258 1488 568 1527 austeritatem.
637 1488 736 1527 Non
773 1492 839 1527 est
876 1487 1108 1527 minuenda
1144 1487 1396 1539 pontificum
1436 1487 1659 1533 autoritas,
1698 1486 1772 1525 sed
1810 1499 1861 1525 ea

258 1542 494 1581 benefactis
512 1542 674 1593 optime
694 1546 738 1582 et
757 1547 936 1594 paratur
954 1546 998 1581 et
1016 1547 1226 1581 seruatur.
1283 1542 1442 1581 Totum
1468 1542 1547 1580 hoe
1578 1541 1752 1587 malum,
1784 1545 1861 1579 aut

259 1600 372 1636 certe
402 1609 558 1648 magna
585 1610 638 1636 ex
667 1601 803 1648 parte,
834 1597 1024 1636 nascitur
1052 1609 1104 1636 ex
1133 1597 1270 1642 nobis,
1301 1596 1375 1647 qui
1404 1609 1537 1647 quum
1566 1599 1661 1635 toto
1689 1599 1862 1647 pectore

259 1650 468 1690 mundum
495 1651 818 1702 amplectamur,
846 1655 993 1690 tamen
1014 1650 1170 1690 Christi
1189 1650 1340 1689 titulos
1360 1650 1662 1701 praeteximus.

181 1713 243 1737 100
258 1705 359 1744 mali
378 1705 540 1744 radices
561 1707 595 1744 si
615 1710 949 1756 amputaremus,
970 1705 1155 1744 mundus
1174 1706 1279 1744 totis
1299 1704 1451 1744 studiis
1472 1709 1522 1744 vt
1540 1708 1684 1756 patres
1704 1703 1862 1755 ample-

514 1759 640 1799 Nunc
661 1765 710 1799 vt
731 1765 938 1811 tyrannos
960 1760 1052 1799 odit
1073 1764 1117 1799 et
1137 1759 1390 1799 recalcitrat.

259 1764 457 1799 cteretur.

1721 1649 1861 1688 Huius

314 1815 603 1869 Expectamus
625 1828 710 1865 quo
729 1818 856 1854 vocet
870 1815 937 1853 hic
958 1827 1096 1853 nouus
1117 1813 1331 1853 Pontifex.
1384 1813 1426 1852 Is
1449 1813 1648 1852 ostendet
1668 1812 1861 1852 fortassis

257 1869 372 1907 viam
394 1869 580 1920 aliquam
602 1868 777 1908 finiendi
796 1869 920 1908 huius
942 1869 1056 1915 mali,
1079 1869 1194 1920 quod
1214 1868 1301 1907 late
1321 1872 1390 1907 tot
1409 1869 1598 1919 regiones
1619 1867 1862 1918 occupauit,

257 1936 305 1962 ae
336 1923 613 1974 plurimorum
643 1924 794 1962 animis
823 1924 994 1974 penitus
1022 1923 1201 1962 infixum
1231 1927 1308 1962 est.

303 2020 357 2052 74.
385 2011 514 2043 Solitus
535 2014 588 2042 est
606 2014 681 2051 post
701 2010 865 2042 disserere
887 2010 1076 2051 transponit
1097 2011 1132 2042 H

728 2054 782 2086 80.
808 2055 875 2086 erit
896 2055 971 2086 aad.
996 2057 1042 2087 βε
1078 2065 1141 2086 om.
1165 2054 1243 2086 αΗ.

258 2102 317 2130 tan
341 2098 378 2129 in
401 2097 516 2130 animo
540 2098 690 2129 habuerit
714 2098 780 2130 erit
803 2099 929 2130 delere:
968 2108 1007 2129 ac
1031 2110 1073 2130 a:
1100 2108 1163 2130 om.
1187 2099 1233 2131 B'.

713 2141 766 2173 82.
794 2141 836 2172 D.
862 2144 904 2175 βε
929 2140 1126 2173 dominon:
1163 2141 1239 2173 viro
1260 2141 1306 2173 H.
1355 2140 1596 2173 Guillelmoa:
1620 2140 1793 2173 Gulielmo
1810 2140 1855 2171 N.

912 2185 966 2226 87.
992 2185 1179 2216 admonere
1201 2208 1209 2216 .
1234 2207 1242 2217 .
1267 2208 1275 2217 .

855 2228 908 2259 88.
937 2228 1039 2259 officii
1056 2229 1130 2260 add.
1154 2232 1187 2260 β.

906 2295 914 2304 .
938 2297 944 2303 .
968 2279 1043 2303 100.
1070 2274 1333 2313 amputaremus
1350 2284 1369 2301 α
1387 2271 1516 2312 (Huius
1533 2283 1576 2303 αε
1608 2271 1683 2303 Has
1700 2273 1760 2311 B)·
1753 2295 1761 2302 .

259 2063 312 2095 79.
339 2058 446 2096 atque
468 2067 511 2086 a:
548 2065 587 2086 ac
611 2055 656 2086 H.

258 2144 300 2175 βε
326 2141 602 2173 lucrabrationes
621 2153 651 2173 α.

259 2185 313 2223 83.
340 2185 537 2217 studiorum
570 2184 645 2215 add.
678 2185 724 2216 H.

258 2229 417 2270 princeps
439 2232 476 2260 et
496 2228 678 2270 episcopus
701 2230 746 2261 βῙ.

256 2273 424 2313 cuiusque
443 2284 473 2304 a.
647 2280 703 2309 99.
729 2271 884 2304 Christi.

1367 1922 1458 1974 Ego
1487 1926 1699 1973 quantum
1728 1926 1860 1968 aetas,

1315 2009 1369 2051 76.
1395 2009 1560 2041 disserere
1580 2011 1622 2044 βε
1657 2019 1806 2041 asserere
1828 2021 1858 2042 α.

1338 2053 1393 2084 81.
1418 2057 1483 2085 aut
1506 2054 1581 2086 add.
1607 2055 1654 2090 5².
1679 2053 1737 2095 qui
1756 2051 1857 2094 forsi-

1393 2101 1438 2130 βε
1475 2097 1626 2130 voluerit
1647 2097 1801 2128 studiose
1826 2109 1845 2126 a

1648 2184 1859 2217 admonetur

1732 2236 1787 2266 94·
1813 2230 1856 2261 Β·

1792 2271 1857 2302 sub

1300 2184 1480 2226 episcopos
1517 2186 1597 2219 al3²2

1294 2228 1347 2259 sui
1365 2230 1446 2262 affl:
1480 2238 1558 2260 sum
1578 2230 1623 2263 [3¹.

257 2315 384 2347 Christi
405 2315 512 2347 titulo
527 2315 751 2357 tyrannidem
774 2315 935 2356 gerimus.
979 2315 1080 2354 Quod
1103 2316 1132 2347 si
1155 2325 1234 2346 vere
1258 2314 1322 2346 hoc
1340 2325 1492 2346 essemus
1515 2315 1611 2365 quod
1634 2314 1744 2346 videri
1760 2313 1857 2346 volu-

259 2370 335 2390 mus
354 2360 398 2391 H
505 2367 580 2390 100.
606 2361 652 2392 βε
683 2358 954 2401 amplectaretur
971 2371 1000 2389 α

304 2455 323 2486 7
329 2453 358 2484 3.
385 2442 676 2486 disputationem]
719 2443 780 2476 See
829 2443 894 2484 Ep.
944 2444 1020 2484 964.

261 2498 371 2528 12311:
400 2488 549 2529 perhaps
565 2487 606 2519 ef.
626 2487 690 2528 Ep.
707 2497 782 2527 937.
801 2496 875 2527 2—3.

304 2541 357 2573 77.
385 2531 571 2572 Reginam]
588 2531 636 2563 Cf.
656 2531 720 2572 Ep.
743 2532 835 2562 1028.
852 2541 908 2570 411.

306 2576 358 2616 78.
385 2573 517 2612 aulam]
534 2575 583 2607 Cf.
603 2575 667 2616 Ep.
685 2583 760 2612 999.
778 2583 878 2605 22111.

305 2619 356 2651 82.
381 2618 567 2657 Montioio]
585 2618 644 2650 See
663 2618 728 2658 Ep.
747 2628 789 2659 79
804 2616 932 2649 int-rod.

306 2662 359 2700 84.
388 2661 532 2693 Lutheri
544 2660 692 2699 libellos]
709 2661 781 2692 One
797 2670 866 2692 was
877 2660 1026 2702 perhaps

260 2705 420 2737 Luther's
457 2705 617 2737 Antwortt
658 2703 791 2736 (leutsch
808 2716 816 2736 ε
868 2713 923 2735 300
959 2704 1024 2746 Ep.

263 2758 274 2780 1
302 2750 356 2780 08.
398 2759 430 2780 n.

282 2759 324 2822 38
333 2799 359 2831 5.
375 2759 508 2823 9rudem
518 2791 591 2823 eius
605 2789 758 2832 linguae]
774 2790 823 2823 Cf.
843 2790 908 2831 Ep.
930 2800 1023 2830 1342.

261 2842 378 2874 754-5.
405 2835 452 2866 As
466 2835 531 2876 Ep.
549 2844 632 2875 1340
644 2835 768 2871 shOWS,
782 2834 883 2865 Duke
894 2834 1025 2875 George

260 2888 330 2909 was
355 2881 419 2909 not
444 2878 607 2909 deceived
633 2877 680 2919 by
707 2878 776 2909 this
802 2880 1026 2918 transparent

263 2920 489 2952 affecta-tion:
532 2921 644 2952 which
674 2921 702 2952 is
734 2921 899 2962 repeated
930 2930 1025 2952 more

262 2964 449 3005 positively
463 2964 499 2995 in
512 2964 577 3005 Ep.
599 2974 691 3004 1499.
714 2974 764 2995 11.
798 2963 972 3005 Similarly
988 2964 1024 2995 in

267 3008 320 3040 his
344 3008 524 3039 interview
551 3007 637 3039 with
668 3007 769 3039 Duke
797 3007 956 3039 Frederic
986 3010 1026 3038 at

1142 2366 1217 2397 104.
1244 2358 1369 2390 animis
1388 2360 1443 2391 <1²2
1478 2359 1553 2390 anis
1573 2361 1614 2390 αἱ.

1092 2442 1242 2484 Cologne
1259 2443 1339 2485 (Ep.
1359 2452 1439 2485 1155
1454 2442 1598 2484 introd.)
1612 2443 1778 2475 Erasmus
1791 2442 1862 2474 had

1095 2486 1251 2518 deelined
1278 2490 1316 2518 to
1342 2487 1417 2518 talk
1441 2487 1478 2519 in
1504 2497 1574 2529 any
1600 2486 1769 2528 language
1796 2486 1862 2518 but

1095 2530 1212 2567 Latin,
1236 2530 1370 2571 though
1394 2531 1423 2562 it
1448 2540 1517 2562 was
1543 2530 1688 2562 obvious
1714 2530 1794 2561 that
1818 2529 1861 2561 he

1094 2577 1188 2605 must
1204 2573 1307 2605 know
1322 2574 1375 2606 his
1392 2584 1469 2606 own
1487 2572 1494 2586 ‘
1511 2573 1649 2615 Belgica
1663 2574 1670 2586 ³
1689 2586 1697 2611 ;
1727 2584 1766 2605 30
1782 2572 1862 2604 that

1095 2617 1296 2658 Spalatinus
1322 2617 1392 2649 had
1419 2621 1456 2649 to
1481 2622 1540 2649 act
1566 2627 1603 2649 as
1629 2618 1859 2658 interpreter:

1093 2671 1149 2692 see
1162 2660 1385 2699 Seckendorf‚
1399 2660 1524 2693 Gomon.
1542 2661 1580 2693 de
1593 2659 1860 2697 Lutkeranismo,

1097 2705 1193 2742 1692,
1219 2705 1241 2736 i.
1274 2713 1344 2745 125.
1396 2704 1438 2736 In
1468 2713 1550 2746 1533
1578 2704 1614 2736 C.
1643 2704 1752 2735 Harst
1778 2703 1859 2744 (Ep.

1097 2749 1207 2788 1215),
1233 2747 1332 2779 when
1356 2747 1511 2789 showing
1535 2748 1607 2779 him
1631 2750 1670 2778 at
1693 2746 1860 2788 Freiburg

1094 2791 1154 2822 the
1175 2801 1251 2822 new
1271 2791 1515 2823 ecclesiastical
1536 2791 1721 2823 ordinanee
1743 2789 1778 2821 of
1799 2789 1859 2821 the

1093 2833 1194 2866 Duke
1235 2833 1270 2866 of
1310 2834 1439 2873 Cleves,
1481 2833 1674 2866 translated
1712 2833 1743 2864 it
1780 2833 1857 2864 into

1092 2877 1209 2915 Latin,
1233 2875 1241 2889 ‘
1255 2887 1338 2909 nam
1359 2879 1432 2919 ipse
1454 2878 1490 2909 in
1511 2877 1629 2918 lingua
1651 2876 1858 2908 Germanica

1091 2931 1162 2952 non
1187 2924 1264 2952 erat
1288 2921 1376 2952 adeo
1400 2921 1573 2962 perfectus
1588 2920 1621 2951 ’τ
1661 2929 1716 2951 300
1744 2919 1783 2952 Ο.
1810 2919 1854 2951 R.

1092 2963 1252 3001 Redlich,
1304 2962 1640 3004 Jiilich—Berqz'sche
1693 2962 1856 2996 Kirchen-

1090 3007 1224 3048 politik,
1238 3008 1263 3039 i.
1286 3016 1379 3049 1907,
1398 3017 1431 3049 p.
1450 3008 1525 3049 278.
