2033 3395
134 162 257 212 1260]
604 160 764 199 FROM
791 160 969 199 11ΑοοΒ
999 159 1249 198 ZIEGLER
1669 158 1722 198 23

130 270 205 322 qui
236 270 538 322 deprehensam
569 269 808 319 nequiciam
839 268 895 307 ad
924 268 1064 307 locum
1097 272 1305 319 oportune
1337 267 1601 306 subnotauit.
1659 267 1726 306 Ab

130 324 210 363 hoc
229 324 386 364 affectu
404 324 607 363 foeliciter
625 323 685 361 illi
703 326 954 369 occurrerat,
975 323 1050 374 qui
1068 335 1219 361 nasum
1238 326 1362 361 tuum
1382 334 1511 361 coeno
1531 322 1728 372 quamuis

130 377 254 417 foedo
292 378 408 417 vltus
443 381 566 417 esset.
624 377 877 416 Referebam
914 390 1012 428 ergo
1049 377 1174 415 huius
1211 389 1389 415 coronae
1426 375 1648 414 fastidium
1685 379 1729 414 et

130 433 299 471 stabam
317 433 463 483 iniquo
481 431 586 470 loco.
644 431 805 470 Tamen
824 444 874 470 ea
891 431 1002 470 inter
1020 444 1097 470 nos
1116 444 1220 482 pace
1239 430 1368 477 dicta,
1388 434 1439 469 vt
1457 430 1532 481 qui
1551 429 1730 469 ciuiliter

131 490 356 537 accoeptus
378 499 524 532 essem,
548 485 854 525 discoessimus.

183 539 413 579 Perduellis
452 540 624 591 quidem
662 543 764 578 tuus
802 539 858 578 ad
895 552 1050 578 munus
1089 552 1212 578 suum
1234 553 1241 584 3
1287 551 1387 578 nam
1424 538 1470 577 in
1507 537 1729 589 Sapiencia

130 594 327 634 Romana
346 594 558 645 stipendio
579 598 778 633 oneratus
800 594 1043 644 Oppianum
1063 593 1303 632 enarrabat.
1362 592 1489 631 Hunc
1511 596 1728 631 auctorem

129 648 318 688 habebat
345 662 479 687 vnum
507 649 697 687 omnium
727 649 1036 699 grauissimum,
1067 661 1093 686 a
1121 661 1206 698 quo
1236 660 1334 686 suas
1363 660 1463 698 opes
1493 649 1730 686 ostentaret

130 702 293 742 Romae
317 707 361 742 et
385 703 563 754 piscario
587 702 679 741 1010
704 702 988 741 indicaturam
1012 701 1183 747 faceret,
1210 701 1337 740 homo
1363 702 1437 752 qui
1460 714 1546 739 non
1572 713 1731 751 paucos

129 770 262 795 annos
290 757 334 795 in
363 757 520 796 sanctis
549 757 776 807 Scripturis
804 756 967 795 Veteris
996 769 1044 795 ac
1073 756 1186 794 Noui
1214 756 1478 795 Testamenti
1506 755 1729 801 Hebraice,

130 810 286 850 Graece
320 815 364 850 et
398 811 548 850 Latine
582 810 843 862 perlegendis
877 811 1198 861 consumpserit,
1234 814 1278 849 et
1312 810 1398 860 qui,
1434 810 1469 848 si
1502 809 1729 860 quisquam

129 865 248 912 alius,
271 869 315 904 et
341 866 430 916 ipse
456 866 521 904 his
549 865 600 904 de
627 865 753 904 rebus
779 878 855 904 suo
883 865 1071 916 quodam
1098 865 1187 904 iure
1214 864 1418 902 iudicium
1446 863 1553 903 10110
1580 863 1728 915 possit.

130 919 220 971 Ego
241 924 385 958 autem
406 919 581 958 domum
602 932 753 965 meam,
776 920 987 958 minarum
1007 919 1184 970 plaenus
1204 923 1247 957 et
1266 919 1351 957 iam
1372 917 1470 957 inde
1491 918 1731 968 concipiens

129 974 271 1012 animo
292 973 432 1013 locum
454 977 713 1025 oportunum
735 987 820 1024 quo
842 973 1180 1013 maliuolenciam
1203 973 1385 1012 hominis
1405 971 1730 1011 intollerabilem

130 1028 280 1067 merito
305 1028 540 1079 exciperem
564 1028 674 1067 stilo.
733 1028 786 1066 Id
809 1028 1001 1067 facturus
1025 1041 1139 1066 eram
1165 1041 1190 1066 a
1214 1027 1387 1078 prologo
1410 1027 1455 1065 in
1478 1030 1729 1078 perpetuam

129 1082 457 1133 Euangeliorum
482 1086 667 1134 quatuor
691 1082 927 1129 historiam,
954 1095 1083 1133 quam
1102 1081 1297 1120 Aurelius
1316 1082 1580 1133 Augustinus
1604 1093 1730 1131 opere

130 1136 181 1175 de
204 1149 409 1176 consensu
432 1136 802 1188 Euangelistarum
825 1137 1014 1176 ostendit
1035 1136 1175 1182 modo,
1200 1136 1273 1175 sed
1295 1149 1381 1174 non
1403 1135 1604 1187 prestitit.

184 1191 298 1229 Dum
317 1204 393 1242 ego
411 1191 455 1229 in
474 1191 552 1230 hoc
572 1191 743 1230 consilio
762 1204 909 1238 essem,
929 1191 1204 1230 conuenimus
1222 1203 1365 1229 rursus
1384 1203 1526 1229 mense
1544 1189 1729 1228 Nouem-

132 1244 206 1291 bri,
230 1245 509 1296 interfuitque
531 1258 709 1284 coronae
732 1245 889 1283 Paulus
911 1249 1054 1284 noster
1076 1245 1343 1283 Bombasius.
1402 1244 1483 1283 Hic
1505 1243 1731 1295 perduellis

128 1299 208 1338 iste
239 1303 340 1338 tuus
370 1299 554 1338 secundo
586 1299 789 1350 produxit
818 1300 863 1337 in
893 1299 1097 1345 fabulam,
1130 1303 1317 1338 veterem
1349 1311 1470 1337 suam
1500 1311 1588 1337 non
1617 1310 1731 1336 nunc

129 1353 453 1404 praefacionem,
476 1353 550 1392 sed
568 1353 729 1392 iustum
751 1366 857 1404 opus
878 1353 933 1391 ad
954 1366 1122 1392 omnem
1144 1353 1488 1392 maledicenciam
1509 1356 1553 1391 et
1573 1352 1729 1391 calum-

129 1407 244 1446 niam
268 1407 423 1447 heresis
446 1411 707 1454 accuratum,
732 1412 782 1446 vt
804 1412 853 1446 tu
874 1412 1023 1446 auctor
1038 1420 1149 1446 vnus
1164 1407 1346 1446 credaris
1369 1407 1507 1445 omnis
1529 1406 1731 1457 perfidiae

129 1474 238 1513 quae
257 1462 335 1501 sub
355 1461 470 1501 coelo
488 1466 533 1501 et
549 1462 594 1500 in
611 1462 790 1500 Tartaro
809 1462 1069 1501 comminisci
1088 1475 1114 1499 a
1131 1461 1362 1512 deploratis
1381 1460 1595 1500 mentibus
1614 1464 1658 1500 et
1676 1460 1731 1499 ab

129 1516 246 1555 omni
268 1517 430 1567 pietate
453 1515 629 1555 desertis
653 1529 843 1567 vnquam
866 1516 1022 1567 potuit.
1081 1516 1174 1555 Hoc
1199 1515 1367 1567 legebat
1389 1515 1433 1554 in
1458 1528 1626 1561 corona,
1652 1514 1731 1554 hoc

129 1570 256 1621 paulo
275 1575 375 1610 ante
395 1570 526 1610 Leoni
543 1570 706 1610 decimo
727 1574 985 1622 porrexerat,
1004 1570 1316 1621 induxeratque
1345 1570 1536 1608 homines
1555 1572 1605 1608 vt
1622 1568 1732 1608 male

130 1624 182 1664 de
218 1628 262 1664 te
297 1625 531 1676 inciperent
567 1625 783 1686 suspicari.
841 1625 1000 1663 Paulus
1035 1624 1290 1663 Bombasius
1326 1628 1508 1675 vtroque
1544 1623 1650 1670 loco,
1687 1624 1732 1662 in

130 1692 285 1718 corona
321 1692 398 1718 sua
434 1680 676 1730 praesencia
713 1678 829 1731 apud
865 1683 1108 1731 patronum,
1148 1679 1264 1730 apud
1301 1678 1484 1718 Leonem
1522 1678 1733 1718 meditata

129 1733 337 1795 apologia,
373 1734 690 1774 maliuolenciae
725 1733 975 1781 obsistebat,
1011 1738 1055 1772 te
1089 1738 1134 1773 et
1168 1734 1374 1785 pietatem
1409 1737 1531 1771 tuam
1566 1732 1729 1784 magnis

129 1788 281 1826 animis
301 1785 528 1827 asserebat.
586 1788 776 1827 Tamen
765 1801 810 1827 111
830 1788 1008 1840 procliui
1027 1792 1119 1827 erat
1138 1792 1188 1827 vt
1208 1801 1305 1839 pars
1326 1787 1509 1827 deterior
1528 1788 1730 1834 vinceret,

129 1842 210 1881 nisi
231 1842 302 1881 isti
324 1842 642 1882 maliuolenciae
665 1842 748 1882 Leo
772 1842 1057 1882 decoessisset.

183 1896 309 1935 Nosti
346 1896 484 1936 adhuc
522 1897 627 1948 quid
663 1911 715 1936 ex
752 1901 796 1936 te
833 1897 1058 1936 voluerint.
1117 1896 1469 1947 Experimentum
1507 1895 1587 1934 hoc
1624 1898 1729 1934 erat.

130 1950 406 1990 Praesensisti
440 1955 485 1991 et
518 1954 597 1998 tu;
649 1955 780 2002 atque
815 1951 905 1989 vidi
940 1964 965 1990 a
990 1950 1144 1990 litteris
1172 1951 1258 1989 tuis
1286 1951 1482 1989 timorem
1511 1950 1655 1996 istum,
1686 1953 1731 1988 et

130 2009 282 2056 putare
311 2009 355 2044 te
383 2019 459 2045 nec
488 2018 611 2056 posse
630 2005 764 2056 legere
793 2004 1002 2056 quosdam
1038 2005 1154 2056 prius
1188 2018 1319 2056 quam
1339 2004 1586 2055 Apostolica
1605 2004 1731 2043 venia

131 2058 385 2099 admittaris.
443 2059 542 2099 Vidi
570 2059 799 2099 triennium
829 2059 945 2098 istud
974 2063 1183 2110 tanquam
1212 2059 1404 2098 inducias
1433 2058 1605 2110 gerendi
1634 2057 1730 2096 belli

130 2113 410 2164 postulatum.
468 2113 559 2152 Risi
575 2114 733 2153 tacitus
749 2127 928 2160 mecum,
947 2118 990 2153 et
1006 2113 1144 2153 dicere
1158 2113 1245 2153 1010
1261 2118 1403 2152 tecum
1420 2113 1524 2151 mihi
1540 2111 1730 2159 videbar,

132 2168 141 2182 ‘
159 2167 298 2207 Multa
317 2167 428 2207 inter
447 2167 615 2207 labrum
635 2172 680 2208 et
700 2168 901 2220 poculum
914 2167 939 2207 ².

186 2221 419 2268 Hactenus
443 2221 576 2262 donec
597 2223 750 2274 putaui
771 2222 1028 2274 perduellem
1050 2226 1175 2261 tuum
1197 2222 1381 2273 aliquem
1403 2234 1493 2261 esse
1513 2221 1557 2260 in
1579 2221 1731 2260 litteris

131 2279 177 2315 et
201 2277 461 2316 consciencia
487 2277 727 2316 Christiana
752 2290 969 2329 magnum,
996 2277 1100 2316 haec
1126 2290 1194 2316 me
1220 2277 1493 2316 vehementer
1519 2275 1730 2321 vrebant;

132 2334 263 2382 atque
290 2331 566 2382 impaciencia
592 2336 727 2379 actus,
753 2332 878 2371 remis
905 2336 950 2371 et
975 2331 1080 2371 velis
1104 2331 1149 2370 in
1175 2335 1275 2370 tuae
1302 2344 1454 2370 causae
1479 2329 1731 2381 Apologiam

131 2385 397 2424 scribendam
427 2386 721 2437 properabam.
779 2386 862 2426 Sed
892 2399 989 2426 cum
1019 2386 1295 2437 sequentibus
1325 2385 1473 2424 diebus
1504 2384 1731 2435 aliquocies

132 2440 464 2501 conueniremuS,
495 2444 540 2479 et
568 2441 603 2479 is
633 2454 676 2480 se
706 2441 839 2492 magis
868 2441 912 2479 in
941 2440 1029 2480 dies
1060 2441 1254 2491 aperiret,
1285 2440 1448 2479 laeuius
1477 2439 1595 2490 coepi
1624 2437 1731 2477 10110
1751 2451 1766 2464 0

133 2493 341 2532 insaniam
359 2494 553 2542 hominis,
575 2495 808 2534 arbitratus
830 2495 987 2534 malam
1005 2495 1197 2534 fabulam
1218 2494 1478 2545 min1[m]um
1499 2493 1730 2544 pessimum

183 2588 256 2620 171.
283 2561 498 2622 Oppianum]
520 2580 551 2612 A
574 2580 748 2612 favourite
771 2579 899 2612 author
967 2590 1039 2612 was
1060 2579 1258 2621 completed
1278 2579 1326 2620 by
1347 2579 1430 2610 Dec.
1457 2578 1514 2617 (01.
1541 2577 1606 2618 Ep.
1636 2587 1727 2618 1330.

133 2623 219 2656 with
249 2624 415 2657 Stunica:
457 2634 514 2655 sce
545 2623 598 2655 his
627 2623 753 2655 Anrwt.
784 2627 898 2656 contra
969 2626 1039 2664 3n)‚
1068 2623 1138 2654 and
1164 2633 1234 2654 was
1262 2589 1413 2664 priyntcd,
1440 2621 1620 2662 evidently
1646 2620 1730 2652 with

136 2667 330 2707 Erasmum,
359 2676 455 2708 1520,
480 2668 509 2698 10
514 2691 520 2697 .
551 2668 597 2699 F·
620 2672 661 2698 v0
691 2668 720 2706 (1
749 2667 824 2699 Cor.
849 2669 896 2707 4).
967 2666 1144 2698 Erasmus
1163 2666 1371 2704 001131111,111
1390 2664 1529 2696 eombin
1532 2665 1630 2696 ation
1646 2664 1731 2696 with

133 2710 244 2742 There
258 2721 346 2743 were
361 2714 478 2743 recent
490 2710 641 2742 editions
653 2710 689 2742 in
700 2709 761 2742 the
773 2710 898 2749 Greek,
965 2710 1025 2741 the
1042 2711 1117 2741 first
1133 2710 1265 2741 edition
1281 2690 1319 2740 of,
1334 2710 1361 2740 C
1362 2712 1406 2740 at.
1425 2708 1503 2740 Luc.
1546 2709 1601 2747 (1),
1617 2707 1730 2744 Basle

136 2753 184 2794 by
205 2754 266 2786 the
289 2754 420 2787 Juntas
441 2754 528 2795 July
554 2762 649 2795 1515,
673 2753 743 2785 and
767 2753 816 2795 by
838 2753 899 2785 the
966 2754 1116 2792 Froben,
1150 2753 1248 2794 April
1285 2761 1341 2793 152
1347 2762 1390 2791 3:
1438 2752 1482 2783 its
1516 2751 1595 2783 title
1629 2751 1731 2792 being

136 2797 260 2829 Aldine
274 2797 350 2829 firm
364 2798 448 2829 Deo.
468 2806 560 2838 1517.
970 2796 1114 2828 Libellus
1131 2764 1245 2828 Iacpobi
1263 2795 1405 2835 Zuqlcri
1423 2795 1581 2827 Lamiani
1600 2794 1731 2826 Bauari

183 2841 256 2873 180.
281 2840 568 2883 Euangeliorum]
583 2840 633 2873 01.
647 2839 683 2871 ll.
695 2850 815 2883 271-2,
827 2839 898 2872 and
967 2840 1130 2872 adamus
1146 2839 1259 2871 lacobi
1276 2839 1435 2871 Stamene
1451 2838 1731 2876 maledicentiffim

137 2893 194 2916 see
210 2884 275 2926 Ep.
301 2894 394 2925 1330.
417 2892 471 2923 3n.
967 2894 1028 2923 pro
1054 2882 1244 2915 Germania.
1294 2882 1396 2915 After
1420 2892 1467 2913 an
1492 2862 1731 2913 introductioxi

185 2927 257 2968 187.
283 2927 488 2969 deploratis]
505 2927 555 2960 01.
574 2927 639 2968 Ep.
657 2937 734 2967 994.
753 2936 830 2958 21η.
968 2927 1077 2958 about
1103 2926 1261 2968 Ziegler's
1288 2925 1466 2968 projectcd
1492 2926 1669 2957 narrative
1696 2925 1732 2955 of

185 2970 258 3009 196.
283 2971 409 3003 litteris
419 2971 505 3011 tuis]
515 2971 562 3003 Cf.
574 2970 639 3012 Ep.
652 2971 745 3011 1236.
760 2978 896 3009 113—17.
968 2970 1027 3002 the
1044 2970 1190 3011 Gospcls
1208 2969 1299 3009 (01.1.
1316 2972 1403 3009 180),
1420 2970 1447 3001 it
1459 2969 1607 3001 consists
1624 2969 1659 2999 of
1675 2978 1729 2998 ox-

186 3015 260 3052 198.
286 3015 490 3055 triennium]
506 3014 557 3047 01.
578 3014 642 3055 Ep.
665 3015 757 3055 1236.
781 3022 895 3053 121—3.
967 3017 1076 3045 traete
1100 3014 1188 3045 from
1214 3013 1387 3046 Stunica's
1411 3013 1536 3044 Annos.
1567 3012 1599 3043 in
1631 3012 1728 3042 Erus-

182 3064 258 3097 203.
284 3057 506 3100 Apologiam]
528 3058 590 3091 See
612 3057 650 3090 ll.
671 3059 732 3097 265
756 3067 828 3099 seq.
863 3057 900 3089 It
968 3068 1072 3097 mum,
1092 3066 1175 3098 1520
1197 3056 1356 3089 followed
1374 3055 1514 3097 bylong
1529 3054 1729 3096 rojoinders.

1748 272 1804 310 165

1751 549 1812 581 170

1752 1085 1815 1115 180

1753 1355 1808 1395 185

1754 1635 1816 1667 190

1754 1905 1810 1939 195

1749 2178 1817 2202 200
