2012 3370
241 147 321 185 490
717 146 970 184 LETTERs
1003 146 1073 185 OF
1104 146 1367 185 ERAsMUs
1719 147 1843 195 [1524

242 267 343 301 esse,
368 268 454 306 qua
477 254 609 293 solam
633 254 787 293 Christi
811 253 986 304 gloriam
1010 255 1189 305 quaeris,
1215 255 1318 294 nihil
1341 261 1487 294 tamen
1510 255 1719 294 addubito
1742 255 1845 306 quin

241 309 384 348 animo
411 313 487 348 tuo
513 307 821 347 submolestum
849 308 917 354 sit,
946 308 1060 359 quod
1088 321 1213 347 caeca
1237 309 1405 349 illorum
1432 310 1668 360 peruicacia
1694 309 1772 347 fiat
1798 312 1848 347 vt

243 376 265 401 e
287 363 399 402 bona
421 367 608 401 semente
625 375 803 401 messem
826 366 961 400 metas
983 366 1075 401 tam
1096 364 1300 414 iniquam.
1352 364 1463 402 Nam
1487 368 1644 402 sortem
1662 363 1845 408 illorum,

244 422 311 456 sat
343 418 427 455 scio
461 422 516 461 te,
551 429 637 468 qua
669 429 713 455 es
744 417 1005 467 integritate,
1038 429 1124 456 non
1157 430 1278 468 posse
1310 431 1396 457 non
1428 417 1597 463 dolere;
1647 422 1691 456 et
1722 417 1848 469 plane

181 488 224 513 00
245 470 470 510 miserandi
502 471 645 521 potius
675 475 777 509 sunt
807 469 923 521 quod
954 483 1031 510 sua
1061 471 1140 510 sibi
1173 472 1336 511 malitia
1367 476 1556 523 pereant,
1589 484 1719 522 quam
1750 470 1849 510 odio

244 524 526 576 prosequendi
571 524 686 576 quod
730 526 972 576 ignorantia
1017 525 1117 564 boni
1162 525 1238 564 fiat
1285 532 1333 565 vt
1380 526 1629 565 beneficium
1674 526 1848 564 minime

244 584 489 630 agnoscant.
549 578 630 618 Hic
658 583 805 618 tamen
833 583 876 617 te
905 579 1161 625 consolatur,
1192 580 1307 631 quod
1343 580 1499 631 vbique
1533 580 1724 631 gentium
1757 583 1849 617 tam

246 632 382 678 multi,
421 637 552 683 atque
588 633 618 671 ii
654 633 831 671 sanioris
868 632 953 671 fere
990 633 1148 680 iudicii,
1189 634 1414 673 Erasmum
1451 639 1496 673 et
1532 634 1770 684 suspiciunt
1805 635 1850 670 et

244 686 556 732 exosculantur,
579 686 795 737 literisque
817 688 903 725 suis
923 701 975 725 ex
997 689 1111 726 omni
1133 692 1341 726 terrarum
1363 693 1485 739 parte
1506 689 1665 739 gratias
1686 690 1821 738 agunt
1840 697 1850 731 ;

182 758 222 789 95
245 740 300 779 ad
330 740 445 791 quod
475 753 575 779 sane
606 743 842 791 praemium
868 745 913 780 τὰ
941 745 1126 794 ἀχάριστα
1153 746 1345 793 θρέμματα
1372 744 1406 781 si
1433 742 1638 788 conferas,
1668 754 1720 780 nc
1749 744 1850 779 sunt

245 795 440 846 quidem:
472 800 522 835 Vt
546 796 755 834 malorum
784 796 994 834 rationem
1019 796 1173 835 habere
1201 809 1413 847 nusquam
1442 797 1655 840 conuenit,
1681 795 1851 834 etiamsi

245 862 422 888 numero
444 850 612 889 vincere
634 850 874 889 videantur.
928 850 1064 888 Pluris
1087 851 1199 888 enim
1222 856 1384 889 rectum
1410 851 1476 889 vel
1501 851 1624 889 vnius
1650 850 1748 888 boni
1772 848 1851 887 viri

245 903 493 955 suffragium
517 904 688 943 fecerim
712 917 843 955 quam
866 904 1157 954 improborum
1183 904 1340 943 multas
1363 905 1464 944 licet
1487 904 1702 956 myriadas
1726 915 1852 943 caeca

244 959 486 1010 ignorantia
506 959 664 998 sanctis
683 958 900 997 laboribus
920 958 1227 1009 obstrepentes,
1278 958 1533 1010 Quanquam
1553 958 1608 997 ad
1628 969 1852 997 numerum

167 1030 226 1052 100
245 1025 345 1051 sane
377 1013 493 1064 quod
525 1014 696 1058 attinet,
729 1012 851 1051 facile
883 1013 1080 1051 existimo
1114 1013 1246 1051 malos
1279 1026 1448 1064 quoque
1480 1013 1602 1052 bonis
1634 1024 1852 1057 cessuros3

246 1072 337 1105 tam
369 1067 526 1105 multos
558 1067 704 1105 audire
734 1067 831 1105 licet
866 1066 1043 1105 Erasmo
1075 1080 1160 1105 non
1192 1067 1328 1106 solum
1360 1068 1521 1118 optime
1552 1066 1748 1105 fauentes
1779 1065 1852 1104 sed

247 1121 389 1159 omnia
413 1134 584 1172 quoque
607 1121 752 1160 fausta
775 1120 1073 1160 acclamantes.
1129 1121 1318 1168 Quorum
1343 1135 1365 1160 e
1389 1134 1566 1160 numero
1591 1134 1657 1159 me
1681 1132 1852 1172 quoque

246 1179 290 1213 et
310 1174 439 1214 fuisse
460 1188 625 1226 semper
646 1180 691 1214 et
711 1187 800 1214 esse
821 1180 866 1214 et
886 1188 1108 1226 nunquam
1130 1189 1215 1214 non
1237 1175 1338 1222 fore,
1362 1176 1441 1214 tibi
1465 1177 1590 1227 cupio
1611 1189 1699 1213 esse
1721 1187 1850 1225 quam

247 1242 626 1280 persuasissimum.

169 1301 224 1332 105
302 1283 400 1323 Non
419 1284 464 1323 id
484 1288 631 1323 tamen
652 1297 701 1322 eo
722 1283 915 1331 dixerim,
939 1284 1055 1335 quod
1076 1284 1143 1323 vel
1163 1284 1296 1323 literis
1318 1285 1421 1323 meis
1442 1284 1645 1323 oblectari
1667 1288 1710 1322 te
1731 1295 1854 1335 posse

247 1338 431 1385 credam,
460 1338 528 1377 vel
555 1338 717 1390 aliquid
744 1338 1020 1378 emolumenti
1048 1337 1103 1377 ab
1130 1338 1357 1379 Ammonio
1385 1340 1442 1377 sit
1468 1338 1739 1390 sperandum,
1768 1349 1854 1389 quo

246 1393 373 1431 rebus
398 1394 484 1431 tuis
510 1405 665 1444 magna
690 1392 767 1432 fiat
793 1394 975 1432 accessio
996 1407 1004 1439 ;
1046 1393 1090 1432 id
1116 1393 1231 1444 quod
1257 1407 1333 1432 nec
1360 1393 1497 1432 ambis
1521 1394 1623 1444 ipse,
1651 1397 1696 1431 et
1720 1403 1855 1442 nugas

249 1446 407 1498 alioqui
433 1460 609 1498 magnas
636 1448 780 1498 egeris,
809 1448 843 1486 si
869 1452 1037 1498 praeter
1064 1449 1254 1486 animum
1281 1452 1451 1498 gratum
1478 1460 1527 1486 ae
1553 1447 1633 1486 tibi
1659 1446 1854 1485 deditum

250 1514 461 1552 purasque
493 1501 547 1540 ad
579 1501 795 1540 Christum
827 1514 982 1553 preces,
1017 1506 1060 1540 et
1092 1502 1126 1540 si
1158 1501 1261 1553 quid
1293 1501 1537 1541 huiusmodi
1567 1505 1633 1540 est
1663 1499 1779 1552 quod
1810 1500 1853 1538 in

170 1573 230 1595 110
250 1568 344 1594 mea
381 1557 438 1594 sit
476 1568 618 1602 manu,
659 1556 880 1607 quippiam
918 1560 1128 1607 expectes.
1195 1557 1373 1596 Frustra
1410 1555 1599 1607 postules
1637 1566 1795 1606 aquam
1833 1567 1855 1591 e

250 1611 429 1660 pumice,
457 1611 530 1661 qui
555 1611 671 1661 ipsus
697 1611 829 1656 sitiat,
857 1614 906 1648 vt
931 1611 993 1649 ait
1012 1609 1093 1648 ille.
1150 1610 1207 1649 Et
1232 1615 1378 1649 tamen
1404 1611 1438 1648 si
1463 1623 1515 1648 ex
1542 1623 1608 1648 me
1632 1609 1853 1662 quippiam

251 1663 329 1703 tibi
351 1668 521 1715 gratum
544 1664 631 1703 fieri
655 1669 810 1715 posset,
834 1677 920 1702 non
943 1664 1185 1703 dubitarem
1207 1665 1251 1703 id
1274 1665 1483 1703 ambabus
1505 1665 1635 1703 etiam
1659 1661 1856 1702 manibus

252 1719 521 1769 cupidissime
551 1718 713 1757 offerre.
774 1718 944 1757 Gratias
973 1723 1119 1757 autem
1151 1731 1230 1770 ago
1259 1718 1427 1758 Christo
1457 1718 1664 1757 seruatori
1694 1722 1854 1761 nostro,

252 1773 324 1823 qui
345 1776 388 1811 te
411 1774 607 1812 excitarit
631 1773 686 1811 ad
708 1772 1046 1811 subueniendum
1069 1774 1230 1812 miseris
1251 1773 1460 1812 erroribus
1483 1772 1741 1817 mortalium,
1765 1771 1855 1822 qui-

171 1844 228 1877 115
251 1840 333 1878 que
362 1839 436 1878 per
466 1831 510 1866 te
540 1827 774 1870 multorum
800 1826 942 1866 oculos
968 1827 1024 1865 ad
1053 1826 1395 1878 amplectendam
1421 1827 1660 1867 Christiano
1686 1826 1857 1865 homine

251 1881 424 1932 dignam
452 1882 659 1933 pietat-em
686 1883 894 1920 reserarit.
953 1881 1104 1920 Habeo
1133 1881 1211 1920 tibi
1240 1895 1410 1933 quoque
1438 1883 1620 1933 gratiam
1649 1884 1857 1932 quantam

252 1948 425 1986 possum
442 1937 688 1982 maximam,
708 1936 824 1987 quod
842 1949 863 1974 e
881 1936 967 1974 tuis
985 1937 1158 1987 optimis
1175 1936 1543 1975 lucubrationibus
1560 1937 1639 1975 sim
1658 1946 1859 1974 accensus

251 1991 388 2040 primo
409 1990 464 2028 ad
486 1990 621 2029 bonae
643 1992 797 2029 mentis
818 1990 1022 2036 studium,
1045 1990 1196 2029 deinde
1218 1990 1273 2028 ad
1294 1990 1427 2029 bonas
1448 1991 1670 2040 Vtriusque
1690 1989 1858 2040 linguae

250 2043 407 2091 literas,
436 2046 470 2083 si
498 2058 584 2084 non
613 2044 1011 2096 perdiscendas—id
1040 2045 1156 2095 quod
1185 2044 1347 2084 homini
1376 2045 1565 2084 solitario
1593 2043 1774 2089 difficile,
1805 2055 1858 2081 ne

174 2116 234 2139 120
252 2097 392 2137 dicam
424 2099 683 2150 impossibile
716 2099 1119 2150 fuerit—Vtcunque
1152 2103 1297 2138 tamen
1331 2098 1632 2150 degustandas.
1694 2097 1859 2136 Primos

253 2153 365 2192 em'm
385 2153 442 2192 ad
462 2158 674 2205 vtranque
694 2153 962 2192 literaturam
982 2153 1187 2204 igniculos
1208 2167 1261 2192 ex
1281 2159 1324 2192 te
1345 2153 1534 2193 hausisse
1555 2165 1623 2192 me
1643 2149 1857 2204 profiteor,

253 2211 297 2246 et
322 2220 372 2246 eo
397 2220 544 2258 Vsque,
571 2209 709 2259 gratia
733 2207 837 2254 Deo,
865 2220 1108 2258 progressus
1133 2221 1240 2255 sum,
1268 2211 1318 2246 vt
1342 2220 1409 2246 me
1434 2207 1539 2247 m'hjl
1564 2207 1704 2246 minus
1729 2217 1860 2257 quam

255 2262 464 2312 assumpti
495 2262 651 2301 laboris
683 2262 914 2312 poeniteat.
977 2261 1131 2313 Itaque
1163 2261 1213 2300 fit.
1245 2266 1295 2300 vt
1325 2266 1369 2301 te
1401 2263 1565 2313 optimo
1596 2262 1685 2300 iure
1717 2271 1860 2299 meum

254 2320 573 2367 praeceptorem
616 2315 828 2367 appellare
871 2316 1029 2366 possim
1050 2329 1057 2354 :
1117 2316 1233 2367 quod
1275 2320 1320 2354 et
1361 2316 1484 2363 facio,
1529 2312 1861 2355 reclamantibus

177 2369 354 2419 1251icet
379 2369 524 2410 multis
553 2374 597 2409 et
625 2374 796 2409 nostrae
825 2370 879 2408 de
908 2374 951 2408 te
981 2370 1288 2420 praedicationi
1318 2370 1678 2421 obstrepentibus.
1747 2371 1860 2410 Οἶδας

256 2429 328 2477 ’γὰρ
348 2428 408 2465 καὶ
423 2428 473 2466 σύ
493 2445 546 2479 γε,
562 2428 600 2466 εἶ·
615 2427 681 2466 οἶδ’
703 2428 769 2470 ὅτι,
785 2429 831 2467 ὡς
847 2427 1012 2477 ὀχληρὸν
1025 2428 1066 2465 τὸ
1082 2431 1153 2465 τῶν
1168 2430 1342 2478 μοιάχῶν
1354 2428 1471 2479 γένος.
1533 2423 1696 2471 Quibus
1713 2426 1860 2461 tamen

256 2479 463 2518 hactenus
484 2492 570 2518 non
594 2480 710 2526 cessi,
735 2483 946 2530 quantum
969 2478 1083 2517 bona
1105 2491 1201 2518 cum
1225 2479 1349 2517 venia
1370 2479 1460 2519 fieri
1482 2479 1638 2529 pot-uit,
1663 2476 1862 2528 quamuis

258 2545 433 2585 magnas
460 2534 677 2574 interdum
706 2535 750 2572 in
780 2546 847 2572 me
876 2533 1116 2585 tragoedias
1146 2534 1331 2572 excitare
1361 2533 1503 2572 conati
1533 2536 1662 2578 sunt;
1709 2530 1861 2582 optimi

303 2745 356 2774 07.
384 2732 509 2771 Pluris]
549 2733 699 2764 Levinus
738 2734 852 2765 writes
890 2734 926 2765 in
965 2732 1026 2764 the
1091 2729 1308 2762 Heraclitum
1325 2729 1436 2761 dicere
1453 2730 1559 2761 fuisse
1574 2729 1739 2762 solitum:

260 2778 410 2827 margins
430 2778 569 2818 against
589 2777 658 2808 this
682 2786 825 2818 passage
842 2789 849 2808 :
886 2777 894 2788 ⁴
909 2776 1025 2809 Cicero
1219 2785 1254 2815 Τί
1270 2796 1308 2823 με
1324 2782 1348 2814 ὦ
1364 2784 1449 2814 κάτω
1466 2784 1588 2821 ἕλκετ’,
1604 2782 1736 2821 ἄμουσοι
1755 2794 1762 2822 ;

258 2820 302 2852 de
320 2831 358 2852 se
379 2824 442 2858 alt,
463 2819 569 2862 “Ego
588 2829 697 2860 quum
715 2831 737 2852 a
754 2824 874 2852 nostro
893 2819 1025 2852 Catone
1140 2828 1213 2868 Οὐχ
1239 2828 1312 2866 ὑμῖν
1339 2827 1481 2867 ἐπόνουν,
1513 2828 1578 2859 τοῖς
1605 2826 1639 2858 δέ
1666 2827 1698 2866 μ’
1728 2827 1858 2857 ἐπιστα-

259 2863 438 2901 laudabar,
460 2863 518 2895 vel
537 2864 742 2905 reprehendi
762 2874 817 2895 me
837 2874 858 2896 a
879 2865 1025 2895 caeteris
1178 2871 1290 2910 μένοις,

259 2906 360 2939 facile
388 2907 557 2948 patiebar.
611 2907 659 2940 Et
686 2907 858 2940 Isocra-tes
886 2907 1027 2939 videtur
1091 2915 1139 2947 Εἷς
1175 2914 1244 2953 ἐμοὶ
1280 2914 1437 2955 ἅνθρωπος
1471 2913 1656 2956 rpmpfipzoc,
1685 2913 1714 2944 οῖ
1745 2913 1771 2943 δ’
1804 2913 1856 2943 ἀν.

261 2950 462 2982 testimonio
506 2950 663 2984 Platonis
707 2950 855 2983 aliorum
898 2950 1025 2983 iudicia
1177 2958 1300 2998 άριθμοι

261 2993 387 3026 debere
424 2996 679 3027 contemnere.”
744 2994 848 3026 Libro
887 2993 1023 3026 Orator.
1136 3002 1244 3034 Οὐδείς
1258 3002 1278 3033 ’.

261 3036 345 3069 folio
384 3045 444 3074 119
474 3047 505 3068 A.
570 3038 735 3070 Vetustas
777 3041 1025 3070 commemorat
1141 3057 1211 3078 111,
1238 3044 1660 3084 5110]P13ut‚pef,5,41-2,
