2012 3370
276 141 354 177 608
743 142 994 179 LETTERS
1027 142 1098 180 OF
1129 143 1391 181 ERASMUS
1749 145 1872 194 [1524

640 306 838 347 ¹⁵1⁶l527.
902 307 970 347 To
1003 306 1213 348 FRANOIS
1246 307 1503 350 Mormms.

322 396 422 441 Opus
442 396 693 441 Epi-stolarum
713 407 746 440 p.
765 397 846 440 767.
1604 398 1723 433 Basle.

323 453 366 488 N.
388 465 421 498 p.
440 464 508 498 732
527 468 533 487 :
568 453 684 488 Lond.
703 465 765 489 xx.
783 456 828 497 48
847 469 853 488 :
888 454 962 489 LB.
981 465 1062 499 717.
1475 466 1513 490 12
1529 455 1732 490 December
1748 464 1847 500 1524.

418 560 622 589 ERASMVS
651 561 983 590 ROTERODAMVS
1014 561 1259 592 FRANCISCO
1289 563 1477 599 MOLINO,
1510 563 1726 592 EPISCOPO

855 616 1174 653 CONDONIENSI,
1207 617 1240 646 S.
1261 618 1303 646 D.

331 681 527 727 Hiems,
546 686 594 720 vt
610 680 768 728 scribis,
792 694 909 720 meus
926 681 1125 729 Hilarius,
1148 683 1314 721 vtinam
1331 682 1507 721 haberet
1525 686 1699 721 tantum
1719 683 1874 721 mentis

272 740 483 786 quantum
512 735 643 774 habet
670 735 806 775 bonae
834 737 1016 776 mentis!
1074 737 1324 776 Mandaram
1352 738 1483 776 etiam
1511 738 1669 788 scripto
1696 741 1746 776 vt
1773 740 1874 775 ante

271 789 564 840 Septembrem
593 790 718 829 isthic
747 795 918 841 pararet
947 791 1049 830 mihi
1078 791 1301 830 nidulum:
1347 791 1451 830 nihil
1481 792 1688 838 meminit,
1718 791 1872 837 ebriuS,

272 845 434 895 opinor,
462 844 686 895 voluptate
711 846 918 896 repetitae
945 844 1117 892 Galliae,
1139 858 1269 896 quam
1297 847 1416 884 vnice
1442 846 1631 885 adamat.
1686 845 1871 884 Rursum

234 915 249 948 5
271 899 417 950 scripsi
438 912 505 937 me
526 912 609 938 non
632 904 861 938 venturum
883 905 982 938 ante
1004 902 1245 950 proximum
1267 913 1352 938 ver.
1403 900 1586 946 Interea,
1609 901 1643 938 si
1662 901 1743 951 ipsi
1764 904 1874 939 esset

270 951 372 991 felix
407 952 556 1000 Gallia,
592 953 829 993 frueretur:
881 955 946 992 sin
982 956 1132 1001 minus,
1169 959 1401 993 recurreret
1435 954 1529 1001 huc,
1567 954 1669 993 mihi
1703 953 1874 993 futurus

272 1008 378 1054 vsui,
412 1007 492 1046 sibi
523 1007 701 1046 fortasse
732 1008 837 1046 nulli
867 1008 1150 1047 incommodo.
1212 1008 1339 1048 Venit
1371 1022 1466 1047 cum
1499 1009 1663 1059 aliquot
1694 1009 1874 1047 extortis

270 1073 319 1099 ac
354 1063 678 1112 superuacaneis
712 1062 913 1113 epistoliS,
950 1076 1049 1101 mox
1083 1064 1126 1101 in
1162 1062 1342 1102 Galliam
1376 1063 1656 1102 reuolaturus.
1721 1062 1763 1102 Si
1797 1067 1874 1101 tua

270 1115 508 1166 benignitas
542 1115 636 1155 vult
667 1116 727 1154 illi
760 1116 866 1155 bene
899 1116 1049 1163 facere,
1084 1121 1128 1156 et
1161 1118 1195 1156 si
1227 1117 1443 1156 videbitur
1476 1118 1641 1168 dignus,
1675 1130 1728 1156 ne
1761 1129 1873 1156 com-

215 1186 254 1208 10
271 1170 419 1208 mittat
437 1169 548 1208 illius
568 1170 763 1209 manibus
783 1171 967 1209 multum
986 1173 1202 1222 pecuniae,
1224 1171 1298 1210 sed
1316 1173 1547 1222 prospiciat·
1566 1172 1618 1210 de
1637 1171 1874 1210 sacerdotio

270 1223 386 1275 quod
408 1237 494 1263 non
517 1226 651 1274 possit
674 1225 906 1276 prodigere.
958 1226 1070 1264 Noui
1092 1225 1274 1264 hominis
1297 1228 1525 1277 ingenium,
1551 1239 1636 1265 non
1659 1226 1741 1264 odi.

324 1277 483 1318 Narrat
510 1284 632 1317 tuam
659 1279 953 1318 excellentiam
980 1280 1214 1319 decreuisse
1241 1280 1323 1319 huc
1352 1280 1564 1319 aduolare.
1622 1279 1673 1318 Id
1700 1281 1872 1319 tametsi

270 1333 459 1384 suspicor
484 1333 560 1372 abs
585 1338 628 1372 te
653 1334 746 1372 ioco
771 1334 947 1380 dictum,
975 1339 1120 1373 tamen
1147 1335 1319 1386 quando
1345 1336 1403 1374 sic
1429 1339 1644 1374 asseuerat
1671 1334 1870 1380 Hilarius,

270 1399 356 1426 non
374 1387 499 1426 video
519 1400 691 1427 causam
709 1401 820 1439 quur
838 1393 1011 1428 tantum
1030 1390 1233 1440 suscipias
1250 1390 1344 1429 iter.
1392 1389 1602 1428 Fortassis
1620 1390 1664 1427 in
1683 1388 1871 1440 Septem-

214 1458 248 1490 15
271 1439 335 1480 bri
370 1443 670 1481 commissurus
704 1455 820 1481 eram
854 1443 933 1482 hoc
968 1444 1264 1494 corpusculum
1298 1445 1452 1483 itineri.
1516 1443 1568 1482 In
1602 1443 1754 1494 hyeme
1787 1456 1872 1482 non

270 1494 438 1542 faciam,
474 1497 554 1535 nisi
587 1496 811 1536 decreuero
845 1498 980 1536 mori:
1030 1511 1083 1536 ne
1115 1500 1159 1536 in
1193 1511 1266 1536 ver
1299 1498 1472 1549 quidem
1505 1510 1678 1548 possum
1711 1496 1872 1548 aliquid

271 1550 375 1588 certi
402 1551 664 1601 promittere.
722 1550 889 1590 Bellum
916 1551 1200 1598 incrudescit3
1246 1552 1382 1603 qualis
1411 1553 1467 1590 sit
1494 1551 1642 1591 futura
1669 1550 1872 1590 valetudo

270 1604 492 1643 incertum.
536 1604 674 1644 Multa
689 1605 772 1644 alia
786 1611 965 1656 possunt
981 1607 1145 1652 exoriri,
1163 1619 1271 1657 quae
1287 1606 1520 1653 consilium,
1538 1607 1572 1644 si
1586 1619 1673 1645 non
1688 1610 1869 1652 mutent,

271 1662 383 1697 certe
407 1659 657 1709 impediant.
713 1659 830 1698 Haec
855 1673 941 1698 non
964 1660 1059 1698 ideo
1085 1660 1221 1699 scribo
1247 1660 1362 1711 quod
1385 1665 1486 1699 tuus
1512 1665 1762 1711 conspectus
1785 1672 1871 1699 non

209 1729 252 1752 20
270 1713 326 1751 sit
364 1712 466 1751 mihi
504 1712 674 1752 futurus
712 1713 849 1752 multo
886 1715 1228 1761 iucundissimus,
1268 1714 1341 1753 sed
1379 1714 1494 1765 quod
1530 1714 1662 1753 nolim
1698 1718 1871 1753 tantum

270 1767 454 1805 amicum
488 1766 648 1806 frustra
682 1772 726 1807 et
760 1773 936 1819 sumptu
971 1773 1014 1807 et
1048 1769 1198 1808 itinere
1232 1768 1415 1820 fatigari.
1482 1768 1605 1816 Quod
1639 1767 1785 1807 scribis
1819 1767 1872 1806 de

270 1820 494 1860 hirundine
514 1822 713 1871 in-niueis
734 1824 942 1873 quaesita,
965 1822 1080 1862 Deus
1102 1828 1272 1862 auertat
1293 1836 1430 1862 omen.
1481 1823 1596 1862 Bene
1617 1822 1724 1862 vale.

325 1874 515 1914 Basileae
542 1876 676 1926 pridie
704 1875 807 1915 Idus
834 1876 1034 1916 Decemb.
1065 1877 1188 1916 Anno
1216 1888 1465 1916 M.D.XX1111.

704 2027 826 2066 1528.
891 2025 959 2067 ΤΟ
991 2025 1124 2067 Jonx
1158 2026 1439 2068 CAESARIUS.

317 2111 419 2156 Opus
437 2111 690 2156 Epistolarum
710 2124 744 2158 p.
762 2123 843 2158 753.
1575 2115 1693 2151 Basle.

316 2169 363 2204 N.
383 2180 418 2214 p.
437 2171 505 2213 718
523 2184 529 2204 :
564 2170 680 2206 Lond.
698 2182 759 2206 xx.
777 2182 845 2215 24:
880 2173 954 2208 LB.
973 2184 1054 2217 719.
1440 2176 1481 2209 16
1499 2174 1702 2209 December
1723 2184 1823 2219 1524.

315 2247 377 2287 [As
396 2246 482 2279 with
502 2247 566 2289 Ep.
593 2250 688 2289 1518,
708 2248 768 2281 the
787 2250 970 2290 year-date
988 2251 1017 2282 is
1038 2252 1225 2284 confirmed
1246 2252 1294 2294 by
1313 2252 1489 2286 Erasmus’
1511 2252 1755 2295 publicatione.
1798 2253 1871 2286 The

268 2289 341 2323 late
358 2291 417 2323 Dr.
439 2291 599 2329 Knaake,
618 2293 654 2324 in
673 2292 726 2324 his
744 2303 806 2325 ms.
827 2298 927 2326 notes
945 2294 1056 2326 which
1076 2294 1093 2326 1
1112 2306 1181 2327 was
1199 2296 1344 2329 allowed
1363 2301 1401 2329 to
1419 2298 1589 2334 examine,
1608 2302 1720 2329 states
1737 2297 1818 2330 that
1835 2297 1871 2329 in

271 2344 366 2366 some
382 2335 585 2376 miscellany
597 2336 716 2368 edited
733 2335 781 2378 by
798 2337 923 2369 Weller
940 2338 1010 2370 this
1027 2338 1131 2371 letter
1147 2340 1175 2371 is
1193 2341 1332 2381 printed
1349 2341 1434 2373 with
1451 2351 1496 2373 an
1513 2345 1613 2373 extra
1630 2345 1803 2378 sentence,
1820 2342 1869 2372 in·

269 2378 385 2411 sei-ted
409 2378 501 2411 after
524 2379 664 2419 diynum
690 2379 724 2418 (l.
756 2383 833 2420 12):
875 2380 882 2393 ‘
897 2381 1144 2414 Melanehthon
1168 2383 1375 2415 iamdudum
1400 2384 1556 2422 vacillat,
1580 2384 1724 2417 Lutheri
1749 2383 1871 2417 videns

270 2431 342 2453 rem
357 2421 426 2454 alio
440 2423 516 2464 rapi
531 2422 550 2455 ’.
590 2422 608 2454 I
623 2423 713 2455 have
728 2428 792 2456 not
805 2425 994 2457 succeeded
1008 2426 1044 2457 in
1060 2427 1193 2468 traeing
1209 2427 1270 2459 the
1285 2427 1486 2469 miscellany
1501 2432 1539 2460 to
1554 2427 1666 2460 which
1682 2427 1724 2460 he
1738 2427 1872 2468 resera]

560 2523 762 2552 ERASMVS
792 2524 1014 2553 ROTEROD.
1046 2525 1207 2553 IOANNI
1236 2525 1453 2554 CAESARIO
1484 2525 1518 2554 S.
1538 2526 1581 2554 D.

326 2585 450 2625 ERAT
488 2588 681 2638 suspitio,
721 2587 794 2626 sed
831 2587 949 2635 leuis,
989 2593 1033 2628 te
1071 2589 1262 2628 nonnihil
1301 2589 1509 2629 offensum
1547 2589 1678 2629 literis
1717 2589 1871 2640 quibus

270 2639 442 2679 liberius
465 2642 608 2680 iocans
631 2642 830 2693 respondi
853 2642 908 2680 ad
932 2644 1225 2694 quaestionem
1250 2648 1371 2682 tuam
1395 2644 1447 2683 de
1471 2644 1698 2695 publicano
1721 2642 1870 2683 iustifi-

271 2699 381 2741 cato,
413 2707 466 2733 ne
496 2696 600 2746 quid
629 2700 678 2734 tu
709 2701 834 2746 putes
865 2697 1055 2736 acerbius
1086 2697 1141 2735 ad
1171 2711 1238 2736 me
1269 2698 1472 2737 delatum.
1534 2698 1657 2746 Quod
1686 2699 1870 2736 amicum

270 2753 361 2786 tam
382 2749 605 2800 magnifico
625 2750 759 2801 elogio
779 2750 1001 2797 decora-ris,
1024 2756 1073 2790 vt
1092 2751 1250 2790 diceres
1270 2765 1367 2791 eum
1388 2753 1466 2791 sibi
1487 2753 1746 2791 contrarium
1766 2764 1868 2798 esse,

234 2813 249 2845 5
271 2801 407 2841 habeo
431 2816 530 2842 sane
554 2816 684 2855 quam
707 2803 841 2843 debeo
863 2806 1058 2856 gratiam.
1112 2805 1335 2845 Blaterant
1357 2807 1470 2845 idem
1493 2811 1537 2845 et
1558 2807 1731 2853 inimici,
1755 2805 1869 2856 quod

271 2861 320 2894 tu
342 2858 502 2896 amicus
523 2857 575 2896 de
597 2871 663 2897 me
684 2858 915 2909 praedicas.
967 2858 1048 2899 Sed
1069 2860 1240 2898 interim
1260 2860 1400 2899 nullus
1421 2862 1567 2900 extitit
1589 2862 1661 2912 qui
1683 2860 1870 2911 potuerit

320 2983 413 3015 1527.
444 2994 472 3024 5.
498 2983 633 3025 scripsi]
650 2984 701 3016 Cf.
719 2985 783 3027 Ep.
806 2987 901 3026 1484.
924 2996 972 3018 12.
1161 2987 1255 3019 1528.
1285 2996 1312 3018 1.
1336 2987 1461 3026 literis]
1476 2987 1547 3020 Not
1561 2992 1696 3020 extant.

318 3035 370 3057 22.
397 3025 596 3066 hirundine]
611 3027 661 3059 Cf.
678 3028 743 3069 Ep.
764 3030 858 3069 1516.
874 3031 930 3060 on.
1150 3040 1178 3062 2.
1206 3029 1407 3071 publicano]
1422 3030 1519 3062 Luke
1538 3032 1587 3063 18.
1608 3038 1657 3062 10.
