2012 3370
174 135 296 183 1330]
688 128 760 168 To
790 127 968 167 JACOB
998 126 1248 166 ZIEGLER
1686 128 1759 165 157

166 243 268 283 felix
293 244 409 283 istud
434 248 557 282 tuum
583 241 796 292 ingenium
824 253 872 279 ac
898 239 1065 278 dicendi
1091 251 1243 277 venam
1270 237 1436 288 ingenio
1463 249 1608 287 parem
1629 249 1637 275 :
1679 249 1765 287 quo

167 299 302 350 magis
330 298 526 350 indignor
554 295 736 346 stupidis
765 295 857 334 istis
887 293 1058 339 rabulis,
1090 305 1270 343 quorum
1300 290 1552 342 improbitas
1581 289 1687 329 facit
1716 294 1767 328 vt

168 352 223 391 ad
260 351 503 392 huiusmodi
538 351 652 389 rixas
689 349 949 388 deuocentur
985 347 1153 398 ingenia
1189 346 1314 385 rebus
1351 349 1456 384 nata
1493 344 1765 390 melioribus3

168 411 261 445 tum
287 411 431 446 autem
455 416 701 457 quanquam
727 417 752 442 a
775 403 890 441 nullo
915 403 1024 441 vicio
1048 401 1213 452 longius
1237 400 1387 438 absum
1412 412 1542 450 quam
1566 398 1766 444 inuidiae,
1786 414 1826 435 10

167 465 313 500 tamen
332 461 544 505 Stunicae,
564 459 627 497 ita
646 471 713 496 me
732 457 838 496 bene
858 460 1003 496 ament
1022 455 1180 500 Musae,
1202 454 1361 505 stylum
1381 455 1511 492 istum
1531 456 1575 492 et
1594 465 1767 504 operam

167 515 351 554 inuideo.
409 514 476 553 Me
516 513 610 563 plus
651 511 902 563 quadragies
943 510 1155 561 poenituit
1195 508 1311 559 quod
1352 520 1541 559 vnquam
1582 507 1766 546 scabiem

167 570 295 608 istam
320 569 598 612 attrectarim,
624 570 667 605 et
691 570 780 604 stat
804 566 1016 604 sententia
1040 564 1218 615 posthac
1242 561 1412 613 quiduis
1436 563 1600 613 perpeti
1624 561 1768 612 potius

167 636 298 675 quam
321 623 523 662 aduersus
544 622 674 659 istum
698 620 828 658 verba
850 620 1000 658 facere.

225 677 387 716 Literas
415 681 513 715 tuas
543 680 745 725 vtrasque
766 674 868 712 mihi
897 673 1086 712 redditas
1115 672 1246 717 scito;
1278 684 1378 709 nam
1408 670 1524 721 quod
1543 670 1599 708 ad
1628 673 1766 721 poste-
1789 685 1824 717 15

169 732 298 770 riores
318 744 403 770 non
422 729 723 781 responderim,
745 728 849 767 nihil
867 727 983 766 aliud
1001 727 1046 765 in
1075 739 1203 765 causa
1222 725 1306 763 fuit
1325 738 1455 776 quam
1477 725 1557 763 ocii
1577 724 1768 775 penuria,

168 787 302 825 maior
342 798 472 836 quam
513 785 739 835 quisquam
780 782 938 822 credat.
996 781 1196 832 Magnam
1236 779 1440 830 temporis
1481 782 1647 830 partem
1689 777 1769 816 sibi

167 840 305 891 poscit
343 838 558 885 valetudo,
599 837 778 877 subinde
817 836 1024 882 aduersa;
1079 838 1293 874 caeterum
1331 834 1375 872 in
1413 833 1530 871 libris
1569 831 1769 871 aedendis

167 898 340 934 tantum
359 898 426 933 est
443 893 605 944 negocii
624 896 674 931 vt
692 892 766 930 vix
786 890 870 930 duo
890 890 1102 929 sufficiant
1122 888 1337 928 Hercules.
1395 887 1572 926 Accedit
1591 886 1647 925 ad
1666 886 1770 925 haec

168 952 341 988 tantum
373 961 425 987 ex
456 947 653 986 omnibus
684 946 819 997 plagis
850 944 1139 996 epistolarum,
1173 947 1223 982 vt
1254 942 1351 981 huic
1383 942 1458 980 vni
1488 941 1661 992 negocio
1693 953 1771 991 par
1787 956 1832 980 20

170 1016 259 1042 esse
277 1015 364 1041 non
384 1003 554 1053 possim,
577 1002 611 1039 si
632 1000 815 1039 maxime
836 1012 974 1038 coner.
1014 999 1121 1037 Erat
1139 997 1243 1036 mihi
1263 1001 1364 1036 tuus
1383 1009 1497 1036 error
1516 1007 1771 1046 magnopere

169 1057 392 1103 iucundus,
427 1057 501 1107 qui
535 1056 639 1094 mihi
672 1060 762 1094 tam
798 1054 1011 1105 copiosam
1045 1053 1205 1104 pariter
1238 1055 1282 1090 et
1316 1054 1511 1102 argutam
1545 1049 1769 1101 epistolam

170 1112 348 1163 peperit.
406 1111 503 1149 Non
543 1110 655 1148 enim
696 1113 740 1148 te
780 1108 1051 1147 consulebam
1093 1120 1148 1145 an
1189 1106 1388 1146 Stunicae
1428 1103 1770 1156 respondendum

170 1169 293 1212 esset,
324 1165 398 1204 sed
426 1169 470 1204 te
499 1164 678 1203 ciuiliter
707 1163 934 1202 submonui
962 1175 1015 1200 ne
1044 1161 1147 1212 quid
1177 1160 1379 1199 aduersus
1406 1159 1526 1198 illum
1555 1158 1770 1204 scriberes,

172 1219 277 1259 nihil
295 1219 411 1258 aliud
429 1232 559 1270 quam
579 1218 827 1256 crabronem
845 1217 1081 1255 iritaturus.
1139 1214 1356 1266 Siquidem
1378 1214 1456 1252 hoc
1486 1217 1551 1252 est
1569 1212 1685 1264 quod
1702 1211 1771 1250 ille
1789 1230 1807 1253 2
1814 1230 1829 1262 5

170 1274 331 1313 Thraso
370 1274 476 1319 sitit,
518 1277 567 1311 vt
606 1271 837 1310 multorum
876 1270 1009 1310 literis
1048 1282 1302 1320 quocunque
1341 1267 1468 1307 modo
1508 1267 1770 1306 celebretur:

172 1328 338 1379 dignior
377 1331 443 1366 est
483 1327 557 1377 qui
599 1325 935 1364 versificatorum
977 1324 1139 1363 naeniis
1180 1323 1299 1362 velut
1340 1322 1483 1361 asinus
1525 1322 1579 1360 ab
1621 1321 1773 1372 apibus

171 1383 423 1434 exagitetur.

225 1437 290 1475 De
318 1435 458 1474 libello
488 1439 564 1474 tuo
594 1433 698 1485 quid
728 1433 817 1472 fieri
846 1432 949 1471 velis
979 1445 1065 1471 non
1094 1431 1317 1483 significas.
1375 1430 1462 1469 Nec
1493 1443 1545 1469 ex
1575 1442 1624 1468 eo
1654 1428 1774 1479 quiui

171 1490 402 1542 intelligere
428 1503 484 1528 an
508 1488 735 1540 Apologias
761 1487 916 1539 quibus
942 1486 1070 1526 semel
1095 1490 1225 1537 atque
1250 1486 1406 1524 iterum
1432 1484 1645 1530 Stunicae‚
1673 1496 1774 1522 mox
1794 1500 1838 1533 30

172 1545 384 1585 Caranzae
400 1542 598 1595 respondi
612 1542 771 1594 legeris,
830 1542 1027 1592 Suspicor
1042 1541 1155 1579 enim
1171 1553 1245 1591 per
1260 1539 1535 1590 bibliopolam
1552 1537 1775 1577 Claudium

172 1601 282 1639 istuc
310 1599 525 1638 aduectas.
583 1597 681 1636 Non
708 1597 812 1635 satis
840 1597 1077 1635 coniectare
1103 1595 1226 1646 potui
1253 1593 1357 1644 quid
1384 1593 1543 1632 ordinis
1570 1596 1777 1643 sequutus

171 1655 228 1693 sis
243 1654 289 1693 in
304 1658 380 1692 tuo
396 1652 536 1691 libello
558 1665 566 1698 3
600 1655 712 1690 certe
728 1650 860 1689 frater
875 1654 976 1689 tuus
993 1650 1066 1700 qui
1083 1649 1317 1699 descripsit,
1335 1648 1565 1699 plurimum
1582 1647 1778 1698 peccauit

172 1709 217 1747 in
258 1707 573 1759 orthographia.
632 1706 859 1756 Vtcunque
900 1704 953 1743 de
993 1704 1072 1742 hoc
1113 1703 1253 1742 libello
1295 1703 1509 1748 statueris,
1551 1701 1656 1740 illud
1697 1701 1778 1739 tibi

173 1762 390 1809 suaserim,
418 1775 471 1800 ne
498 1761 533 1800 si
559 1759 732 1811 quando
759 1759 875 1798 voles
901 1760 945 1797 in
971 1758 1109 1797 lucem
1136 1758 1250 1796 exire
1276 1769 1382 1807 opus
1409 1755 1525 1807 quod
1552 1755 1777 1794 instituisti
1797 1773 1813 1803 3
1821 1773 1835 1805 5

174 1817 238 1857 De
278 1820 483 1855 contextu
522 1819 708 1866 quatuor
747 1813 1090 1864 Euangeliorum,
1132 1812 1395 1850 contamines
1433 1810 1538 1848 illud
1577 1809 1778 1849 Stunicae

172 1871 356 1917 nomine,
396 1874 473 1909 aut
510 1869 626 1908 aliud
664 1868 797 1907 Vllum
835 1881 942 1918 opus
979 1866 1094 1918 quod
1133 1866 1348 1904 victurum
1387 1865 1616 1903 existimes.
1676 1863 1778 1911 Quis

173 1925 286 1964 enim
330 1923 583 1975 profectus?
643 1922 710 1960 An
754 1925 804 1960 vt
846 1921 914 1960 ille
958 1919 1202 1971 pudescat?
1263 1932 1367 1958 saxo
1412 1919 1536 1957 citius
1580 1917 1777 1956 ruborem

173 1978 412 2018 suffuderis.
470 1978 538 2016 An
592 1981 641 2015 vt
684 1976 940 2026 resipiscat?
1003 1974 1271 2025 deploratum
1316 1977 1381 2012 est
1424 1972 1653 2024 ingenium.
1712 1971 1779 2010 An

177 2046 278 2073 vero
308 2037 358 2072 vt
387 2032 500 2071 orbis
529 2031 645 2071 norit
672 2034 921 2081 portentum
951 2042 1039 2068 esse
1068 2032 1256 2067 natum?
1308 2027 1376 2066 hic
1405 2027 1475 2066 isti
1505 2026 1671 2065 fructus
1699 2026 1779 2064 erit
1796 2044 1841 2075 40

175 2087 483 2139 optatissimus,
506 2087 541 2124 si
563 2086 796 2136 contingat.

231 2140 355 2189 Quod
389 2145 534 2180 autem
568 2140 783 2180 hominem
818 2138 960 2190 palam
994 2137 1276 2176 insanientem
1310 2137 1355 2174 in
1389 2149 1455 2175 me
1490 2135 1592 2174 tulit
1626 2135 1779 2180 Roma,

174 2196 280 2236 satis
307 2195 465 2234 conieci
491 2199 655 2246 quanta
681 2194 737 2233 sit
762 2193 857 2232 istic
884 2191 1153 2244 quorundam
1179 2192 1402 2243 integritas
1423 2204 1430 2229 :
1474 2203 1550 2229 nec
1577 2203 1644 2229 me
1671 2189 1779 2227 clam

176 2254 242 2290 est
264 2263 445 2301 quorum
470 2250 678 2289 instinctu
698 2248 778 2287 hoc
803 2247 918 2294 fecit,
941 2247 1115 2286 tametsi
1140 2246 1267 2285 homo
1288 2249 1445 2284 natura
1465 2244 1695 2283 maledicus
1716 2247 1781 2281 est

175 2309 220 2344 et
255 2304 354 2343 huic
389 2303 560 2343 fabulae
595 2307 736 2343 natus.
795 2302 925 2340 Porro
962 2301 1078 2352 quod
1113 2301 1226 2340 hunc
1262 2313 1390 2339 senex
1428 2299 1497 2338 ille
1536 2298 1673 2343 Card.‚
1713 2298 1780 2336 cui
1798 2317 1839 2349 45

176 2371 410 2410 cognomen
426 2372 451 2397 a
465 2358 609 2405 Cruce,
626 2356 793 2409 gentilis
809 2356 1082 2407 amplectitur
1096 2368 1257 2406 suoque
1273 2353 1550 2393 contubernio
1566 2352 1779 2403 dignatur,

177 2412 283 2465 quid
302 2412 418 2452 aliud
437 2426 567 2465 quam
587 2411 703 2464 quod
724 2411 892 2457 dicitur,
914 2410 1090 2462 dignum
1105 2409 1265 2461 patella
1284 2408 1528 2461 operculum
1546 2411 1562 2446 ἶ)
1604 2409 1697 2458 Περὶ
1716 2410 1781 2446 τοῦ

229 2583 277 2613 13.
303 2575 377 2603 stat
391 2569 582 2609 sententia]
599 2571 649 2603 Cf.
670 2571 734 2612 Ep.
756 2580 848 2610 1312.
873 2582 935 2603 10n
1061 2581 1111 2611 31.
1139 2567 1326 2605 Caranzae]
1345 2568 1406 2600 See
1423 2567 1486 2607 Ep.
1510 2577 1601 2608 1277.
1622 2578 1697 2610 ²4¹¹·

230 2626 278 2656 15.
305 2614 456 2653 Literas]
472 2615 537 2656 Ep.
560 2617 644 2646 1260
667 2614 737 2645 and
761 2625 825 2645 one
848 2614 937 2645 later
1105 2611 1304 2649 Claudium]
1324 2612 1340 2643 I
1360 2614 1489 2642 cannot
1507 2611 1667 2652 identify.

183 2662 220 2690 to
241 2658 353 2690 which
369 2658 534 2690 Erasmus
550 2657 621 2689 had
641 2661 705 2689 not
725 2660 786 2698 yet
807 2657 946 2698 replicd.
1063 2667 1112 2697 33.
1139 2656 1248 2687 frater
1280 2653 1376 2692 tuus]
1408 2654 1538 2685 Martia
1570 2654 1715 2686 Richter
1747 2656 1782 2687 of

184 2702 224 2733 In
239 2701 310 2733 this
323 2705 483 2732 sentence
497 2701 539 2732 he
552 2702 581 2732 is
596 2701 744 2742 perhaps
757 2701 946 2741 answering
1017 2700 1188 2735 Rcdwitz,
1204 2698 1362 2739 Zieglcr's
1377 2701 1550 2738 secretary
1566 2698 1635 2729 and
1653 2697 1660 2710 ⁵
1675 2698 1784 2730 frater

183 2756 205 2777 a
223 2755 334 2786 query
353 2747 432 2776 sent
451 2744 602 2785 through
622 2755 667 2775 an
686 2744 945 2785 intermediary.
1022 2743 1214 2783 adoptatus
1228 2742 1249 2779 ³,
1296 2740 1303 2752 ²
1320 2741 1429 2772 frater
1469 2741 1616 2772 selectus
1632 2742 1639 2754 ’
1684 2742 1780 2781 (LE2.

232 2791 279 2821 18.
306 2786 416 2827 libris]
430 2788 596 2819 Erasmus
608 2797 679 2818 was
691 2797 769 2818 now
783 2787 947 2828 occupied
1021 2788 1113 2825 1482.
1142 2794 1257 2821 10—11,
1281 2784 1351 2815 and
1372 2795 1405 2815 n.
1431 2785 1463 2825 5)
1480 2797 1487 2815 z
1523 2795 1578 2816 see
1600 2784 1781 2817 Schotten-

184 2832 269 2863 with
287 2842 308 2863 a
326 2842 401 2863 new
418 2830 552 2863 edition
571 2831 606 2862 of
625 2830 684 2862 the
703 2830 849 2871 Adaqia,
868 2831 947 2862 Jan.
1018 2829 1142 2860 loher's
1162 2829 1197 2860 J.
1220 2828 1357 2868 Zicqler,
1379 2838 1436 2869 pp.
1460 2837 1511 2869 35,
1532 2829 1588 2866 62,
1614 2838 1686 2866 100,
1711 2839 1782 2863 102.

189 2883 284 2916 1523,
322 2874 392 2906 and
430 2874 516 2906 with
554 2874 614 2905 the
652 2873 866 2915 Paraphmse
905 2884 946 2905 on
1017 2882 1090 2914 397.

185 2919 237 2951 St..
266 2917 373 2956 John,
401 2918 471 2949 and
503 2917 627 2958 Hilary
654 2917 759 2958 (Epp.
796 2918 945 2957 1333,4);
1066 2919 1117 2957 36.
1143 2915 1194 2947 De
1212 2913 1395 2953 contextu]
1406 2914 1467 2947 See
1485 2914 1549 2956 Ep.
1571 2917 1664 2949 1260.
1685 2927 1780 2956 203n.

187 2961 260 2993 also
282 2961 368 2993 with
385 2961 457 2993 Cat.
484 2962 562 2993 Luc.
583 2961 662 3002 (Ep.
685 2969 778 3001 1331.
796 2962 887 3002 63n).
1066 2970 1118 3001 39.
1143 2956 1378 3000 deploratum]
1395 2958 1445 2990 Cf.
1465 2959 1530 3000 Ep.
1548 2968 1624 2999 004.
1644 2952 1737 2991 21ns

233 3015 283 3045 30.
310 3003 510 3047 Apologias]
525 3004 587 3038 See
602 3005 692 3046 App.
713 3013 749 3045 15
766 3004 802 3036 in
817 3004 884 3036 vol.
901 3004 947 3036 iv.
1063 3015 1114 3046 45.
1141 3001 1257 3041 Cnrd]
1269 3002 1427 3043 Carvajal
1441 3014 1448 3033 :
1469 3012 1524 3034 see
1536 3001 1600 3044 Ep.
1615 3012 1689 3043 230.
1703 3005 1782 3042 48n.
