2012 3370
277 169 355 205 500
751 162 1006 202 LnTTERs
1038 162 1109 202 OF
1139 161 1402 201 ERASMUs
1755 164 1877 212 [1524

275 278 428 322 ocium,
467 274 739 313 incaestum?
792 270 833 309 Si
870 270 1106 308 eommunis
1141 270 1244 308 ordo
1279 270 1461 321 imponit
1496 269 1724 315 silentium,
1760 268 1880 307 nefas

275 335 386 369 essct
426 329 667 369 Christiano
708 325 939 377 quicquam
981 324 1117 363 dicere
1158 325 1202 364 in
1243 324 1502 376 deprauatos
1543 323 1879 362 Christianorum

276 398 424 424 mores.
477 382 528 421 In
552 382 684 420 bonos
707 379 816 418 male
839 379 989 425 dicere,
1015 379 1302 430 cuiuscunque
1324 383 1425 418 sunt
1447 377 1618 424 ordinis,
1644 376 1777 416 scelus
1800 382 1877 416 est.

275 439 499 478 Caeterum
523 448 648 475 nemo
673 435 831 473 maiore
857 446 953 472 cum
978 432 1061 471 fide
1085 432 1356 484 reprehendit
1380 432 1590 472 malorum
1615 432 1725 471 vicia
1749 444 1880 483 quam

212 514 256 545 40
275 494 347 543 qui
379 491 567 531 eiusdem
598 494 663 528 est
694 488 865 527 ordinis.
926 487 1106 526 Videtur
1136 488 1248 526 enim
1280 487 1393 539 apud
1426 487 1539 526 hunc
1570 485 1666 537 plus
1697 485 1880 524 valuisse

274 549 431 587 veritas
465 557 595 596 quam
628 543 788 582 ordinis
820 541 956 581 fauor.
1019 541 1188 593 Alioqui
1223 541 1356 581 videri
1390 545 1561 592 poterat
1593 540 1691 579 odio
1724 540 1880 578 diuersi

272 602 431 642 ordinis
458 602 700 652 vituperare
728 609 838 648 quae
864 600 982 635 recta
1008 601 1121 635 sunt.
1179 595 1321 635 Veluti
1348 597 1382 634 si
1411 595 1716 634 Franciscanus
1742 607 1878 645 repre-

273 656 435 696 hendat
460 655 569 695 vicia
595 650 938 697 Dominicalium‚
966 651 1097 690 etiam
1123 652 1157 689 si
1182 650 1226 689 id
1251 650 1383 689 faciat
1408 654 1525 688 recto
1551 650 1706 695 animo,
1734 653 1880 687 tamen

273 723 359 749 non
380 709 541 749 carebit
562 707 796 758 suspitione
814 705 972 745 liuoris.

210 784 250 816 45
328 763 371 803 Si
406 763 488 802 hue
526 765 692 813 spectat
726 760 1008 811 reprehensio,
1046 763 1096 799 vt
1131 759 1410 798 emendentur
1446 759 1519 809 qui
1556 759 1663 796 eitra
1698 758 1880 796 nominis

271 819 469 858 iniuriam
493 821 713 861 notantur,
741 828 848 866 quos
874 815 1018 865 potius
1044 820 1241 865 optemus
1267 818 1477 852 correctos
1503 825 1632 863 quam
1659 813 1733 863 qui
1758 811 1881 850 nobis

272 878 375 912 sunt
406 871 773 912 coniunctissimi?
823 869 915 908 Nisi
948 868 1057 907 forte
1091 869 1197 906 vitio
1228 868 1420 906 dandum
1453 868 1685 913 existimat,
1721 867 1754 905 si
1786 868 1881 920 quis

272 927 512 978 aegrotanti
538 929 720 977 cognato
746 924 1025 975 pharmacum
1050 923 1294 963 admoueat.
1350 922 1447 972 Ipse
1473 921 1674 960 Nicolaus
1699 921 1879 959 Ecmon-

272 982 409 1022 danus
441 994 551 1033 quur
584 979 808 1019 Bruxellae
841 979 994 1017 saeuiit
1025 978 1069 1016 in
1101 990 1199 1015 suos
1230 977 1481 1016 Carmelitas
1513 976 1567 1015 ob
1599 977 1740 1015 neseio
1773 988 1882 1027 quae

215 1058 253 1085 50
277 1036 513 1083 muliebria,
547 1048 633 1073 non
666 1033 803 1072 solum
834 1033 980 1083 iurgiis
1018 1044 1165 1070 verum
1203 1032 1332 1070 etiam
1371 1030 1609 1069 carceribus
1645 1034 1690 1068 et
1727 1029 1879 1081 flagris,

214 1085 220 1089 ”
276 1090 481 1129 adhibitis
520 1089 576 1128 ad
612 1088 657 1127 id
695 1086 928 1139 prophanis
965 1086 1200 1132 lictoribus,
1240 1098 1292 1124 ne
1330 1098 1396 1123 res
1433 1086 1568 1136 possit
1606 1097 1695 1123 esse
1734 1084 1843 1123 elam
1865 1088 1880 1123 ’ζ’

273 1145 432 1196 Vtique
454 1142 742 1194 respondisset
765 1142 847 1188 hic,
872 1154 915 1179 se
938 1154 1024 1192 quo
1048 1141 1182 1191 magis
1205 1139 1371 1178 faueret
1394 1139 1531 1178 ordini
1555 1152 1644 1185 suo,
1670 1151 1719 1177 eo
1743 1139 1882 1177 minus

272 1198 379 1237 ferre
409 1211 479 1237 eos
508 1198 582 1249 qui
611 1196 799 1236 moribus
827 1195 1067 1246 irreligiosis
1095 1194 1401 1233 dedecorarent
1429 1193 1633 1232 ordinem.
1693 1192 1750 1232 Et
1778 1193 1882 1231 haee

272 1254 346 1304 qui
362 1252 481 1299 facit,
499 1265 586 1291 non
603 1251 769 1303 patitur
785 1254 836 1289 vt
853 1249 1047 1288 sacerdos
1065 1262 1113 1287 ac
1131 1248 1354 1299 theologus
1373 1248 1551 1287 verbum
1568 1248 1697 1286 iaciat
1713 1247 1758 1286 in
1776 1248 1883 1286 vitia

214 1328 250 1360 55
273 1306 544 1346 sacerdotum
583 1319 632 1345 ac
671 1304 992 1355 theologorum;
1034 1316 1167 1354 quum
1205 1304 1376 1342 interim
1411 1301 1568 1341 nullius
1601 1314 1756 1341 nomen
1790 1314 1878 1352 per—

272 1363 520 1413 stringatur,
543 1364 593 1399 vt
613 1359 779 1399 vtilitas
800 1358 1105 1397 admonitionis
1126 1357 1181 1396 ad
1204 1369 1349 1396 omnes
1370 1358 1605 1408 perueniat,
1628 1355 1806 1395 infamia
1827 1356 1880 1394 ad

274 1417 498 1455 neminem.
583 1413 701 1462 Quur
735 1414 866 1464 igitur
900 1414 990 1463 ipse
1027 1413 1157 1451 toties
1194 1425 1216 1450 e
1255 1411 1459 1450 cathedra
1497 1411 1738 1462 theologica
1774 1423 1880 1461 eque

273 1474 470 1522 suggesto
492 1469 728 1508 manifestis
749 1468 980 1506 mendaciis
1001 1466 1290 1506 debacchatur
1308 1468 1352 1505 in
1372 1479 1527 1505 nomen
1548 1465 1714 1504 Erasmi
1736 1468 1752 1503 ‘f

328 1525 386 1564 Et·
413 1529 560 1564 tamen
587 1524 623 1562 is
650 1523 768 1561 locus
796 1535 882 1573 quo
911 1520 1096 1560 offensus
1130 1520 1313 1566 videtur,
1349 1520 1657 1559 modestissime
1691 1519 1880 1570 loquitur

210 1593 253 1623 60
271 1579 324 1618 de
346 1578 565 1618 monachis
586 1590 636 1617 ac
656 1576 878 1628 theologis
931 1576 1010 1614 Est
1031 1576 1156 1621 enim,
1180 1575 1224 1614 ni
1246 1574 1382 1621 fallor,
1406 1575 1449 1613 in
1472 1573 1695 1620 Paraclesi,
1719 1573 1881 1612 habens

274 1633 386 1673 hunc
404 1634 449 1673 in
467 1632 642 1672 modum
663 1645 671 1670 :
709 1630 718 1647 ‘
737 1630 887 1682 Neque
905 1631 1018 1669 enim
1037 1634 1370 1669 consentaneum
1389 1633 1466 1675 est,
1487 1641 1620 1680 quum
1639 1628 1880 1679 baptismus

273 1689 329 1727 sit
351 1701 403 1726 ex
427 1700 563 1738 aequo
587 1686 824 1725 communis
844 1684 1183 1723 Christianorum
1205 1684 1409 1730 omnium,
1434 1684 1478 1721 in
1501 1695 1587 1733 quo
1606 1683 1745 1733 prima
1764 1681 1878 1721 Chri-

272 1743 438 1782 stianae
484 1739 778 1793 philosophiae
826 1738 1030 1790 professio
1078 1742 1156 1783 est,
1205 1750 1338 1788 quum
1385 1742 1655 1775 sacramenta
1697 1740 1878 1782 caetera,

273 1796 455 1847 denique
483 1807 616 1847 quum
645 1794 883 1845 praemium
908 1792 1014 1831 illud
1041 1791 1380 1830 immortalitatis
1407 1791 1462 1829 ad
1491 1803 1637 1829 omnes
1664 1803 1717 1829 ex
1745 1802 1881 1840 aequo

211 1865 250 1903 ⁶5
274 1851 499 1901 pertineat,
531 1848 620 1887 sola
646 1848 851 1899 dogmata
879 1848 923 1886 in
947 1858 1105 1898 paucos
1129 1847 1234 1885 ist-os
1264 1859 1352 1884 esse
1375 1845 1601 1896 releganda
1626 1857 1732 1896 quos
1756 1844 1881 1882 hodie

274 1904 425 1956 vulgus
446 1903 677 1943 monachos
699 1906 775 1941 aut
795 1901 1015 1952 theologos
1036 1905 1177 1940 vocat.
1227 1899 1341 1947 Quos
1361 1901 1488 1951 ipsos,
1510 1900 1685 1938 tametsi
1705 1899 1882 1937 minima

273 1960 500 2010 quaepiam
527 1958 668 2009 portio
695 1960 796 1995 sunt
822 1956 877 1994 ad
904 1955 1111 2007 populum
1137 1954 1366 1994 Christiani
1392 1954 1588 2000 nominis,
1617 1958 1764 1992 tamen
1790 1953 1880 1999 1103,

273 2014 462 2064 inquam,
500 2013 614 2063 ipsos
652 2011 837 2062 optarim
874 2011 1077 2048 maiorem
1113 2010 1157 2047 in
1194 2008 1369 2048 modum
1406 2021 1495 2046 esse
1532 2007 1647 2058 quod
1684 2006 1879 2046 audiunt.

275 2067 429 2107 Vereor
457 2067 569 2104 enim
597 2078 649 2103 ne
677 2066 788 2103 inter
815 2063 1035 2115 theologos
1062 2063 1243 2114 reperire
1269 2062 1395 2101 liceat
1424 2063 1497 2113 qui
1526 2061 1711 2100 multum
1740 2060 1881 2099 absint

210 2143 253 2175 70
272 2134 297 2160 a
327 2133 403 2159 suo
432 2119 574 2167 titulo,
604 2119 683 2157 hoc
712 2123 778 2157 est
806 2118 880 2169 qui
908 2121 1076 2156 terrena
1104 2117 1336 2168 loquantur
1364 2129 1450 2155 non
1479 2116 1654 2155 diuina:
1700 2119 1745 2154 et
1772 2115 1882 2154 inter

276 2173 505 2213 monachos
518 2173 591 2224 qui
603 2172 758 2212 Christi
771 2176 1071 2222 paupertatem
1084 2175 1128 2210 et
1141 2170 1289 2209 mundi
1302 2174 1598 2221 contemptum
1611 2167 1878 2221 profitentur,

275 2228 503 2280 plusquam
532 2226 741 2265 mundum
769 2225 982 2276 reperias.’
1043 2224 1125 2265 Hic
1156 2224 1299 2276 palam
1330 2229 1396 2263 est
1426 2237 1503 2264 nec
1536 2224 1727 2263 ordinem
1758 2236 1784 2261 a
1814 2237 1879 2263 me

274 2282 468 2321 damnari
489 2294 565 2320 nec
587 2282 839 2331 cuiusquam
860 2280 1084 2331 perstringi
1105 2292 1274 2318 nomen.
1326 2278 1449 2326 Quod
1470 2279 1505 2318 si
1525 2277 1666 2317 nullus
1687 2281 1751 2317 est
1770 2278 1881 2317 inter

275 2336 505 2376 monachos
531 2347 607 2374 suo
632 2334 761 2374 titulo
786 2347 873 2374 non
897 2333 1170 2385 respondens,
1198 2334 1231 2372 si
1256 2332 1398 2372 nullus
1422 2334 1534 2372 inter
1558 2331 1778 2383 theologos
1802 2332 1882 2372 hoc

212 2413 252 2446 75
274 2390 472 2442 indignus
497 2390 681 2435 nomine,
709 2389 862 2428 merito
887 2387 1181 2427 stomachatur
1206 2388 1250 2426 in
1276 2400 1342 2426 me
1368 2387 1573 2438 gloriosus
1598 2386 1759 2426 Doctor
1784 2399 1881 2427 cum

275 2458 352 2484 suo
373 2443 615 2485 Carmelita.

330 2498 476 2538 Habes
495 2497 550 2537 ad
571 2510 703 2537 vnum
721 2496 851 2536 libelli
870 2500 1001 2547 caput
1021 2509 1029 2535 ι
1064 2497 1110 2536 111
1127 2508 1213 2546 quo
1232 2495 1312 2534 sibi
1331 2496 1434 2534 mire
1452 2494 1627 2546 placuit,
1647 2507 1735 2533 non
1754 2493 1881 2533 modo

277 2557 449 2604 propter
475 2552 764 2604 eloquentiam
790 2563 939 2590 verum
965 2551 1097 2589 etiam
1123 2549 1178 2589 ob
1204 2549 1405 2588 facetiam
1425 2563 1434 2596 ;
1476 2561 1577 2588 nam
1603 2547 1775 2587 videtur
1801 2547 1880 2587 sibi

277 2608 380 2646 mire
418 2606 599 2646 festinus
639 2605 841 2645 simulata
879 2604 1102 2644 modestia.
1178 2603 1404 2643 Praeterea
1442 2603 1558 2655 quod
1599 2602 1704 2642 inibi
1743 2602 1880 2641 scribo

323 2695 373 2733 38.
399 2698 454 2726 est
473 2693 549 2725 add.
572 2693 617 2724 H.
680 2701 733 2733 45.
757 2693 792 2726 Si
813 2693 879 2726 huc
898 2718 904 2724 .
925 2718 931 2724 .
954 2719 960 2725 .
979 2693 1029 2732 58.
1056 2692 1192 2724 Erasmi
1209 2692 1286 2725 add.
1303 2692 1348 2724 H.
1431 2700 1481 2731 59.
1509 2692 1649 2723 videtur
1665 2690 1815 2723 offensus
1832 2691 1876 2723 H.

277 2738 329 2770 60.
357 2737 464 2774 enim,
481 2738 517 2769 ni
535 2736 648 2773 fallor,
666 2737 740 2769 add.
760 2737 805 2768 H.
979 2735 1112 2769 habens
1135 2761 1142 2768 .
1171 2761 1178 2768 .
1204 2761 1212 2768 .
1242 2744 1293 2774 79.
1320 2735 1504 2768 Praeterea
1527 2734 1622 2777 quod
1641 2734 1676 2766 H
1693 2735 1760 2773 (69.
1785 2734 1877 2767 enim

277 2781 369 2856 {¹5ch
372 2780 407 2813 N
409 2783 420 2801 ³
433 2780 689 2863 Lgdogea-enim
704 2780 751 2812 N²
764 2780 886 2820 Lond.)
900 2792 907 2812 :
931 2780 1025 2818 Quos
1041 2780 1144 2812 hodie
1159 2779 1285 2822 vulgus
1301 2778 1494 2821 Theologos
1507 2789 1546 2811 ae
1559 2777 1747 2811 monachos
1760 2781 1877 2815 vocat,

320 2936 376 2977 ‘39’
401 2926 601 2978 Bruxellae]
628 2926 751 2959 Either
776 2926 877 2959 when
904 2926 947 2959 he
974 2937 1044 2959 was
1111 2930 1177 2965 v0;
1212 2927 1282 2959 LB.
1307 2937 1340 2959 v.
1368 2935 1432 2967 140
1445 2935 1505 2958 DE.
1551 2924 1729 2958 Erasmus’
1753 2929 1877 2967 quota-

278 2970 377 3020 Ρ1101·
411 2970 509 3020 there
543 2981 580 3002 m
620 2971 795 3011 1517-18;
840 2981 878 3003 or
913 2982 951 3003 as
987 2970 1042 3003 In-
1111 2971 1232 3003 tionis
1248 2970 1349 3009 close,
1366 2970 1432 3027 but
1444 2973 1510 3002 not
1523 2968 1662 3018 strictly
1667 2973 1850 3034 ⁶a—ccurate.

280 3017 654 3097 quffitqzmpffgcgiesi]
683 3057 719 3089 N
721 3081 728 3089 .
759 3058 863 3090 lustr.
893 3058 934 3090 f0.
966 3060 1045 3090 aaa⁴
1165 3023 1220 3098 1739.
1240 3014 1440 3099 1135111131]ὶέἳί
1440 3014 1835 3096 10].ΕοΙέοἷ17ἓῗ.ΙῙΙξ.Ιὲ.-Ι40
1844 3067 1874 3088 B.
