2012 3370
639 138 799 178 FROM
827 139 1054 178 ADRIAN
1083 139 1143 179 VI
1614 142 1689 181 149

98 141 220 190 1324]

95 263 120 287 a
146 253 291 288 nostra
317 252 471 288 natura
496 247 680 286 alienum
706 248 774 293 sit,
801 251 851 286 tu
876 248 978 299 ipse,
1007 249 1070 287 vti
1097 248 1318 295 credimus,
1345 262 1397 287 ex
1423 262 1473 287 eo
1499 253 1688 299 tempore

94 316 180 354 quo
206 303 331 342 simul
356 304 400 341 in
426 302 538 341 dulci
564 306 808 340 sanctarum
834 301 1053 340 literarum
1080 304 1171 342 ocio
1197 304 1325 354 inque
1351 303 1522 354 priuata
1548 303 1688 341 adhuc

95 358 186 396 vita
207 357 386 396 Louanii
404 356 673 407 degebamus,
695 357 855 406 optime
874 357 1000 395 nosti.

150 411 273 459 Quod
288 412 322 450 si
340 424 429 450 rem
448 410 571 456 hanc,
592 422 735 460 quam,
757 410 906 449 salutis
922 410 1178 450 creditarum
1197 411 1319 450 nobis
1332 411 1476 450 ouium
1489 411 1687 450 Christia-

94 478 259 516 naeque
276 464 600 516 tranquillitatis
628 464 862 514 desyderio,
891 469 1115 516 tantopere
1144 465 1221 504 abs
1250 470 1293 505 te
1319 467 1544 517 poscimus,
1575 465 1691 504 voles

94 519 280 571 pleniore
294 519 433 558 adhuc
448 518 650 569 obsequio
665 531 829 569 augere,
846 518 914 557 fac
928 519 1064 558 hieme
1079 524 1297 558 transacta
1312 524 1355 559 et
1370 524 1463 558 aere
1478 520 1689 566 Romano,

94 575 168 624 qui
199 574 363 624 aliquot
392 573 478 611 iam
508 572 724 611 mensibus
754 576 873 623 peste
904 573 1085 619 laborat,
1118 578 1313 624 purgato,
1347 574 1403 612 ad
1432 587 1510 613 nos
1540 587 1687 625 quam·

94 629 279 679 primum
312 628 470 673 venias,
507 626 581 666 sed
613 626 835 665 incolumis
869 639 918 665 ac
952 627 1075 666 letus.
1139 628 1234 666 Erit
1267 632 1369 667 tuus
1398 628 1611 667 aduentus
1644 632 1688 667 et

95 682 216 721 nobis
242 685 287 721 et
311 682 458 720 amicis
484 693 591 731 quos
617 680 685 719 hic
711 680 842 719 habes
869 682 1145 732 gratissimus.
1202 681 1378 721 quabit
1402 683 1506 721 item
1532 687 1576 721 te
1603 695 1690 721 non

94 749 245 786 parum
269 735 324 774 ad
348 735 427 774 hoc
452 748 571 786 opUS,
593 734 709 786 quod
732 738 824 773 tam
844 740 1059 787 praestare
1080 735 1207 774 debes
1227 749 1358 787 quam
1378 740 1512 787 potes,
1535 749 1689 788 magna

93 803 202 840 quae
232 802 359 841 penes
389 802 466 828 nos
495 793 560 828 est
589 789 794 828 librorum
825 791 947 840 copia
976 794 1020 828 et
1049 789 1248 841 frequens
1277 803 1374 829 cum
1405 791 1506 829 viris
1536 791 1617 842 piis
1646 794 1691 829 et

93 844 269 883 eruditis
281 844 394 882 hisce
409 843 461 882 de
476 843 602 882 rebus
618 845 934 883 commentatio.
986 844 1074 883 Nos
1089 845 1273 883 vicissim
1290 858 1462 896 operam
1478 845 1688 891 dabimus,

93 898 220 949 idque
251 897 382 943 breui,
415 897 588 936 fauente
619 897 799 944 Christo,
830 902 880 937 vt
910 902 955 937 te
982 898 1107 937 huius
1137 899 1299 938 itineris
1327 903 1404 938 aut
1434 903 1526 938 tam
1555 899 1692 938 sancti

94 952 249 992 laboris
264 965 350 991 non
366 953 558 1003 peniteat
578 964 586 990 :
620 952 981 1003 quemadmodum
997 953 1177 992 dilectus
1193 952 1303 992 filius
1319 958 1476 1001 noster,
1494 953 1692 992 dominus

94 1006 275 1046 Ioannes
302 1006 451 1053 Faber,
481 1007 546 1045 vir
572 1006 733 1045 zelosus
760 1011 805 1046 et
830 1008 991 1058 egregie
1019 1007 1172 1047 doctus
1197 1008 1347 1059 tuique
1373 1009 1691 1047 amantissimus

93 1065 138 1100 et
174 1073 353 1113 magnus
389 1060 565 1099 laudum
603 1064 776 1100 tuarum
814 1061 973 1112 vbique
1015 1075 1182 1113 praeco,
1221 1062 1323 1102 viua
1359 1062 1440 1102 tibi
1475 1075 1579 1102 voce
1616 1075 1690 1101 seu

1212 1160 1287 1192 108.
1313 1159 1405 1192 dulci
1423 1163 1624 1192 sanctarum
1645 1172 1663 1190 α
1681 1171 1688 1190 :

1303 1212 1315 1233 1
1327 1212 1377 1235 10.
1404 1204 1690 1245 Christianaeque

706 1253 777 1277 111.
806 1248 989 1287 tantopere
1011 1258 1054 1278 a:
1092 1250 1194 1279 tanto
1226 1247 1345 1279 studio
1367 1249 1400 1280 Β.
1595 1247 1690 1279 voles

92 1300 152 1325 mn,
181 1292 215 1323 β.
327 1297 400 1321 112.
436 1299 561 1330 augere
596 1289 706 1330 cupis,
741 1289 797 1320 fac
832 1292 1011 1320 transacta
1045 1289 1170 1331 hyeme
1194 1292 1228 1324 β.
1347 1298 1420 1329 114.
1447 1302 1487 1323 ac
1513 1303 1555 1322 a:
1580 1291 1675 1325 sedfi

92 1333 170 1364 Erit
182 1356 189 1364 .
205 1356 213 1364 .
229 1356 236 1364 .
258 1340 269 1362 1
282 1341 293 1362 1
303 1340 331 1372 5.
356 1332 573 1374 gratissimus
585 1343 648 1364 om.
663 1334 697 1370 β,
716 1342 843 1364 necnon
860 1331 939 1364 Cod.
972 1332 1144 1365 Vaticano.
1368 1334 1453 1366 item
1468 1347 1487 1364 α
1503 1347 1510 1366 :
1550 1335 1642 1366 enim
1656 1336 1689 1368 β.

91 1387 161 1408 non
177 1386 302 1417 pamm
315 1379 350 1407 te
362 1377 395 1410 Β.
530 1383 541 1405 1
554 1383 602 1415 17.
630 1385 720 1416 quae
732 1386 837 1417 penes
850 1386 913 1407 nos
925 1379 978 1407 est
990 1388 1009 1404 α
1025 1388 1032 1407 :
1051 1386 1138 1417 quos
1151 1376 1207 1408 hic
1220 1376 1389 1408 habemus
1401 1380 1435 1411 β.
1541 1387 1620 1409 cum
1634 1402 1641 1409 .
1658 1401 1665 1409 .
1681 1401 1690 1408 .

96 1420 170 1450 118.
195 1419 297 1451 rebus
321 1430 360 1450 a:
394 1419 577 1451 nobiscum
600 1422 636 1450 et
662 1429 743 1450 cum
770 1419 927 1460 pluribus
951 1419 1026 1451 aliis
1050 1420 1116 1461 piis
1139 1423 1176 1452 et
1198 1420 1311 1452 doctis
1334 1421 1417 1452 vin's
1440 1420 1483 1452 de
1507 1420 1572 1452 hac
1595 1431 1630 1453 re
1653 1423 1687 1455 β.

91 1463 164 1495 Nos
186 1474 230 1495 a:
258 1463 332 1495 Nos
355 1473 438 1495 vero
460 1464 493 1496 β.
527 1472 668 1504 operam
684 1486 692 1494 .
710 1486 718 1495 .
736 1486 744 1496 .
768 1471 841 1500 119.
867 1462 970 1494 huius
993 1474 1035 1494 a:
1066 1463 1228 1496 dabimus
1254 1475 1408 1506 operam,
1431 1468 1468 1496 et
1491 1464 1588 1497 breui
1611 1474 1691 1496 cum

92 1506 157 1538 Dei
181 1506 324 1544 auxilio,
348 1509 389 1538 vt
413 1516 456 1538 ne
482 1509 517 1537 te
538 1506 640 1538 istius
664 1508 699 1540 β.
848 1513 921 1538 120.
947 1517 1018 1538 non
1043 1518 1105 1539 om.
1133 1509 1166 1542 β.
1321 1508 1619 1549 quemadmodum
1645 1520 1688 1539 a:

91 1552 197 1592 prout
211 1551 244 1584 β.
440 1553 570 1587 noster,
587 1549 748 1582 dominus
764 1562 784 1580 α
800 1561 807 1582 ;
849 1550 1013 1592 magister
1027 1552 1061 1584 β.
1243 1559 1317 1582 121.
1343 1551 1475 1584 zelosus
1500 1555 1537 1584 et
1561 1551 1637 1584 add.
1656 1553 1689 1586 β.

97 1601 170 1625 122.
211 1602 358 1635 magnus
377 1593 452 1626 add.
474 1595 508 1628 β.
528 1593 593 1625 tibi
613 1593 697 1625 viua
716 1595 750 1627 β.
864 1603 924 1626 seu
943 1606 986 1625 a:
1021 1593 1076 1626 vel
1097 1596 1130 1628 Β.

142 1167 215 1200 107.
240 1159 287 1191 sit
304 1159 456 1191 alienum
473 1160 507 1193 β.
599 1159 683 1200 ipse,
703 1158 757 1190 vti
775 1158 958 1196 credimus,
977 1159 1052 1191 add.
1074 1161 1106 1192 Β.

92 1202 245 1235 iucundo
262 1205 295 1236 β.
453 1202 559 1244 inque
576 1213 596 1231 α
611 1213 619 1234 ;
639 1205 675 1234 et
692 1204 726 1236 B.
868 1210 941 1239 109.
969 1202 1126 1244 degimus
1144 1205 1177 1236 Β.

93 1246 358 1288 tranquillitatis
391 1246 466 1278 add.
491 1250 524 1279 β.

91 1680 216 1722 spiritu
239 1680 375 1712 seducti
397 1691 468 1712 non
493 1680 598 1712 modo
623 1681 772 1722 turpiter
795 1680 1032 1719 deseruerunt,
1057 1681 1118 1712 sed
1141 1684 1177 1712 et
1203 1682 1297 1713 omni
1321 1686 1401 1714 astu
1425 1681 1633 1724 dissipatum
1657 1682 1693 1714 in

91 1734 254 1766 praeceps
269 1734 368 1766 agere
383 1727 565 1762 conantur,
580 1723 680 1755 facile
695 1724 840 1756 redeant
889 1724 932 1756 Id
945 1734 1053 1766 quam
1067 1724 1168 1757 nobis
1181 1729 1272 1757 esset
1285 1725 1477 1757 iucundum
1491 1730 1528 1757 et
1541 1729 1692 1767 gratum,

91 1768 208 1809 potius
226 1778 333 1809 quam
351 1768 506 1800 censoria
522 1767 637 1809 legum
656 1768 753 1810 virga
770 1768 808 1799 in
825 1777 883 1799 eos
901 1768 1215 1806 afflmaduertatur,
1236 1772 1275 1800 tu
1292 1769 1366 1810 ipse
1384 1768 1484 1801 facile
1502 1769 1693 1811 perspicere

90 1814 202 1852 potes,
226 1811 287 1853 qui
310 1821 420 1853 quum
445 1811 641 1842 memineris
664 1821 727 1843 nos
752 1810 836 1843 dum
859 1811 896 1842 in
919 1811 1169 1844 iucundissimo
1192 1812 1371 1844 literarum
1396 1813 1471 1844 ocio
1494 1816 1530 1844 et
1553 1813 1693 1854 priuata

91 1854 206 1886 adhuc
223 1855 299 1886 vita
316 1855 529 1896 degeremus,
547 1855 652 1886 fuisse
670 1854 715 1886 ad
733 1854 1037 1886 mansuetudinem
1055 1866 1162 1896 quam
1180 1855 1227 1887 ad
1244 1857 1486 1887 austeritatem
1504 1857 1692 1898 proniores,

90 1898 289 1930 existimare
316 1898 420 1931 debes
447 1898 536 1930 hanc
562 1898 670 1930 animi
689 1899 800 1929 nostri
818 1897 1039 1930 clementiam
1060 1903 1136 1930 tum
1156 1902 1272 1931 aetate
1293 1903 1369 1930 tum
1396 1899 1563 1941 pastorali
1583 1900 1695 1932 officio

91 1951 162 1973 non
183 1942 361 1973 remissam
389 1941 493 1974 modo
520 1944 583 1973 aut
608 1942 847 1979 immutatam,
875 1941 935 1973 sed
955 1943 1073 1983 potius
1094 1946 1244 1974 auctam.
1292 1943 1404 1984 Igitur
1424 1953 1551 1984 magno
1571 1943 1694 1975 salutis

91 1985 302 2017 creditarum
315 1985 414 2017 nobis
429 1985 547 2017 ouium
561 1985 730 2016 desiderio
743 1988 789 2022 te,
804 1985 928 2016 dilecte
942 1985 1002 2023 fili,
1016 1985 1197 2018 hortamur
1211 1990 1246 2017 et
1259 1986 1295 2018 in
1309 1986 1460 2018 Domino
1475 1986 1694 2018 obsecramus

92 2032 133 2059 vt
155 2038 281 2060 munus
302 2028 367 2061 hoc
389 2029 465 2060 Deo
485 2028 753 2070 hominibusque
775 2032 958 2069 acceptum
980 2032 1015 2060 et
1037 2034 1072 2061 te
1095 2029 1291 2062 Christiano
1312 2030 1452 2062 homine
1474 2034 1509 2062 et
1530 2029 1694 2072 theologo

91 2071 236 2113 dignum
253 2082 292 2103 ac
309 2071 409 2104 nobis
425 2072 595 2114 imprimis
611 2075 751 2113 gratum
768 2072 911 2103 tandem
928 2073 1103 2114 suscipias.
1145 2073 1189 2105 In
1205 2084 1276 2115 quo
1291 2073 1372 2105 licet
1390 2073 1501 2105 multa
1517 2073 1692 2115 praeclara

91 2115 229 2157 ingenia
245 2125 315 2147 non
331 2115 514 2147 infeliciter
529 2115 698 2147 hactenus
714 2115 938 2155 elaborarint,
953 2116 1111 2148 iudicant
1128 2120 1247 2149 tamen
1265 2127 1383 2149 omnes
1400 2121 1434 2149 te
1452 2117 1692 2158 colophonem,

92 2162 133 2189 vt
149 2159 262 2197 aiunt,
279 2159 373 2199 operi
389 2158 596 2197 inditumm,
613 2159 642 2190 si
659 2159 763 2191 semel
781 2169 924 2191 manum
942 2170 1107 2202 apponas.
1150 2160 1252 2199 Quod
1269 2161 1297 2192 si
1315 2171 1388 2193 rem
1404 2161 1505 2193 nobis
1521 2161 1691 2194 desidera-

93 2202 264 2234 tissimam
283 2202 434 2244 pleniore
454 2202 568 2235 adhue
589 2202 755 2244 obsequio
775 2213 898 2245 augere
919 2204 1028 2245 cupis,
1048 2204 1103 2236 fac
1123 2204 1202 2236 MS.

140 2256 210 2278 120.
235 2246 533 2287 quemadmodum
550 2270 557 2277 .
577 2270 583 2277 .
603 2271 611 2278 .
633 2257 703 2289 127.
730 2247 858 2278 Hezius
875 2259 913 2278 a:
939 2247 1073 2290 Dignus
1086 2251 1139 2280 est
1151 2248 1243 2280 enim
1256 2259 1298 2280 ex
1312 2248 1441 2280 Diuino
1454 2248 1593 2281 oraculo
1605 2259 1689 2281 mer-

92 2289 248 2321 cenarius
270 2289 425 2321 mercede
447 2300 520 2322 sua.
567 2290 700 2322 Datum
722 2290 856 2322 Romae
880 2290 958 2323 MS.

143 2372 214 2402 109.
241 2365 403 2403 Louanii]
419 2365 468 2397 Cf.
488 2366 553 2407 Ep.
576 2375 668 2406 1304.
687 2369 742 2399 811.

141 2415 152 2438 1
165 2416 176 2438 1
185 2417 215 2448 3.
240 2408 352 2450 peste]
364 2409 436 2440 The
448 2409 572 2451 plague
583 2410 688 2451 raged
697 2410 733 2442 in
743 2410 855 2442 Rome

92 2450 293 2493 Sept.—Dec.
323 2461 416 2493 1522.
464 2452 513 2484 At
536 2453 595 2485 the
620 2453 701 2485 date
726 2454 761 2485 of
786 2454 855 2485 this

91 2494 194 2526 letter
210 2495 270 2527 the
287 2495 421 2537 College
439 2496 474 2528 of
491 2496 670 2528 Cardinals
687 2497 758 2528 had
775 2497 855 2536 fied,

92 2537 173 2580 only
198 2548 263 2571 one
288 2539 323 2571 of
347 2539 444 2572 them
469 2539 598 2582 having
624 2540 683 2572 the
708 2551 854 2581 courage

91 2581 149 2621 (cf.
184 2582 250 2624 Ep.
288 2591 381 2623 ¹105·
416 2584 498 2623 21n)
534 2586 571 2615 to
603 2584 736 2615 remain
769 2584 854 2615 with

91 2624 245 2664 Adrian3
291 2625 369 2657 who
399 2626 545 2658 insisted
577 2637 671 2668 upon
702 2628 854 2669 staying,

92 2668 225 2710 though
251 2668 294 2700 he
317 2679 387 2700 was
410 2669 547 2701 himself
570 2670 736 2702 attacked
762 2670 810 2712 by
833 2681 854 2702 a

91 2711 187 2743 sever
206 2721 308 2753 13—22
328 2712 422 2753 Sept.
449 2713 510 2745 See
528 2713 652 2744 Pastor
666 2714 711 2745 ix.
734 2716 849 2745 100—(5.

140 2766 276 2797 114-15.
300 2755 378 2787 Erit
395 2781 402 2788 .
423 2781 429 2787 .
449 2781 456 2788 .
476 2757 706 2797 gratissimus]
730 2756 853 2789 Found

94 2797 177 2839 only
194 2799 228 2829 in
244 2798 303 2830 the
320 2798 444 2831 Gouda
461 2800 532 2831 MS.

142 2849 215 2873 120.
241 2852 311 2874 non
356 2841 527 2883 peniteat]
573 2843 615 2874 In
653 2843 725 2875 Cat.
772 2844 851 2875 Luc.

92 2886 132 2923 (1,
162 2895 195 2926 p.
224 2895 278 2926 43.
311 2887 411 2927 7—12)
442 2886 607 2918 Erasmus
636 2890 745 2918 states
775 2887 855 2918 that

93 2927 223 2960 Adrian
245 2928 373 2961 offered
393 2929 478 2966 him,
499 2940 545 2961 no
566 2929 678 2962 doubt
699 2930 855 2971 verbally

94 2970 243 3013 through
292 2972 415 3011 Faber,
466 2972 474 2985 ‘
488 2973 722 3005 sacerdotium
769 2975 855 3006 satis

94 3013 321 3048 honorificum
335 3015 342 3029 ’
362 3016 419 3057 (cf.
446 3016 510 3059 Ep.
532 3025 624 3058 1345.
648 3018 766 3057 17-18)
785 3017 853 3049 and

924 2366 932 2380 ‘
949 2378 1074 2400 munus
1104 2368 1327 2400 honorarium
1342 2368 1363 2406 ⁵,
1396 2369 1482 2400 both
1513 2368 1547 2400 of
1577 2368 1689 2400 which

923 2411 965 2443 he
983 2411 1139 2443 deelined
1155 2424 1161 2443 :
1192 2412 1401 2454 apparently
1417 2413 1453 2444 in
1470 2412 1530 2444 the
1547 2412 1689 2453 missing

924 2456 1063 2496 portion
1087 2455 1121 2487 of
1144 2456 1209 2496 Ep.
1238 2465 1330 2496 1352.

974 2507 1046 2530 121.
1073 2498 1199 2538 Faber]
1217 2499 1278 2531 See
1292 2500 1381 2540 Epp.
1400 2500 1475 2539 380,
1494 2500 1586 2531 1260.
1609 2509 1686 2538 9on.

923 2541 996 2573 The
1016 2542 1098 2574 date
1119 2542 1154 2574 of
1175 2543 1228 2573 his
1248 2546 1366 2574 return
1386 2542 1476 2573 from
1497 2542 1608 2574 Rome
1629 2542 1687 2582 (cf.

924 2586 989 2626 Ep.
1019 2595 1110 2626 1335.
1142 2588 1195 2625 36)
1219 2586 1248 2617 is
1276 2586 1467 2617 uncertain.
1523 2586 1550 2616 Ι.
1576 2586 1689 2618 Staub

923 2629 958 2660 in
974 2639 995 2660 a
1012 2629 1071 2660 life
1088 2629 1123 2661 of
1141 2629 1226 2666 him,
1248 2638 1341 2667 1911,
1361 2639 1419 2670 pp.
1442 2631 1557 2670 177-8,
1577 2629 1690 2661 shows

925 2672 1003 2703 that
1022 2672 1118 2703 there
1135 2673 1164 2704 is
1182 2682 1228 2703 no
1246 2682 1366 2703 reason
1386 2676 1423 2703 to
1441 2682 1589 2714 suppose
1609 2673 1689 2705 that

924 2715 966 2746 he
996 2726 1066 2746 was
1094 2716 1130 2746 in
1160 2716 1352 2747 Constance
1383 2715 1498 2747 before
1529 2715 1588 2747 the
1618 2716 1689 2748 lato

923 2762 1084 2796 autumn,
1105 2759 1174 2790 and
1195 2762 1351 2800 suggests
1373 2759 1452 2790 that
1472 2759 1514 2790 hc
1535 2759 1605 2791 had
1625 2759 1687 2792 left

923 2801 1057 2843 shortly
1083 2802 1198 2833 before
1225 2802 1283 2833 thc
1310 2802 1392 2833 date
1418 2802 1453 2834 of
1478 2802 1548 2834 this
1573 2802 1686 2835 letter.

924 2845 971 2876 Or
989 2845 1031 2876 he
1051 2855 1132 2886 may
1151 2845 1240 2876 have
1260 2845 1346 2877 been
1365 2845 1424 2877 the
1443 2845 1563 2878 bearet
1581 2847 1616 2878 of
1634 2847 1684 2879 it:

922 2888 975 2919 for
998 2888 1136 2926 Hezius,
1159 2888 1236 2919 who
1259 2889 1339 2930 only
1361 2889 1497 2921 arrived
1517 2890 1553 2921 in
1575 2889 1687 2922 Romo

922 2931 1006 2963 with
1025 2931 1157 2963 Adrian
1174 2936 1214 2963 at
1232 2932 1291 2964 the
1309 2932 1377 2964 end
1396 2933 1431 2965 of
1450 2933 1599 2975 August,
1618 2944 1686 2966 was

919 2975 1083 3008 intimate
1105 2975 1190 3007 with
1213 2976 1324 3008 Faber
1348 2975 1356 2988 ⁴
1370 2976 1506 3018 aliquot
1529 2987 1661 3009 meuses
1677 2978 1684 2987 '

923 3019 1002 3060 (Ep⁴
1022 3027 1113 3060 1339·
1131 3020 1196 3060 32)-

1711 427 1773 449 110

1712 697 1769 730 115

1712 970 1774 992 120
