2012 3370
49 152 169 200 1299]
544 149 616 189 To
653 147 822 189 JossE
860 146 1129 187 LAURENs
1589 138 1638 186 87

47 257 245 298 Pontifex
258 259 336 299 hoc
349 259 490 298 animo
502 258 630 296 fuerit
643 261 705 303 vt,
720 261 898 308 excepto
911 256 1110 295 scandalo
1123 260 1166 295 et
1179 259 1442 306 contemptu,
1456 254 1640 292 voluerit
1659 271 1702 301 70

47 324 124 352 nos
143 314 372 365 astringere
391 312 447 352 ad
465 324 583 351 esum
602 312 780 363 piscium
800 311 878 350 sub
899 323 1035 362 poena
1056 314 1253 349 aeternae
1273 309 1574 349 damnationis.

101 367 252 407 Nescio
266 381 322 406 an
335 370 466 418 agant
479 366 705 405 aduersum
719 379 786 404 me
800 378 852 404 ex
866 365 1033 404 aedicto
1048 364 1248 404 Caesaris.
1291 363 1413 403 Certe
1426 361 1641 402 aedictum

46 420 152 460 illud
166 426 427 473 postremum
443 420 525 459 huc
541 433 627 459 non
642 420 848 471 peruenit,
866 432 943 458 nec
959 431 1148 470 vnquam
1164 418 1332 469 publice
1347 421 1424 457 aut
1439 416 1642 468 priuatim

46 474 131 514 fuit
165 475 415 514 exhibitum.
481 474 618 521 Quare
653 478 697 512 te
733 486 903 524 quaeso,
940 474 1006 512 vir
1041 474 1214 524 egregie,
1252 476 1303 511 vt
1336 475 1413 511 tua
1448 470 1642 521 aequitas

46 529 225 568 istorum
245 529 389 569 odium
407 532 450 568 et
469 529 746 567 acerbitatem
766 532 986 578 temperet.
1037 527 1161 574 Quod
1178 526 1234 565 ad
1252 539 1320 566 me
1338 526 1536 578 pertinet,
1557 524 1643 563 scio
1662 539 1680 570 7
1686 539 1700 571 5

47 583 151 634 quid
181 588 339 635 agant:
387 587 590 634 cuperent
620 595 686 621 me
717 581 965 633 protrudere
996 581 1063 619 vel
1093 580 1309 619 nolentem
1338 581 1383 619 in
1412 579 1643 618 factionem

48 636 349 684 Lutheranam‚
375 637 420 676 id
444 637 560 688 quod
584 649 803 687 nunquam
829 636 1023 674 efficient.
1078 634 1161 674 Sed
1184 634 1290 673 illud
1314 633 1560 679 videndum,
1586 645 1643 670 an

47 692 248 743 expediat
262 705 330 731 me
345 704 394 731 eo
410 691 652 743 propellere.
698 690 792 729 Erit
807 690 887 729 hoc
903 689 1157 728 Lutheranis
1172 689 1472 740 gratissimum,
1490 688 1525 726 si
1541 685 1644 738 quid

48 746 92 785 in
122 759 188 785 me
217 745 394 785 fecerint
422 746 635 785 atrociter.
694 744 738 784 Si
767 744 871 795 quid
900 743 1061 782 habent
1091 743 1317 782 aduersum
1348 755 1428 789 me,
1459 742 1644 793 primum

47 799 334 839 admoneant:
379 799 571 839 fortassis
599 800 661 838 ita
690 798 953 850 respondebo
983 801 1032 836 vt
1059 797 1141 836 illis
1170 796 1340 836 abunde
1367 795 1644 835 satisfaciam.
1663 803 1706 834 80

48 853 145 893 Non
164 857 230 894 est
247 854 315 893 hic
334 853 567 893 ludendum
586 857 744 892 temere
763 854 807 892 in
826 852 955 891 libros
975 852 1145 891 alienos.
1195 851 1305 891 Sunt
1323 850 1491 889 infinita
1510 849 1642 888 homi-

46 921 150 947 num
163 908 279 947 milia
291 909 363 959 qui
376 921 463 947 non
475 908 657 947 oderunt
670 908 908 953 Erasmum,
923 906 1039 957 quod
1051 919 1103 945 ex
1116 905 1232 944 libris
1252 906 1356 944 meis
1376 904 1644 956 profecerint.

49 962 107 1001 Et
129 976 295 1014 possem
318 963 491 1002 turbare
515 961 736 1008 mundum,
762 962 796 1000 si
820 961 947 1000 velim
967 974 975 1007 ;
1016 973 1165 999 verum
1189 960 1313 998 citius
1337 959 1492 998 moriar
1515 970 1643 1009 quam

49 1018 128 1056 sim
160 1017 329 1056 futurus
362 1021 487 1056 autor
519 1017 619 1055 noui
652 1016 877 1055 tumultus.
939 1015 1032 1054 Hoc
1065 1015 1208 1053 animo
1235 1027 1368 1065 quum
1397 1014 1489 1059 sim,
1520 1015 1646 1051 tanto

48 1071 234 1122 iniquius
256 1070 384 1110 fuerit
408 1072 672 1110 committere
697 1074 746 1109 vt
768 1071 941 1121 impune
965 1069 1096 1108 dedar
1118 1068 1376 1119 implacabili
1400 1067 1497 1106 odio
1521 1067 1646 1105 vnius
1665 1075 1703 1116 85

49 1130 126 1165 aut
156 1125 342 1165 alterius.
403 1125 445 1165 Si
477 1138 643 1164 mecum
674 1128 826 1175 agatur
857 1124 1049 1170 ciuiliter,
1083 1123 1261 1162 efficiam
1293 1135 1346 1160 ne
1377 1122 1472 1173 quis
1503 1121 1548 1159 in
1579 1133 1646 1159 me

49 1179 258 1219 desideret
280 1179 463 1219 officium
486 1179 668 1218 hominis
690 1178 929 1218 Christiani.
982 1178 1072 1229 Ego
1095 1189 1258 1228 semper
1280 1175 1428 1215 studui
1449 1174 1646 1227 prodesse

50 1235 258 1281 omnibus,
280 1247 417 1285 neque
436 1234 662 1285 quisquam
682 1233 815 1284 magis
835 1232 1036 1271 abhorret
1054 1244 1080 1270 a
1099 1231 1285 1270 dissidio.

103 1288 201 1328 Non
226 1301 305 1339 ago
331 1301 443 1327 nunc
470 1301 641 1326 causam
668 1287 800 1333 N.B.,
823 1299 924 1325 nam
943 1286 1083 1324 nescio
1109 1285 1213 1336 quid
1239 1284 1308 1324 ille
1334 1283 1550 1323 confessus
1576 1283 1645 1322 sit.

51 1342 163 1381 Illud
190 1343 288 1389 scio,
316 1355 402 1381 non
428 1342 556 1380 fuisse
582 1341 842 1392 Antuerpiae
868 1341 1008 1378 virum
1036 1339 1224 1378 moribus
1252 1336 1645 1389 incorruptioribus‚
1665 1355 1708 1384 90

49 1401 94 1435 et
117 1397 344 1448 gratiorem
371 1396 533 1435 ciuibus
560 1396 777 1446 magisque
809 1394 1091 1433 necessarium
1115 1392 1278 1444 reipub.
1306 1393 1350 1431 in
1374 1390 1649 1431 instituendis

49 1452 201 1502 pueris.
247 1451 334 1489 Nec
351 1450 403 1489 de
420 1450 577 1501 collega
593 1449 704 1488 illius
719 1449 952 1500 pronuncio
972 1461 981 1495 ;
1014 1460 1114 1486 nam
1130 1447 1241 1486 illius
1258 1459 1443 1492 causam,
1462 1444 1578 1497 quod
1594 1444 1649 1483 ad

51 1505 284 1544 Lutherum
302 1506 472 1551 attinet,
492 1517 577 1543 non
595 1504 708 1543 noui.
755 1502 868 1542 Illud
885 1503 983 1549 scio,
1004 1503 1143 1540 Virum
1161 1515 1249 1540 esse
1266 1500 1440 1552 pulchre
1457 1500 1647 1546 doctum,

50 1559 280 1599 multarum
295 1559 534 1611 linguarum
548 1559 746 1610 peritum,
762 1557 950 1596 moribus
963 1557 1162 1608 synceris,
1178 1556 1259 1595 nisi
1273 1555 1389 1606 quod
1403 1558 1468 1594 est
1480 1554 1647 1605 linguae

48 1613 264 1653 liberioris.
328 1614 380 1652 In
412 1614 524 1652 hunc
559 1612 860 1652 Ecmondanus
893 1611 1009 1650 haud
1042 1610 1170 1649 dubie
1204 1611 1368 1649 saeuior
1401 1609 1498 1656 fuit,
1533 1607 1649 1660 quod
1667 1626 1706 1657 95

50 1669 251 1720 priuatim
267 1668 322 1707 ab
336 1668 408 1707 illo
422 1667 572 1707 fuisset
586 1667 737 1706 laesus.
781 1666 917 1705 Nemo
932 1666 1067 1704 nescit
1081 1665 1161 1704 hoc
1176 1677 1298 1716 agere
1314 1663 1648 1703 Hoechstratum

50 1726 94 1762 et
111 1722 447 1770 Ecmondanum,
466 1726 516 1761 vt
532 1722 697 1773 linguas
713 1734 762 1760 ac
780 1721 913 1760 bonas
929 1720 1073 1759 literas
1090 1720 1357 1770 extinguant,
1376 1722 1421 1757 et
1436 1718 1481 1756 in
1497 1717 1648 1757 horum

50 1777 304 1828 professores
338 1777 607 1828 potissimum
643 1779 855 1826 quaerunt
890 1788 1050 1814 ansam.
1115 1773 1211 1812 Mea
1246 1773 1458 1812 sententia
1492 1771 1649 1810 rectius

50 1831 226 1871 fecerint
254 1832 289 1870 si
319 1833 404 1870 sint
433 1831 623 1870 contenti
653 1843 729 1869 sua
759 1830 951 1875 victoria,
983 1841 1058 1866 nec
1088 1829 1277 1866 excitent
1304 1828 1351 1865 in
1379 1826 1479 1865 orbe
1509 1825 1648 1876 plures

50 1885 302 1938 tragoedias.
348 1885 533 1925 Mundus
551 1889 768 1935 vtcunque
785 1883 893 1922 feret
910 1883 988 1921 sibi
1006 1885 1200 1934 ereptum
1218 1881 1466 1927 Lutherum,
1486 1879 1650 1931 linguas
1672 1899 1735 1921 100

51 1954 101 1980 ac
119 1941 253 1980 bonas
271 1940 414 1979 literas
433 1940 537 1991 eripi
556 1951 776 1990 nunquam
795 1937 916 1976 feret.

105 1995 188 2035 Sed
199 1994 390 2047 pluribus
403 1994 542 2033 verbis
555 2006 682 2032 onero
696 1991 1053 2043 magnificentiam
1067 1994 1189 2029 tuam
1202 2003 1211 2037 ;
1232 2001 1363 2039 quam
1377 1989 1507 2028 etiam
1520 1991 1651 2039 atque

51 2050 181 2088 etiam
200 2062 301 2101 rogo
325 2053 375 2087 vt
403 2062 479 2087 sua
508 2048 736 2099 prudentia
763 2059 924 2097 suaque
953 2045 1171 2096 aequitate
1200 2043 1443 2083 moderetur
1472 2042 1651 2081 aliorum

52 2104 250 2155 impetus.
308 2103 366 2141 Et
389 2104 423 2141 si
447 2102 551 2154 quid
570 2105 634 2141 est
653 2101 739 2140 tale
759 2100 884 2152 quale
903 2113 1047 2139 rumor
1066 2099 1149 2138 huc
1169 2098 1332 2145 attulit,
1353 2110 1440 2137 non
1459 2097 1651 2149 patiatur

53 2158 290 2204 Erasmum,
312 2157 364 2196 de
385 2157 580 2196 omnibus
600 2157 953 2201 benemerentem,
976 2154 1074 2193 odio
1094 2153 1275 2192 duorum
1294 2153 1515 2191 hominum
1536 2150 1649 2190 dedi.
1674 2169 1731 2202 105

53 2212 241 2251 Dubium
280 2225 365 2251 non
402 2216 467 2250 est
497 2212 600 2262 quin
625 2210 738 2249 idem
764 2209 868 2248 velit
893 2213 937 2248 et
963 2208 1151 2248 Caesaris
1176 2207 1400 2247 clementia
1425 2210 1469 2245 et
1495 2205 1651 2244 summi

54 2266 270 2306 Pontificis
306 2266 443 2318 pietas
470 2269 515 2304 et
540 2264 735 2317 publicus
762 2264 970 2304 bonorum
998 2262 1190 2302 affectus.
1260 2261 1377 2300 Bene
1405 2260 1548 2299 valeat
1575 2263 1652 2298 tua

55 2320 379 2372 magnificentia,
401 2321 466 2359 vir
482 2320 646 2366 eximie,
665 2323 709 2358 et
726 2319 951 2357 Erasmum
968 2318 1078 2356 inter
1095 2320 1192 2356 tuos
1210 2316 1382 2354 clientes
1400 2314 1635 2353 asscribito.

108 2375 298 2415 Basileae
314 2374 447 2426 pridie
468 2374 571 2413 Idus
592 2373 736 2421 Iulias,
759 2373 883 2412 Anno
907 2382 1024 2423 1522.

406 2470 528 2509 1300.
592 2467 659 2507 To
693 2466 891 2508 JEROME
924 2464 1133 2505 VANDER
1163 2463 1314 2504 Noor.

103 2542 241 2577 British
256 2542 423 2576 Museum
440 2540 534 2576 Add.
551 2541 625 2575 MS.
643 2542 770 2584 38512‚
787 2539 811 2574 f.
829 2550 861 2574 2.
1330 2601 1369 2634 ¹4
1391 2533 1544 2631 1ᾖ1ῗᾷιὸἐέ.
1557 2598 1564 2611 ›
1583 2598 1590 2608 δ

99 2661 169 2702 [An
183 2660 325 2702 original
338 2659 452 2698 letter,
465 2660 603 2692 written
617 2658 686 2690 and
699 2656 885 2690 addressed
900 2656 944 2698 by
958 2667 978 2687 a
991 2658 1163 2696 secretary
1177 2656 1251 2694 (αι),
1266 2651 1441 2684 corrected
1454 2651 1524 2683 and
1536 2651 1656 2693 signcd

57 2704 103 2746 by
128 2705 293 2736 Erasmus
317 2705 402 2744 (a²):
439 2702 609 2736 endorsed
633 2713 677 2734 on
702 2701 761 2733 the
785 2711 885 2732 verso
908 2700 943 2731 of
967 2699 1026 2731 the
1050 2697 1178 2730 second
1201 2697 1299 2729 shcet
1323 2696 1369 2737 by
1393 2706 1413 2726 a
1437 2695 1526 2726 later
1549 2694 1657 2732 hand,

656 2760 710 2799 96.
737 2759 991 2792 Hochstratum
1008 2759 1054 2791 N.

104 2838 157 2871 72.
183 2828 335 2867 aedicto]
351 2829 413 2860 See
430 2828 494 2870 Ep.
516 2837 609 2868 1217.
633 2835 727 2865 14411.
889 2823 1111 2856 commission
1126 2833 1165 2854 as
1181 2832 1340 2854 assessor.
1381 2821 1442 2853 See
1460 2820 1655 2862 Fredericq,

107 2883 160 2914 73.
185 2873 271 2905 illud
308 2870 539 2914 postremum]
578 2871 612 2902 of
649 2880 691 2908 29
722 2869 821 2910 April
888 2869 937 2905 iv,
954 2878 1012 2909 pp.
1035 2875 1106 2907 115,
1128 2876 1198 2906 123.

64 2924 158 2956 1522,
183 2916 376 2957 conferring
400 2915 464 2948 full
487 2924 619 2957 powers
644 2924 690 2946 on
715 2913 822 2945 Hulst
937 2912 990 2948 89.
1017 2910 1059 2942 N.
1078 2909 1134 2949 B.]
1157 2910 1232 2941 Nic.
1259 2907 1556 2941 Buseoducensis:
1602 2918 1656 2939 sec

61 2960 140 3002 (Ep.
181 2968 272 3001 1345.
313 2961 391 2999 39n)
425 2959 480 2991 for
514 2958 573 2990 the
607 2957 822 2998 extirpation
892 2955 982 2997 Epp.
999 2955 1074 2985 616.
1098 2963 1175 2993 14n,
1196 2962 1288 2993 1302.
1310 2953 1407 2995 86—7‚
1429 2954 1521 2992 1358.
1543 2961 1593 2991 32.

63 3002 97 3034 of
147 3002 268 3044 heresy
318 3002 407 3035 from
460 3001 628 3034 Brabant.
703 3000 823 3031 About
936 3006 991 3036 92.
1018 2996 1162 3038 collega]
1200 2997 1301 3029 Corn.
1343 2995 1548 3036 Graphcus:
1604 3005 1658 3026 sce

63 3045 103 3088 <7
130 3046 210 3087 May
224 3046 259 3088 ἲ)
288 3046 439 3078 Laurens
464 3056 535 3078 was
559 3044 674 3077 added
700 3047 737 3076 to
763 3043 822 3075 thc
892 3042 982 3084 Epp.
1006 3041 1102 3082 1087.
1124 3048 1228 3081 35511‚
1247 3049 1341 3080 1302.
1361 3040 1458 3081 83-4.
