2012 3370
237 152 317 191 590
712 151 965 191 LETTERS
997 152 1070 191 OF
1099 151 1362 192 ERAsisUs
1711 156 1834 206 [1524

236 265 343 300 tum.
423 262 559 307 Quare
596 260 699 298 nihil
734 264 799 299 est
835 260 949 310 quod
987 260 1120 299 vllum
1162 260 1375 299 hominem
1415 261 1558 312 aliqua
1603 264 1835 313 suspitione

237 328 412 366 grauare
434 315 548 352 velis.

293 370 350 408 Et
381 374 482 408 sunt
513 368 686 419 quidem
718 368 855 407 multa
887 368 969 407 alia
1001 368 1156 420 quibus
1188 369 1266 408 hoc
1298 369 1463 421 plenius
1494 374 1539 409 et
1570 371 1725 409 certius
1756 371 1835 411 tibi

175 437 215 470 25
236 423 487 474 persuadere
519 435 699 474 possem.
762 422 844 462 Sed
877 423 1040 462 calamo
1073 423 1290 462 fidendum
1324 437 1410 463 non
1442 428 1520 472 est,
1554 428 1835 476 posteaquam

233 477 366 523 litere,
390 481 440 516 vt
461 481 509 516 tu
532 476 690 523 scribis,
713 477 1053 528 intercipiuntur.
1106 477 1164 517 Et
1183 479 1294 517 inter
1315 479 1634 518 iurisconsultos
1654 479 1835 518 necdum

234 532 338 570 satis
371 532 584 578 conuenit,
618 532 652 570 si
685 531 907 578 accideret,
942 532 1009 571 cui
1040 531 1145 571 furti
1177 537 1438 584 competeret
1470 534 1595 573 actio.
1658 532 1835 572 Interim

234 586 293 624 sic
319 585 447 624 velim
472 585 552 624 tibi
578 585 846 636 persuadeas,
874 599 941 624 me
967 587 1109 625 omnia
1135 599 1185 625 ea
1210 600 1292 638 que
1318 592 1361 625 te
1388 586 1494 626 velle
1520 600 1687 638 queque
1713 587 1767 626 ad
1793 592 1836 626 te

233 640 443 690 pertinere
481 639 733 686 arbitrabor,
774 640 1125 691 studiosiss<ime>
1162 641 1468 692 diligenterque
1507 646 1754 680 curaturum
1793 646 1838 681 et

177 707 218 738 30
234 695 504 744 prouisurum
520 708 528 740 ;
554 698 598 733 et
617 695 652 732 si
672 707 854 745 vsquam
872 695 1100 747 quisquam
1115 699 1180 734 cst
1196 697 1268 746 qui
1285 696 1337 734 de
1354 696 1532 734 Erasmo
1551 696 1835 746 vndequaque

234 749 394 798 optime
419 749 562 794 sentit,
586 761 683 787 eum
705 761 781 800 ego
803 761 869 787 me
890 749 1104 800 profiteor.
1155 749 1204 788 B.
1227 749 1274 788 V.

288 801 479 842 Dresden
499 802 628 842 Kaln.
649 802 894 842 Decembris
914 803 982 842 A0.
1005 804 1155 842 xxiiiio.

1000 857 1199 907 <Sim>on
1219 857 1425 897 Pistorius
1699 863 1780 898 etc.

260 932 513 1025 bEruditilss.
558 937 603 973 et
644 934 841 985 integerr.
886 933 1084 985 theologo
1128 933 1307 973 Erasmo
1351 933 1654 982 Roterodamo,
1699 935 1836 974 amico

232 999 258 1026 o
290 999 459 1026 seruan(
474 1000 512 1027 o.

664 1100 784 1138 1522.
849 1097 917 1138 To
951 1096 1132 1139 HENRY
1165 1097 1404 1140 STROMER·.

279 1188 381 1234 Opus
399 1189 653 1234 Epistularum
671 1200 706 1233 p.
723 1189 807 1233 633.
1540 1190 1658 1226 Basle.

277 1245 323 1281 N.
344 1257 378 1291 p.
395 1246 465 1290 603
483 1260 490 1280 :
524 1246 641 1281 Lond.
660 1246 736 1281 xix.
753 1257 800 1289 4:
836 1246 909 1281 LB.
929 1255 1009 1291 715.
1404 1257 1444 1282 10
1462 1246 1665 1282 December
1687 1256 1787 1292 1524.

275 1325 363 1366 [The
386 1325 570 1367 year-date
593 1327 622 1358 is
648 1325 836 1358 confirmed
862 1325 910 1367 by
934 1326 994 1358 the
1019 1327 1176 1359 mention
1201 1327 1237 1359 of
1262 1327 1322 1360 the
1348 1327 1396 1359 De
1422 1326 1522 1359 libero
1546 1326 1696 1364 arbitrio,
1721 1326 1833 1360 which

231 1368 358 1410 clearly
382 1369 452 1402 had
476 1369 632 1411 recently
655 1369 853 1411 appeared:
891 1379 947 1402 see
971 1369 1059 1411 Epp.
1091 1379 1255 1410 1419-20,
1284 1371 1376 1411 1481.
1427 1370 1630 1412 Evidently,
1656 1374 1728 1407 too,
1754 1380 1833 1403 con-

231 1417 432 1454 temporary
449 1413 535 1446 with
553 1413 617 1455 Ep.
642 1422 734 1455 1523.
779 1413 847 1445 For
863 1413 1143 1446 Melanchthon’s
1161 1415 1302 1456 opinion
1322 1414 1358 1446 of
1375 1413 1445 1447 this
1463 1414 1568 1447 letter
1584 1424 1640 1446 see
1657 1413 1734 1446 ME.
1757 1416 1831 1453 318,

231 1456 364 1499 quoted
379 1457 415 1489 in
430 1457 495 1499 Ep.
517 1466 598 1498 1523
615 1457 762 1497 introd.]

360 1544 562 1573 ERASMVS
592 1543 923 1572 ROTERODAMVS
952 1545 1152 1573 HENRIOO
1184 1545 1419 1573 STROMERO
1451 1545 1707 1573 AVRBACHIO

880 1599 1052 1627 MEDICO
1083 1599 1117 1628 S.
1137 1599 1180 1627 D.

286 1660 385 1698 RISI
427 1659 701 1698 salsissimam
743 1658 968 1710 epistolam
1014 1663 1149 1706 tuam,
1195 1672 1443 1710 quanquam
1488 1660 1659 1699 interim
1701 1661 1832 1698 risum

229 1714 369 1752 ridens
406 1713 664 1752 sardonium.
731 1712 941 1752 Refricuit
978 1713 1080 1752 mihi
1116 1714 1233 1752 iocus
1269 1717 1370 1752 tuus
1406 1713 1513 1752 Mori
1550 1714 1632 1752 mei
1668 1713 1833 1753 dictum

229 1767 447 1819 quoddam
475 1780 561 1807 non
588 1767 822 1819 illepidum.
880 1767 993 1806 Nam
1022 1766 1174 1806 aeditis
1202 1766 1320 1806 libris
1349 1766 1413 1806 De
1442 1767 1586 1819 Copia,
1620 1766 1629 1783 ‘
1648 1766 1803 1807 Emisit
1823 1768 1831 1784 ’

226 1822 380 1874 inquit,
403 1821 412 1837 ‘
432 1821 634 1875 Erasmus
651 1825 864 1872 vtranque
882 1820 1058 1873 Copiam
1078 1834 1087 1868 ;
1121 1821 1225 1873 quid
1241 1822 1389 1873 itaque
1406 1821 1486 1861 sibi
1503 1821 1714 1873 reliquum
1730 1821 1831 1861 fecit

194 1880 398 1928 spraeter
440 1889 653 1915 summam
694 1877 884 1927 inopiam
906 1876 952 1915 ‘2’
1025 1875 1096 1915 Ita
1138 1875 1330 1927 profecto
1373 1888 1487 1915 nunc
1529 1875 1685 1915 habere
1727 1875 1832 1916 desii

229 1930 409 1970 liberum
439 1930 677 1978 arbitrium,
709 1934 859 1981 postea
888 1942 1019 1982 quam
1049 1930 1169 1969 emisi
1197 1931 1242 1969 in
1271 1930 1435 1982 vulgus.
1497 1930 1714 1981 Optabam
1743 1943 1832 1969 esse

229 1989 445 2036 spectator
468 1984 593 2024 huius
615 1984 800 2032 fabulae,
824 1997 910 2024 non
934 1984 1050 2036 quod
1073 1984 1285 2023 Ecclesiae
1307 1985 1481 2036 negocio
1504 1997 1581 2036 pro
1605 1997 1699 2024 mea
1722 1984 1833 2024 virili

229 2040 392 2091 pigeret
419 2039 577 2085 adesse,
609 2038 682 2078 sed
711 2038 827 2091 quod
855 2038 1044 2078 viderem
1072 2051 1161 2078 esse
1189 2039 1326 2078 rixam
1355 2039 1407 2078 de
1435 2038 1664 2090 paradoxis
1691 2040 1831 2078 nescio

230 2093 414 2145 quibus:
466 2097 561 2132 tum
597 2097 743 2133 autem
779 2093 1028 2132 diuinabam
1064 2092 1259 2132 futurum
1295 2096 1345 2132 vt
1382 2093 1416 2132 si
1452 2106 1519 2132 me
1556 2093 1831 2132 admiscerem

172 2165 213 2188 10
230 2148 388 2187 actioni
419 2146 603 2193 fabulae,
637 2147 741 2186 nihil
774 2147 890 2186 aliud
922 2160 1052 2199 quam
1084 2160 1173 2186 rem
1205 2160 1512 2199 exasperarem,
1546 2160 1641 2187 meo
1673 2148 1832 2198 pariter

230 2206 275 2241 et
318 2214 468 2241 causae
512 2200 637 2240 malo.
717 2201 951 2248 Postremo,
991 2201 1260 2241 considerans
1309 2202 1446 2241 vitam
1496 2201 1829 2242 Christianorum

231 2255 418 2307 vndique
454 2256 829 2306 corruptissimam,
867 2256 1033 2294 etiamsi
1069 2257 1248 2307 pessime
1284 2257 1505 2294 sensissem
1540 2255 1593 2294 de
1629 2256 1829 2302 Luthero,

231 2314 376 2349 tamen
397 2309 706 2362 propemodum
727 2310 970 2349 iudicabam
991 2309 1110 2348 illum
1135 2314 1334 2363 ἀναγκαῖον
1358 2313 1468 2349 κακὸν
1495 2311 1596 2357 εἶναι,
1620 2310 1736 2362 quod
1757 2311 1830 2361 qui

230 2364 411 2412 tolleret,
452 2364 620 2404 tolleret
657 2364 702 2403 id
742 2364 857 2415 quod
896 2364 975 2403 hoc
1015 2368 1133 2403 statu
1172 2369 1415 2415 temporum
1454 2369 1565 2403 esset
1604 2366 1828 2415 optimum.

175 2435 210 2469 15
232 2418 388 2458 Verum
418 2418 524 2458 illud
554 2422 647 2458 erat
677 2419 722 2457 in
752 2418 854 2458 fatis
886 2419 1001 2465 meis,
1035 2422 1085 2458 vt
1115 2418 1195 2458 hoc
1227 2419 1381 2458 aetatis
1412 2431 1465 2457 ex
1496 2419 1656 2457 musico
1687 2417 1829 2458 fierem

228 2473 437 2512 retiarius,

284 2527 491 2578 Deplorat
528 2526 730 2566 Laberius
768 2526 1084 2578 mimographus
1122 2527 1237 2578 quod
1274 2539 1407 2566 annos
1444 2531 1572 2566 natus
1609 2527 1830 2578 sexaginta

230 2581 418 2621 Caesaris
436 2582 669 2620 autoritate
686 2585 929 2632 protractus
947 2585 1058 2620 esset
1074 2581 1118 2620 in
1136 2594 1318 2628 scenam,
1338 2586 1388 2620 vt
1406 2582 1479 2632 qui
1497 2581 1624 2620 domo
1643 2593 1830 2632 egressus

230 2639 323 2675 erat
350 2648 478 2687 eques
507 2635 739 2682 Romanus,
770 2635 927 2674 rediret
954 2635 1116 2674 histrio.
1175 2635 1265 2687 Ego
1293 2635 1406 2675 idem
1434 2634 1566 2674 ferme
1594 2636 1749 2674 aetatis
1778 2647 1830 2673 ex

170 2707 212 2730 20
230 2689 392 2728 cultore
431 2689 649 2728 Musarum
689 2688 745 2728 fio
785 2689 1007 2741 gladiator.
1078 2688 1277 2729 Veianius
1317 2690 1391 2740 qui
1432 2702 1595 2740 semper
1635 2693 1829 2727 versatus

229 2742 371 2783 fuerat
389 2745 433 2783 in
453 2744 623 2791 harena,
645 2745 917 2783 excusatione
937 2744 1168 2783 senectutis
1188 2745 1341 2783 meruit
1363 2744 1617 2791 missionem,
1638 2748 1683 2782 et
1702 2743 1829 2782 armis

502 2809 695 2849 Herculis
723 2809 778 2847 ad
805 2814 972 2861 postem
999 2809 1094 2849 fixis
1121 2810 1229 2849 latet
1255 2810 1428 2849 abditus
1455 2822 1584 2862 agro:

278 2916 372 2947 1522.
399 2925 428 2956 3.
455 2916 507 2948 De
520 2915 642 2957 Copia]
654 2916 717 2949 See
730 2915 795 2958 Ep.
809 2917 876 2948 260
891 2928 901 2954 ;
926 2917 996 2948 and
1065 2917 1134 2948 and
1151 2917 1194 2949 cf.
1212 2917 1277 2957 Ep.
1297 2926 1392 2958 1455.
1411 2918 1529 2950 12-16.

230 2958 284 2990 for
299 2958 359 2991 the
375 2958 444 2999 jest
459 2959 502 2991 cf.
520 2959 610 3000 Epp.
628 2968 703 3001 237.
721 2969 753 2997 2,
772 2968 846 3001 732.
866 2968 966 3000 3-4n.
1113 2971 1162 3002 17.
1188 2959 1370 2999 Laberius]
1385 2960 1448 2993 See
1463 2960 1530 3002 Ep.
1550 2962 1644 3001 1481.
1665 2970 1740 3001 14¹1·

279 3001 309 3034 8.
334 3002 536 3044 paradoxis]
551 3002 601 3036 Cf.
621 3003 686 3045 Ep.
712 3012 808 3045 1504.
826 3013 880 3042 22,
896 3006 995 3045 25-6.
1109 3013 1162 3036 20.
1187 3003 1367 3044 Veianius]
1392 3003 1443 3037 cf.
1472 3003 1555 3037 Hor.
1584 3004 1648 3044 Ep.
1680 3012 1707 3036 1.
1739 3012 1765 3035 1.
1792 3013 1825 3043 4,

277 3052 328 3084 13.
353 3045 529 3085 ἀναγκαῖον
556 3046 672 3086 κακὸν]
700 3046 761 3079 See
786 3046 892 3087 Adaq.
917 3049 995 3086 426,
1065 3055 1110 3087 53
1138 3047 1209 3079 and
1225 3047 1289 3089 Ep.
1308 3055 1384 3088 952.
1402 3056 1455 3079 22.
