2012 3370
234 138 312 174 528

711 138 964 177 LETTERS
997 139 1068 177 OF
1098 140 1361 179 ERASMUS

1709 144 1832 193 [1524

234 259 506 297 perueneram
536 248 646 285 enim
674 247 855 286 hominis
878 249 1107 299 ingenium.
1163 249 1273 288 Huic
1299 250 1511 290 Adrianus
1536 257 1681 290 sextus
1708 254 1833 291 misso

233 300 465 351 diplomate
498 302 759 351 imposuerat
792 301 1007 340 silentium
1041 302 1092 341 de
1128 316 1221 342 me:
1271 316 1371 342 nam
1404 305 1445 343 in
1481 304 1835 356 praelectionibus

232 353 424 406 publicis,
441 355 485 392 in
501 354 772 394 concionibus
789 355 1099 404 deblaterabat,
1116 369 1225 408 quac
1241 370 1317 397 nec
1335 358 1503 398 Orestes
1518 357 1662 398 furens
1677 359 1837 399 diceret

171 417 210 456 63
232 409 275 446 in
306 420 564 459 quenquam.

623 408 749 448 Nunc
780 409 968 448 Adriano
1000 414 1169 450 mortuo
1201 412 1341 463 coepit
1371 412 1513 452 denuo
1542 414 1730 464 gannire,
1762 413 1836 452 sed

231 461 393 500 ridetur
416 461 471 500 ab
495 461 705 502 omnibus.
759 463 950 503 Clemens
973 464 1018 503 in
1041 465 1274 517 diplomate
1298 479 1374 505 suo
1399 466 1620 518 pollicetur
1645 467 1835 506 animum

232 528 359 566 quem
394 528 506 554 nunc
542 516 686 563 habet,
721 522 1019 558 constantem:

1069 532 1145 571 ego
1178 521 1363 560 vicissim
1398 521 1598 572 polliceor
1632 521 1834 572 quicquid

231 569 356 608 officii
381 574 597 620 praestare
622 575 766 622 potest
791 572 1106 612 addictissimus
1132 573 1241 613 filius
1267 576 1427 625 optime
1454 576 1605 614 merito
1630 576 1757 627 patri.

286 623 400 664 Bene
427 624 535 671 vale,
564 626 629 664 vir
655 627 821 674 eximie,
845 631 890 666 et
915 628 1046 666 istum
1074 629 1422 668 candidissimum
1449 630 1580 668 animi
1606 631 1650 668 in
1678 642 1744 669 me
1771 630 1835 669 tui

169 694 212 726 70
231 677 422 716 fauorem
447 678 605 718 obtine.

661 679 743 719 Vbi
769 694 812 720 se
837 681 960 721 dabit
985 684 1297 734 opportunitas,
1325 696 1402 722 nos
1428 684 1613 723 vicissim
1638 683 1836 723 dabimus

232 744 404 783 operam
438 745 491 772 ne
524 746 653 784 penes
687 734 902 774 hominem
937 738 1109 775 omnino
1143 739 1359 789 ingratum
1394 737 1619 777 collocasse
1654 738 1835 777 videaris

234 791 357 825 tuum
377 786 575 826 officium.

285 840 448 880 Datum
474 841 602 882 Basil.
628 843 805 894 postrid.
833 844 1004 885 Calend.
1031 844 1304 896 Septembris,
1331 846 1455 886 Anno
1480 857 1715 886 M.1).xx1111

627 1002 747 1041 1482.

279 1087 380 1132 Opus
400 1089 651 1133 Epistolarum
672 1101 706 1134 p.
723 1091 806 1132 627.

278 1147 323 1181 N.
345 1158 378 1191 p.
401 1149 466 1191 598
485 1162 490 1180 :
527 1148 641 1182 Loncl.
663 1149 765 1182 xviii.
785 1158 826 1193 53
846 1163 851 1182 :

892 1150 961 1183 [ΑΒ.
979 1151 1061 1193 603.

810 1000 879 1041 To
911 1001 1108 1043 -JEROME
1140 1000 1423 1043 ALEANDER.

1542 1092 1659 1126 Baslc.

1412 1161 1429 1183 2
1452 1150 1667 1195 September
1689 1160 1787 1195 1524.

277 1252 475 1280 ERASMVS
504 1253 835 1281 ROTERODAMVS
866 1254 1137 1282 HIERONYMO
1168 1255 1423 1291 ALEANDRO,
1457 1255 1807 1284 ARCHIEPISCOPO

816 1309 1121 1341 BRVNDVSINO.
1155 1309 1188 1337 S.
1209 1310 1251 1337 D.

286 1368 372 1407 VIR
409 1369 573 1408 eximie.

633 1370 819 1408 Rursum
849 1370 1035 1420 quereris
1065 1369 1180 1420 quod
1210 1375 1252 1408 te
1281 1370 1414 1408 literis
1454 1371 1557 1410 meis
1596 1370 1833 1410 traducam.

232 1423 325 1461 Imo
347 1424 434 1462 iam
456 1423 594 1461 tribus
619 1427 695 1461 aut
718 1428 904 1474 quatuor
927 1423 1028 1461 locis
1051 1424 1095 1462 iu
1119 1424 1486 1463 lucubrationibus
1510 1426 1614 1463 meis
1638 1425 1833 1464 honorifi-

231 1477 518 1516 centissimam
544 1476 654 1516 facio
680 1479 745 1517 tui
772 1479 1060 1517 mentionem:
1104 1491 1213 1529 quae
1241 1491 1304 1517 res
1331 1479 1446 1529 apud
1473 1478 1706 1518 Germanos
1732 1480 1835 1518 mihi

231 1543 442 1570 summam
465 1530 668 1571 conflauit
689 1532 909 1570 inuidiam.

963 1531 1086 1579 Quod
1110 1532 1209 1571 olim
1232 1532 1424 1571 nonnihil
1446 1537 1622 1584 questus
1645 1547 1738 1572 sum
1762 1547 1836 1584 per

194 1606 210 1640 5
228 1585 373 1625 literas
399 1585 515 1636 apud
542 1587 712 1633 amicos,
739 1599 900 1625 nouum
920 1587 1054 1625 videri
1073 1599 1159 1625 non
1179 1586 1320 1633 debet,
1342 1599 1474 1637 quum
1494 1600 1580 1626 non
1598 1588 1834 1639 ignorarem

231 1653 360 1691 quam
382 1639 593 1679 hostiliter
615 1653 682 1678 me
703 1641 887 1692 primum
909 1641 1147 1691 impeteres.
1199 1641 1296 1679 Vidi
1316 1641 1461 1680 literas
1483 1654 1590 1692 quas
1611 1643 1836 1694 scripseras

232 1694 453 1733 Leodiensi
479 1694 703 1746 Episcopo,
732 1708 842 1746 quae
869 1708 935 1733 me
961 1699 1130 1746 praeter
1155 1708 1328 1734 causam
1355 1696 1459 1734 satis
1485 1696 1628 1735 odiose
1654 1697 1834 1748 attinge-

232 1749 350 1788 bant.

413 1748 513 1787 Mox
548 1750 739 1787 animum
772 1753 896 1787 tuum
930 1750 1183 1800 iniquiorem
1216 1750 1260 1787 in
1294 1762 1360 1787 me
1395 1751 1529 1801 magis
1562 1750 1834 1790 exacerbauit

231 1807 398 1842 atratus
415 1802 484 1841 ille
504 1804 694 1842 omnium
712 1804 786 1855 qui
816 1805 972 1843 viuunt
1001 1803 1348 1842 sceleratissimus
1378 1817 1427 1842 ac
1457 1804 1834 1844 mendacissimus:

175 1877 212 1899 10
231 1858 349 1896 cuius
370 1861 517 1896 tamen
537 1870 604 1896 res
625 1862 748 1896 erant
768 1858 813 1896 in
834 1871 884 1896 eo
906 1862 1025 1897 statu
1047 1862 1098 1897 vt
1118 1859 1331 1909 potuerim
1352 1857 1472 1897 illum
1494 1859 1625 1898 verbo
1646 1859 1834 1910 perdere.

230 1911 385 1962 Itaque
410 1915 454 1950 et
477 1916 527 1950 tu
550 1912 768 1962 fugitabas
793 1912 1050 1963 colloquium
1078 1917 1286 1959 nostrum,
1313 1917 1358 1950 et
1381 1912 1554 1951 Praesul
1579 1926 1631 1951 ex
1655 1926 1705 1952 eo
1729 1918 1834 1952 tem·

230 1978 330 2016 pore
359 1964 500 2004 factus
530 1970 595 2004 est
624 1978 775 2017 parum
806 1968 979 2006 amicus.

234 2167 350 2200 before
388 2167 471 2200 that
505 2169 685 2200 interview
719 2169 886 2201 Erasmus
925 2179 997 2201 sus-

233 2211 357 2252 pected
386 2211 468 2244 that
494 2211 744 2254 Egmondanus
771 2223 842 2245 was
868 2214 999 2255 Setting

232 2254 405 2287 Aleander
422 2256 562 2298 against
580 2256 661 2288 him.

281 2300 374 2332 1481.
400 2300 453 2330 62.
481 2298 587 2339 Huic]
603 2309 646 2332 sc.
665 2299 904 2332 Ecmondano.

322 2341 510 2381 Adrianus]
525 2342 575 2375 Cf.
592 2342 656 2384 Ep.
675 2352 768 2384 1359.
784 2353 840 2375 2n.

277 2386 330 2416 66.
356 2385 562 2427 diplomate]
580 2387 645 2428 Ep.
667 2388 760 2427 1438.

281 2430 374 2462 1482.
405 2438 431 2461 1.
458 2429 657 2469 traducam]
684 2430 728 2463 Of
752 2430 824 2463 this
848 2431 946 2463 there
967 2427 999 2463 is

233 2471 297 2504 full
318 2482 474 2505 measure
494 2474 530 2505 in
552 2474 611 2506 the
632 2473 785 2514 Sponyia
805 2474 897 2514 (HE.
922 2485 998 2516 333,

233 2517 265 2555 ἓξ
289 2516 533 2557 128-43=LB.
554 2528 586 2549 x.
611 2518 855 2558 1645A—46D);
886 2518 999 2550 where

235 2560 399 2591 Erasinus
432 2565 596 2592 recounts
629 2560 682 2592 his
715 2561 881 2593 relations
914 2562 998 2594 with

235 2602 406 2635 Aleander
425 2613 509 2635 over
527 2614 548 2635 a
568 2605 687 2645 period
707 2605 743 2636 of
760 2615 872 2646 years.

278 2656 308 2677 2.
334 2647 370 2678 in
392 2647 708 2686 lucubrationibus]
732 2647 782 2680 Cf.
808 2648 874 2690 Ep.
904 2658 997 2690 1195.

240 2698 312 2726 5211.

277 2742 355 2773 4-5.
382 2743 443 2775 per
453 2733 588 2774 literas]
600 2735 664 2768 See
679 2735 770 2777 Epp.
789 2744 884 2776 1195,
903 2745 997 2774 1199,

240 2778 332 2808 1268.
606 2787 613 2793 ⁷

279 2821 310 2850 6.
336 2819 432 2860 Vidi]
456 2820 610 2863 Perhaps
633 2826 672 2854 at
696 2822 852 2854 Brussels
878 2823 915 2854 in
938 2822 1000 2855 the

235 2867 384 2894 autumn
403 2864 440 2896 of
461 2873 568 2905 1519:
600 2876 656 2897 see
676 2865 741 2907 Ep.
766 2867 848 2906 1038
868 2866 998 2899 introd.

324 2905 458 2947 literas]
484 2908 636 2942 Written
662 2909 752 2942 from
780 2909 916 2943 Rome:
954 2909 998 2941 cf.

237 2947 302 2991 Ep⁴
332 2951 426 2989 1496.
451 2961 504 2988 21,
530 2952 600 2984 and
624 2952 778 2993 Sponqia
801 2952 893 2993 (HE.
923 2963 999 2994 333.

236 2993 252 3031 ᾖ
286 2994 372 3031 129).
435 2993 508 3025 Not
543 2999 678 3027 extant.
737 2996 773 3028 It
807 3007 853 3028 no
889 2997 1001 3028 doubt

236 3034 329 3066 drew
358 3035 499 3068 Erard’s
528 3040 704 3070 attention
734 3043 772 3071 to
801 3039 861 3071 the
895 3040 999 3071 indis-

1038 1966 1126 2006 Nec
1156 1967 1269 2005 enim
1298 1968 1439 2005 nescio
1468 1980 1578 2018 quae
1607 1968 1764 2006 dixerit
1791 1969 1833 2006 in

231 2020 407 2059 concilio
431 2019 763 2068 Vuormaciensi‚
788 2033 866 2060 nec
890 2021 1015 2059 hodie
1040 2022 1103 2060 sui
1128 2021 1341 2059 dissimilis
1366 2026 1442 2060 est.

1498 2020 1627 2060 Porro
1652 2035 1762 2073 quae
1786 2026 1834 2060 tu

1068 2173 1161 2202 creet
1200 2171 1356 2202 mention
1398 2171 1433 2202 of
1470 2171 1541 2202 him
1578 2172 1613 2202 in
1654 2171 1718 2212 Ep.
1755 2173 1833 2210 980.

1067 2223 1085 2253 3
1113 2222 1153 2296 7.7
1169 2256 1366 2296 Leodiensi]
1381 2257 1449 2289 For
1464 2257 1605 2290 Erard's
1621 2263 1835 2300 consequent

1070 2300 1231 2342 hostility
1261 2305 1299 2333 to
1336 2301 1502 2333 Erasmus
1537 2311 1593 2333 see
1630 2301 1696 2343 Ep.
1737 2303 1830 2334 1268.

1069 2345 1149 2382 69n.
1505 2363 1507 2365 ·

1112 2397 1143 2427 9.
1164 2387 1316 2426 atratus]
1328 2387 1504 2430 Probably
1514 2388 1764 2430 Egmondanus
1775 2389 1834 2429 (cf.

1068 2431 1134 2472 Ep.
1152 2434 1246 2471 1469.
1261 2432 1338 2471 216)
1355 2443 1363 2469 ;
1386 2432 1501 2464 whose
1518 2431 1525 2444 ⁶
1539 2432 1727 2464 manifesta
1740 2442 1832 2464 men-

1067 2475 1168 2506 dacia
1183 2475 1190 2487 '
1204 2485 1261 2506 are
1274 2474 1371 2507 often
1386 2476 1584 2507 mentioned
1598 2476 1644 2517 by
1655 2476 1833 2511 Erasmus,

1067 2518 1141 2550 also
1174 2517 1234 2550 the
1267 2522 1426 2550 contrast
1458 2519 1614 2550 between
1646 2519 1699 2551 his
1733 2518 1834 2551 black

1068 2561 1168 2594 heart
1195 2562 1266 2593 and
1294 2561 1347 2593 his
1375 2562 1480 2594 white
1509 2561 1723 2594 Carmelite's
1750 2562 1834 2595 robe

1069 2605 1125 2644 (cf.
1156 2605 1246 2646 Epp.
1280 2614 1374 2645 1144.
1403 2606 1483 2643 28n‚
1516 2614 1609 2646 1235.
1643 2607 1731 2646 5-6).
1784 2606 1834 2638 To

1067 2648 1268 2680 Aleander’s
1291 2648 1501 2680 informants
1524 2649 1621 2681 there
1644 2651 1673 2680 is
1694 2648 1835 2691 general

1067 2692 1240 2724 reference
1260 2692 1297 2723 in
1319 2692 1384 2733 Ep.
1412 2693 1505 2724 1268.
1528 2693 1660 2732 63—72;
1695 2692 1766 2724 and
1788 2692 1831 2724 cf.

1067 2735 1221 2776 Sponyia
1240 2735 1331 2774 (HE.
1353 2745 1428 2776 333,
1449 2737 1464 2775 ξ
1488 2739 1575 2776 130).

1115 2789 1164 2811 11.
1189 2778 1368 2821 fugitabas
1385 2778 1610 2829 colloquium]
1627 2779 1780 2820 Perhaps
1795 2783 1835 2811 at

1067 2822 1234 2864 Antwerp
1261 2823 1331 2854 and
1359 2822 1518 2855 Louvam
1544 2823 1581 2854 in
1608 2822 1832 2864 Sept.———Oct.

1071 2874 1179 2906 1520;
1220 2876 1277 2897 see
1305 2866 1371 2907 Ep.
1405 2875 1486 2907 1155
1517 2866 1658 2904 introd„
1688 2866 1759 2898 and
1788 2866 1831 2897 cf.

1067 2909 1221 2950 Sponqia
1240 2908 1331 2949 (HE.
1353 2919 1428 2950 333,
1449 2911 1464 2949 §
1488 2912 1575 2950 130).

1116 2963 1165 2993 13.
1191 2952 1466 2991 Vuormaciensi]
1505 2952 1548 2984 In
1585 2951 1684 2994 April
1724 2961 1803 2993 1521
1825 2964 1832 2989 ;

1067 3006 1124 3028 see
1146 2996 1299 3036 Sponqia
1323 2996 1413 3035 (HE.
1439 3006 1514 3037 333,
1540 2997 1555 3036 ξ
1582 2998 1668 3036 133),
1694 2996 1763 3027 and
1788 2996 1830 3026 ef.

1069 3039 1134 3080 Ep.
1157 3041 1250 3079 1585.
