2012 3370
109 142 229 192 1486]
604 143 677 182 ΤΟ
706 143 939 184 THOMAS
969 145 1208 184 WOLsEY
1627 149 1705 186 533

104 262 157 289 ne
181 251 334 290 merito
355 251 520 303 possint
541 250 689 290 iritari.
743 250 867 298 Quod
889 250 937 298 si,
962 255 1013 290 vt
1035 250 1184 299 solent,
1211 252 1513 292 contumeliose
1535 264 1705 304 respon-

104 303 257 351 derint,
281 306 438 357 seipsos
459 304 714 357 grauabunt‚
738 318 823 345 non
845 318 925 345 me.
977 305 1070 344 Iam
1092 305 1254 357 aliquot
1277 306 1406 345 libelli
1427 306 1707 358 prouolarunt

101 358 146 397 in
181 363 312 410 caput
346 372 516 406 meum;
568 359 643 399 sed
677 371 799 410 spero
834 359 914 399 hoc
948 359 1031 398 illis
1064 373 1152 399 non
1186 373 1351 412 semper
1385 362 1559 412 impune
1594 360 1697 400 fore.

106 412 223 463 Opus
246 413 326 452 hoe
349 414 508 453 nemini
531 413 647 452 volui
671 413 825 453 dicare.
878 413 1143 454 Clamassent
1165 414 1262 453 ilico
1287 428 1354 454 me
1378 415 1638 455 conductum
1662 416 1705 454 in

103 468 286 517 gratiam
342 469 551 519 rincipum
570 467 674 507 haec
695 468 888 514 scribere,
909 469 1057 519 itaque
1077 473 1123 508 et
1142 469 1276 520 magis
1295 469 1388 508 illos
1408 482 1705 521 prouocassem

103 524 147 560 et
170 522 286 573 operi
338 535 574 574 erogassem
595 521 723 561 fidem
744 534 752 560 :
792 522 950 574 alioqui
973 522 1040 561 vel
1062 523 1141 562 tibi
1165 522 1427 563 dedicassem
1449 524 1517 563 vel
1539 537 1706 564 summo

106 574 314 623 Pontifici,
337 577 410 628 qui
436 577 563 616 misso
589 575 822 628 diplomate
848 576 1168 624 humanissimo,
1196 581 1327 629 atque
1352 580 1484 619 etiam
1511 578 1706 618 ducentis

103 628 271 670 florenis
299 631 448 677 aureis,
479 631 566 682 egit
591 631 750 682 gratias
778 643 855 683 pro
880 631 1155 682 inscriptione
1184 631 1403 672 Actorum.
1468 633 1567 672 Non
1596 633 1703 673 arbi·

103 687 243 722 tratus
266 697 360 724 sum
380 685 489 724 hanc
516 685 779 724 occasionem
805 685 993 724 dandam
1019 685 1153 732 malis,
1182 686 1255 737 qui
1281 685 1349 725 vel
1375 686 1463 726 sine
1487 688 1705 726 occasione

104 737 377 777 maledicunt.

157 791 356 832 Liuinum
385 805 527 832 meum
555 796 657 832 tuae
686 793 925 833 celsitudini
955 793 1120 845 placere
1148 793 1326 845 gaudeo.
1385 794 1513 846 Apud
1542 808 1610 834 me
1638 800 1706 836 sat

100 845 279 886 feliciter
298 848 502 899 processit
522 848 567 887 in
588 851 771 899 vtraque
791 848 1028 888 literatura.
1079 847 1304 888 Caeterum
1326 849 1490 900 amplas
1511 849 1706 889 fortunas

100 899 161 939 illi
184 900 284 940 dare
306 914 392 940 non
414 914 600 952 possum.
652 902 792 941 Natus
814 906 880 941 est
902 902 958 941 ad.
979 902 1172 942 liberales
1195 902 1439 954 disciplinas
1459 916 1467 950 ;
1507 908 1551 943 et
1573 916 1705 955 quan·

102 967 233 1005 quam
248 955 351 994 mihi
364 956 633 997 vehementer
649 957 909 997 necessarius
922 961 1027 1004 erat,
1044 960 1190 996 tamen
1204 958 1339 1009 magis
1352 957 1484 996 habui
1497 958 1707 997 rationem

103 1009 422 1049 commodorum
442 1010 553 1050 illius
573 1023 703 1062 quam
725 1023 929 1051 meorum.
979 1011 1128 1051 Potest
1148 1011 1352 1052 adiuuare
1373 1011 1517 1051 studia
1537 1012 1707 1064 cognati

102 1063 166 1101 tui
204 1063 248 1102 in
288 1063 519 1104 Academia
553 1064 821 1106 Louaniensi.
889 1065 1176 1117 Amplitudini
1209 1070 1310 1105 tuae
1343 1065 1593 1106 facillimum
1626 1067 1707 1105 erit

99 1116 219 1156 illum
249 1117 399 1165 ditare,
431 1122 605 1158 tantum
634 1119 679 1158 id
707 1132 811 1171 rogo
842 1124 890 1159 vt
918 1119 979 1159 illi
1008 1120 1172 1159 relaxes
1201 1121 1306 1160 satis
1336 1121 1417 1160 ocii
1446 1120 1502 1159 ad
1530 1120 1705 1167 literas3

99 1184 184 1221 quo
203 1171 369 1212 doctior
387 1173 582 1220 euaserit,
603 1173 683 1212 hoc
701 1173 872 1213 futurus
891 1178 956 1213 est
975 1174 1132 1221 vtilior,
1152 1178 1248 1214 tum
1266 1174 1346 1214 tibi
1364 1178 1459 1214 tum
1478 1175 1577 1214 tuis.

153 1225 280 1265 Mitto
302 1226 492 1266 libellum
516 1227 580 1267 De
602 1227 734 1267 libero
758 1228 935 1268 arbitrio
958 1228 1199 1268 celsitudini
1221 1232 1335 1275 tuae,
1362 1228 1543 1268 alterum
1566 1230 1704 1281 regiae

100 1280 315 1320 maiestati
335 1294 343 1327 3
403 1282 470 1320 cui
512 1281 752 1334 dignaberis
794 1295 862 1322 me
904 1295 1068 1335 semper
1111 1283 1421 1323 commendare.
1494 1283 1618 1331 Quod
1659 1284 1704 1323 in

98 1332 298 1373 Liuinum
321 1335 561 1382 contuleris,
585 1337 628 1375 in
652 1349 719 1375 me
743 1336 946 1376 collatum
969 1337 1222 1377 arbitrabor.
1274 1336 1357 1377 Pro
1380 1338 1508 1377 misso
1531 1350 1704 1377 munere

98 1399 179 1438 ago
198 1389 370 1439 gratias.
424 1390 587 1428 Datum
609 1390 812 1437 Basileae,
835 1391 1012 1441 postrid.
1036 1391 1175 1430 Galen.
1198 1391 1414 1442 Septemb.
1438 1391 1562 1431 Anno
1585 1400 1704 1442 1524.

478 1535 600 1575 1487.

144 1624 245 1668 opus
264 1623 516 1668 Epistolarum
536 1635 571 1669 p.
587 1624 670 1668 625.

141 1682 187 1717 N.
209 1694 243 1727 p.
264 1684 332 1727 596
349 1697 355 1715 :
390 1683 506 1718 Lond.
526 1684 630 1718 xviii.
646 1686 692 1727 48
711 1697 717 1717 ε
753 1683 826 1719 LB.
843 1685 927 1727 696.

663 1533 731 1575 ΤΟ
765 1534 1024 1576 CUTHBERT
1055 1535 1323 1578 TUNSTALL.

1406 1626 1525 1663 Basle.

1274 1695 1297 1728 4
1315 1684 1533 1731 September
1553 1694 1654 1730 1524.

272 1789 398 1818 ERAS.
432 1790 662 1818 cv'rssnssfro
693 1790 962 1826 TONSTALLO,
997 1791 1108 1819 EPIS.
1140 1791 1464 1828 LONDONIENSI‚
1497 1792 1532 1819 s.

153 1849 340 1888 VEREOR
359 1862 411 1887 ne
432 1848 578 1887 videar
597 1849 816 1900 improbus
836 1853 880 1888 et
900 1849 1183 1900 obstreperus,
1205 1850 1241 1889 si
1260 1850 1388 1889 toties
1404 1863 1528 1902 agam
1543 1851 1702 1902 gratias

95 1903 262 1953 quoties
296 1907 345 1942 tu
379 1915 587 1954 prouocas
621 1907 671 1942 vt
705 1903 896 1942 debeam.
961 1903 1083 1943 Iacta
1116 1908 1182 1943 est
1215 1904 1320 1944 alea.
1384 1904 1503 1944 Exiit
1535 1904 1702 1945 libellus

95 1957 158 1996 De
194 1957 327 1996 libero
364 1957 553 2004 arbitrio,
592 1957 928 1997 moderatissime
966 1958 1139 2009 quidem
1175 1958 1243 1997 ille
1281 1960 1477 2010 scriptus,
1516 1959 1589 1998 sed
1627 1961 1701 2012 qui

93 2012 364 2062 grauissimos
403 2011 628 2060 tumultus,
669 2013 714 2050 ni
760 2011 895 2059 fallor,
945 2013 1002 2051 sit
1047 2014 1325 2052 excitaturus.
1395 2013 1489 2052 Iam
1535 2013 1701 2066 aliquot

95 2065 223 2105 libelli
243 2065 524 2117 prouolarunt
542 2067 587 2105 in
609 2070 739 2117 caput
757 2080 910 2106 meum.
952 2067 1011 2106 At
1031 2071 1178 2106 tamen
1199 2068 1378 2114 timent;
1409 2068 1577 2107 oderint
1597 2068 1701 2108 dum

96 2124 303 2159 metuant.
354 2120 538 2160 Retexui
557 2120 770 2172 pleraque.
823 2121 1029 2172 Cuperem
1045 2125 1095 2161 vt
1114 2136 1188 2175 per
1203 2123 1342 2161 ocium
1358 2121 1544 2172 perlecto
1559 2122 1701 2162 libello

93 2173 293 2213 scriberes
313 2174 417 2213 mihi
436 2175 693 2213 sententiam
713 2179 848 2221 tuam,
870 2179 920 2214 vt
939 2176 1059 2223 soles,
1081 2177 1228 2215 amice.

147 2227 353 2268 Ioannem
382 2228 697 2268 Damascenum
727 2229 794 2268 hic
824 2242 1037 2281 nusquam
1066 2231 1189 2282 potui
1218 2231 1418 2270 nancisci.
1477 2231 1575 2270 Non
1605 2232 1700 2270 misi

92 2296 256 2330 aurum,
289 2283 407 2322 cuius
436 2284 522 2322 scio
551 2283 631 2323 tibi
661 2283 777 2322 domi
806 2297 895 2323 esse
925 2285 1010 2324 vim
1042 2285 1307 2331 immensam,
1339 2285 1413 2323 sed
1442 2286 1697 2325 nouitatem.

144 2397 234 2430 1486.
259 2406 292 2435 4.
318 2396 468 2437 possint]
487 2406 530 2428 sc.
552 2396 754 2430 Lutheram'.
931 2398 1017 2431 been
1051 2398 1181 2431 edited.
1239 2398 1349 2430 Aldus
1384 2397 1568 2439 published
1603 2408 1698 2430 some

142 2448 155 2479 5
196 2438 317 2479 libelli]
333 2439 384 2472 Of.
403 2439 467 2481 Ep.
490 2442 583 2480 1481.
603 2451 681 2482 27n.

140 2493 168 2522 7.
196 2483 423 2523 conductum]
439 2483 489 2515 Of.
506 2484 570 2525 Ep.
592 2494 685 2525 1459.
704 2495 780 2526 5411.

138 2540 169 2563 ι).
195 2526 251 2558 νο1
274 2527 340 2558 tibi
364 2527 592 2567 dedicassem]
621 2528 688 2560 For
714 2528 863 2561 another

97 2570 187 2601 book
214 2570 326 2603 which
354 2570 520 2603 Erasmus
548 2571 618 2603 had
645 2572 799 2614 thought
826 2572 862 2604 of

93 2613 294 2655 dedicating
306 2616 343 2646 to
354 2614 493 2655 Wolsey
504 2625 560 2646 see
574 2615 638 2656 Ep.
658 2623 750 2655 1415.
765 2617 862 2656 87—9.

143 2667 191 2689 10.
217 2656 424 2698 diplomate]
441 2657 506 2699 Ep.
528 2660 621 2698 1438.

142 2710 191 2733 11.
218 2700 401 2739 Actorum]
418 2702 480 2733 See
498 2701 562 2742 Ep.
586 2711 679 2741 1414.

143 2754 192 2783 14.
218 2743 397 2783 Liuinum]
414 2744 464 2776 Of.
482 2744 546 2786 Ep.
569 2754 662 2784 1491.
684 2754 799 2786 15—21.

143 2791 192 2819 18.
218 2787 373 2829 cognati]
388 2788 451 2820 See
467 2787 532 2828 Ep.
554 2797 646 2827 1491.
665 2798 742 2821 zon.

138 2840 192 2862 22.
219 2831 270 2862 De
286 2830 394 2862 libero
409 2830 569 2869 arbitrio]
585 2832 648 2864 See
664 2831 729 2872 Ep.
751 2841 845 2871 14¹9·

141 2875 235 2906 1487.
254 2877 284 2906 ὃ.
303 2873 574 2912 Damascenum]
585 2874 792 2916 Apartfrom
802 2875 866 2907 the'

93 2917 242 2960 popular
261 2917 409 2959 History
430 2917 466 2949 of
486 2917 649 2950 Barlaam
670 2918 740 2950 and
760 2918 859 2951 Josa-

93 2960 193 3003 phat,
210 2961 322 2994 which
338 2971 407 2993 was
423 2961 564 3003 printed
578 2961 615 2993 in
631 2961 807 3003 Germany
823 2974 861 2995 as

93 3004 189 3045 early
206 3014 244 3036 as
262 3014 289 3037 c.
313 3014 407 3045 1472,
426 3015 511 3046 very
526 3004 620 3037 little
636 3005 673 3037 of
689 3005 749 3037 the
767 3005 860 3037 work

96 3048 130 3079 of
148 3048 243 3080 John
263 3047 299 3080 os
318 3048 510 3080 Damascus
529 3049 591 3088 (lv.
613 3051 692 3089 454)
714 3049 782 3081 had
801 3054 862 3090 „vet

930 2443 1069 2483 Hymns
1089 2453 1117 2474 c.
1142 2451 1237 2483 1501,
1259 2442 1329 2474 and
1349 2441 1462 2474 Faber
1480 2441 1699 2483 stapulensis

930 2486 1124 2518 translated
1148 2486 1210 2518 the
1235 2485 1424 2517 Orthodoxa
1447 2485 1562 2523 Fides,
1589 2484 1697 2519 Paris.

930 2529 973 2561 H.
996 2529 1208 2571 Stephanus,
1232 2537 1267 2569 15
1290 2528 1386 2570 April
1412 2530 1507 2571 1503,
1527 2528 1698 2561 re-edited

929 2573 1018 2605 later
1068 2573 1115 2613 by
1164 2572 1344 2604 Cliothove
1393 2571 1448 2603 for
1496 2571 1697 2613 Stephanus

931 2625 945 2656 ς
980 2616 1061 2648 Feb.
1098 2617 1179 2658 151}
1211 2616 1281 2648 and
1315 2624 1351 2647 12
1382 2615 1463 2647 Jan.
1500 2618 1592 2658 ¹55·
1649 2615 1696 2648 At

930 2660 1056 2692 Venice
1089 2660 1169 2691 Laz.
1204 2659 1246 2690 de
1278 2658 1420 2692 Soardis
1452 2658 1629 2700 produced
1661 2659 1696 2691 in

934 2711 1080 2744 1514-15
1115 2714 1136 2734 a
1167 2702 1279 2744 larger
1310 2701 1449 2734 volume
1483 2702 1696 2744 containing.

931 2746 1064 2778 besides
1094 2746 1192 2779 these
1223 2750 1293 2778 two
1323 2746 1438 2781 items,
1470 2745 1697 2778 translations

929 2790 964 2821 of
1003 2790 1052 2822 De
1092 2789 1255 2831 preceptis
1292 2788 1471 2826 dialectice,
1512 2789 1561 2821 De
1600 2789 1697 2822 rebus

930 2832 1152 2871 naturalibus,
1185 2832 1385 2873 Aphorismi
1418 2832 1590 2870 mdia-ne,
1625 2833 1696 2865 aud

928 2876 1134 2909 Rudimenta
1176 2885 1346 2908 sacrorum
1390 2875 1590 2914 deamat-um.
1660 2876 1697 2909 It

928 2930 998 2952 was
1032 2920 1182 2961 perhaps
1215 2920 1270 2952 for
1304 2930 1369 2951 one
1403 2919 1440 2951 of
1474 2919 1573 2952 these
1606 2919 1697 2953 later

928 2963 1084 2996 volumes
1101 2963 1183 2996 that
1198 2963 1360 2996 Tunstall
1376 2962 1446 2996 had
1462 2963 1632 3005 inquired.

972 3021 1001 3046 ι).
1028 3005 1167 3046 aurum]
1217 3006 1443 3049 Compar-ison
1493 3007 1577 3040 with
1628 3007 1693 3049 Ep.

931 3052 1023 3090 1488.
1057 3060 1114 3082 ie:
1142 3055 1302 3093 suggests
1328 3050 1408 3083 that
1434 3050 1599 3083 Erasmus
1627 3061 1695 3083 was

1728 317 1742 349 5

1727 589 1767 613 10

1728 861 1764 893 15

1723 1133 1768 1156 20

1722 1405 1761 1438 25

1723 2079 1736 2110 5
