2012 3370
222 152 302 191 606
697 147 953 187 LETTERS
985 147 1057 187 OF
1086 147 1351 187 ERASMUS
1701 152 1825 200 [1524

222 259 439 299 Pontificis
477 259 621 298 multis
658 260 701 296 in
738 257 926 296 articulis
962 257 1149 308 theologi
1186 257 1441 296 Parisienses
1477 257 1735 296 dissentiunt
1771 257 1825 296 ab

222 314 356 361 Italis,
378 319 423 353 et
443 314 622 352 alteram
642 316 809 364 partem
831 325 968 350 errare
988 324 1157 351 necesse
1177 316 1243 351 est
1263 324 1271 350 :
1307 316 1461 350 neutra
1480 316 1627 350 tamen
1648 311 1826 350 alteram

221 369 277 407 ad
306 370 446 419 ignem
478 371 618 405 vocat.
681 366 732 405 In
763 366 910 405 multis
940 366 1199 405 dissentiunt
1231 367 1303 418 qui
1334 366 1543 404 Thomam
1575 370 1825 416 sequuntur,

140 431 198 470 165
221 423 275 461 ab
300 423 364 460 his
389 422 462 472 qui
487 421 694 459 adherent
718 420 846 460 Scoto
867 433 874 459 :
916 424 960 459 et
984 424 1188 472 vtrosque
1212 420 1296 459 fert
1319 420 1468 459 eadem
1493 419 1649 459 schola.
1703 420 1827 458 Nunc

222 488 475 527 magnopere
503 488 649 514 vereor
676 488 728 513 ne
757 475 1003 526 vulgaribus
1029 476 1123 514 istis
1149 475 1358 522 remediis,
1387 475 1467 513 hoc
1495 478 1560 513 est
1587 474 1826 525 palinodiis,

222 530 458 569 carceribus
501 534 546 569 et
587 529 806 576 incendiis,
852 529 1013 567 malum
1056 529 1161 568 nihil
1205 529 1321 568 aliud
1364 542 1495 580 quam
1538 533 1825 579 exasperetur.

223 584 420 623 Bruxelle
452 585 637 635 primum
667 584 808 622 exusti
835 588 937 622 sunt
965 583 1079 622 duo:
1130 587 1222 623 tum
1251 583 1423 622 demum
1455 584 1568 634 cepit
1593 595 1643 621 ea
1675 584 1828 621 ciuitas

223 639 365 678 fauere
385 638 555 677 Lutero.
605 637 647 678 Si
674 638 763 677 lues
783 638 859 676 hec
886 638 1147 677 (limanasset
1173 638 1228 676 ad
1254 650 1425 689 paucos,
1448 642 1591 688 posset
1610 642 1828 688 vtcunque

144 709 204 741 170
222 694 437 744 amputari
458 707 467 740 ;
518 706 632 731 nunc
659 692 765 731 adeo
791 692 878 731 late
903 697 1138 744 peruagata
1163 697 1228 732 est
1248 697 1298 732 vt
1316 693 1418 743 ipsis
1438 693 1569 731 etiam
1589 692 1828 730 monarchis

223 749 463 787 existimem
486 746 778 786 metuendum.

277 802 375 842 Non
405 802 482 840 hec
511 815 561 840 eo
590 805 788 852 spectant
812 805 863 840 vt
892 814 1084 840 censeam
1114 801 1194 840 1100
1219 801 1379 840 malum
1403 814 1491 840 esse
1515 800 1826 852 negligendum,

223 857 297 895 sed
318 860 368 895 vt
388 856 565 895 doceam
586 855 833 907 vulgaribus
853 856 1050 894 remediis
1070 869 1157 895 non
1178 869 1266 895 esse
1289 855 1641 906 exasperandum.
1694 854 1828 902 Quem

223 915 369 950 mouet
387 910 460 949 illa
481 911 698 962 palinodia
717 910 901 949 incendii
922 914 1040 948 metu
1062 914 1232 948 extorta
1254 913 1269 948 ‘3
1308 909 1472 948 Deinde
1494 922 1603 948 vnus
1625 913 1701 948 aut
1723 909 1830 947 alter

143 980 200 1013 175
223 964 401 1004 affectus
432 965 638 1016 supplicio
668 964 772 1016 quid
802 964 918 1003 aliud
949 977 1078 1015 quam
1108 965 1227 1003 iritat
1258 968 1350 1003 tam
1379 976 1601 1002 numerose
1631 963 1830 1002 factionis

223 1020 387 1058 animos
409 1022 424 1058 ⁶?
480 1019 568 1070 Age
593 1018 802 1070 fingamus
828 1018 893 1057 his
918 1019 1113 1057 remediis
1139 1020 1321 1069 opprimi
1346 1031 1468 1070 posse
1495 1018 1654 1056 malum
1675 1031 1684 1064 ;
1726 1018 1830 1068 quid

223 1073 352 1112 refert
370 1074 564 1124 opprimi,
585 1086 686 1112 mox
703 1073 998 1112 vehementius
1015 1072 1371 1123 repullulaturum
1393 1076 1409 1111 ‘2
1456 1072 1517 1111 Ac
1535 1072 1639 1111 mihi
1657 1072 1829 1123 quidem

224 1128 428 1166 nonnulla
451 1140 545 1178 spes
576 1131 686 1166 esset
717 1126 968 1166 Pontificem
999 1139 1048 1166 ac
1078 1128 1288 1178 principes
1319 1127 1372 1165 ad
1405 1140 1536 1178 equas
1567 1127 1829 1165 conditiones

225 1181 337 1220 flecti
370 1195 506 1233 posse,
544 1183 579 1220 si
611 1182 852 1220 remitteret
883 1181 1077 1220 fortassis
1111 1181 1304 1221 nonnihil
1339 1185 1383 1220 et
1419 1181 1629 1220 Luterus:
1682 1193 1829 1219 verum

145 1244 205 1275 180
223 1236 290 1275 hic
316 1236 552 1275 Luteranos
577 1236 786 1287 quosdam
811 1235 949 1283 video,
976 1236 1028 1274 de
1053 1236 1209 1287 quibus
1233 1236 1337 1274 mihi
1360 1235 1478 1274 nulla
1503 1248 1597 1287 spes
1622 1239 1687 1274 est
1711 1235 1831 1286 equis

222 1290 385 1342 legibus
425 1290 754 1329 auscultaturos.
825 1290 980 1342 Itaque
1021 1290 1136 1342 quod
1177 1294 1382 1341 superest,
1424 1303 1532 1341 pura
1572 1290 1830 1328 conscientia

225 1358 355 1384 venor
375 1346 650 1392 occasionem,
673 1345 707 1383 si
727 1357 881 1396 queam
902 1344 1064 1396 aliquid
1083 1344 1247 1383 adferre
1267 1346 1472 1383 momenti
1493 1344 1548 1382 ad
1567 1343 1830 1383 sarciendam

225 1399 440 1450 publicam
467 1399 737 1438 concordiam
758 1412 766 1445 3
805 1403 850 1438 et
876 1400 909 1437 si
935 1412 1021 1437 non
1047 1399 1147 1438 licet
1166 1404 1355 1450 prestare
1380 1399 1496 1450 quod
1516 1399 1727 1449 optimum
1751 1402 1828 1444 est,

226 1458 338 1492 certe
371 1453 487 1505 quod
520 1455 732 1504 optimum
765 1457 831 1492 est
863 1466 950 1492 non
983 1454 1213 1492 desinimus
1247 1453 1426 1492 assiduis
1460 1466 1485 1491 a
1518 1453 1684 1492 Christo
1716 1453 1831 1491 votis

146 1516 202 1556 185
226 1508 430 1558 flagitare.
483 1507 658 1547 Vtinam
688 1507 754 1546 hic
784 1507 907 1546 nobis
936 1507 1078 1546 volare
1104 1508 1303 1559 dignetur
1325 1521 1411 1547 non
1433 1507 1649 1546 Mineruae
1671 1511 1831 1545 noctua

226 1563 299 1600 sed
323 1561 477 1601 Christi
501 1562 698 1600 columba
718 1562 725 1600 !
766 1575 849 1613 que
872 1562 1141 1613 quorundam
1164 1563 1453 1601 temeritatem
1475 1561 1598 1600 nobis
1621 1565 1765 1599 vertat
1786 1562 1831 1599 in

226 1616 386 1655 bonum
419 1617 596 1655 exitum.
660 1615 750 1654 Hec
782 1617 945 1667 integer
979 1620 1023 1654 et
1056 1629 1135 1667 ago
1168 1620 1212 1655 et
1245 1620 1361 1667 opto.
1424 1615 1699 1666 Vtracunque
1733 1627 1831 1665 pars

226 1671 388 1716 vicerit,
420 1683 496 1722 ego
525 1683 612 1708 non
641 1670 758 1708 fruar
788 1671 980 1716 victoria,
1012 1670 1110 1708 hinc
1140 1670 1259 1709 breui
1289 1670 1614 1721 demigraturus.
1674 1669 1830 1708 Verum

225 1724 270 1763 id
289 1724 444 1763 faciam
464 1725 662 1775 aequiore
682 1724 839 1770 animo,
868 1725 903 1762 si
928 1724 1075 1763 videro
1106 1724 1261 1764 Christi
1291 1737 1463 1763 causam
1491 1723 1599 1763 ferre
1627 1723 1829 1775 palmam.

148 1796 208 1828 190
227 1779 409 1818 Luterus
446 1779 636 1829 porrexit
672 1778 764 1817 orbi
807 1778 1087 1829 pharmacum
1131 1779 1368 1818 violentum
1410 1783 1455 1818 et
1500 1791 1693 1817 amarum
1716 1792 1724 1818 ε
1787 1777 1831 1816 1(1

227 1833 352 1884 quale
371 1833 496 1885 quale
516 1837 593 1880 est,
616 1834 801 1884 optarim
821 1837 870 1872 vt
890 1832 1051 1884 aliquid
1071 1832 1180 1872 bone
1201 1834 1398 1872 sanitatis
1417 1834 1565 1884 gignat
1589 1834 1633 1871 in
1659 1844 1832 1883 corpore

227 1888 456 1927 Christiani
477 1887 636 1938 populi,
653 1891 722 1926 tot
738 1886 861 1926 malis
877 1888 1065 1939 Vndique
1083 1889 1414 1938 corruptissimo.

282 1941 392 1981 Sunt
427 1941 511 1980 alia
546 1955 629 1993 que
664 1954 751 1980 non
787 1942 892 1980 satis
927 1946 1074 1981 tutum
1110 1946 1175 1981 est
1210 1942 1364 1981 litteris
1401 1942 1697 1988 committere;
1750 1953 1832 1992 que

227 1996 262 2034 si
292 1999 437 2035 nosset
465 2000 544 2035 tua
574 1995 793 2043 celsitudo,
825 2009 912 2035 non
943 1997 1178 2047 scripsisset
1208 1997 1311 2035 mihi
1342 1996 1448 2035 duas
1478 1996 1586 2035 tales
1617 1995 1831 2047 epistolas,

149 2067 205 2100 195
228 2050 383 2101 quibus
411 2049 534 2101 longe
563 2050 786 2089 dissimiles
816 2050 1007 2089 scribunt
1037 2050 1249 2098 PontifeX,
1281 2050 1419 2098 Cesar,
1451 2050 1758 2096 Ferdinandus,
1789 2053 1833 2088 et

229 2104 322 2143 Rex
349 2104 538 2155 Angliae.
595 2105 683 2144 Nec
710 2108 857 2143 tamen
884 2103 1076 2144 offendor
1101 2106 1366 2156 ingenuitate
1393 2110 1483 2144 tua.
1540 2104 1607 2145 Sic
1633 2104 1714 2143 tibi
1741 2116 1831 2154 per-

228 2163 420 2197 suaserat
445 2158 610 2209 aliquis‚
638 2162 683 2197 et
706 2158 924 2209 religiosus
950 2159 1125 2210 quidam
1151 2159 1276 2198 ardor
1302 2172 1400 2211 erga
1424 2159 1553 2198 fidem
1579 2158 1832 2197 catholicam

228 2212 333 2251 talia
365 2212 444 2251 tibi
477 2212 686 2251 dictabat.
749 2212 918 2263 Alioqui
952 2213 1183 2263 predurum
1216 2218 1308 2253 erat
1339 2213 1458 2260 illud,
1496 2213 1504 2228 ⁵
1524 2213 1699 2252 Vtinam
1733 2216 1833 2251 ante

228 2267 459 2306 triennium
482 2267 592 2305 hanc
616 2266 696 2306 tibi
720 2271 908 2305 mentem
932 2267 1047 2306 Deus
1072 2267 1270 2314 dedisset,
1297 2272 1347 2307 vt
1370 2281 1395 2307 a
1419 2267 1604 2307 factione
1628 2271 1672 2306 te
1697 2268 1831 2306 seiun-

146 2338 212 2361 200
229 2321 372 2367 xisses,
400 2325 444 2360 et
467 2321 530 2359 ita
555 2321 807 2360 seiunxisses
832 2325 882 2360 Vt
907 2321 1022 2361 edito
1048 2321 1190 2372 aliquo
1216 2322 1419 2361 aduersus
1442 2321 1536 2361 illos
1562 2323 1720 2372 scripto
1739 2321 1763 2368 ⁹,
1790 2325 1834 2360 et

231 2379 412 2414 caetera.
485 2374 592 2422 Imo,
628 2375 744 2427 quod
777 2375 982 2414 admonet
1018 2375 1348 2426 illustriss<ima>
1381 2375 1588 2415 celsitudo
1621 2380 1711 2422 tua,
1745 2376 1831 2414 iam

228 2429 393 2468 factum
416 2433 482 2468 est
505 2433 605 2468 ante
629 2442 763 2468 annos
786 2434 984 2481 quatuor,
1010 2434 1054 2469 et
1077 2430 1213 2469 multo
1236 2431 1331 2481 plus
1354 2430 1519 2469 factum
1542 2434 1607 2469 est
1630 2442 1760 2480 quam
1782 2433 1831 2468 tu

229 2484 374 2535 exigis.
428 2483 662 2535 Nunquam
681 2485 795 2523 enim
815 2497 882 2523 me
900 2483 961 2523 1111
980 2484 1157 2523 factioni
1183 2484 1371 2531 adiunxi,
1398 2484 1612 2535 maluique
1637 2488 1705 2523 tot
1729 2484 1830 2522 ami-

230 2550 375 2576 corum
397 2538 607 2577 iacturam
630 2537 767 2577 facere
791 2551 921 2589 quam
944 2538 1012 2577 vel
1035 2538 1256 2590 paululum
1279 2539 1500 2577 admisceri
1523 2538 1700 2577 factioni
1723 2550 1832 2588 quae

147 2609 208 2641 205
229 2595 323 2631 tum
351 2596 443 2630 erat
470 2592 629 2643 vbique
656 2592 904 2643 plausibilis.
963 2592 1076 2640 Quot
1103 2592 1267 2640 libellis,
1297 2597 1404 2644 quot
1431 2592 1620 2644 epistolis
1647 2596 1832 2631 testatus

230 2658 324 2684 sum
358 2645 461 2684 mihi
493 2646 598 2685 nihil
630 2646 759 2686 fuisse
791 2648 850 2685 rei
884 2659 1074 2698 vnquam
1108 2660 1205 2686 cum
1238 2647 1423 2686 Lutero!
1474 2651 1582 2698 quot
1613 2647 1715 2685 locis
1746 2658 1832 2685 non

229 2699 449 2739 dissimulo
482 2713 550 2738 me
584 2700 638 2739 ab
672 2700 744 2739 illo
778 2701 1027 2740 dissentire!
1080 2701 1269 2741 Tametsi
1302 2706 1490 2741 veterem
1525 2714 1621 2740 cum
1656 2700 1832 2739 eruditis

276 2777 347 2807 162.
373 2775 409 2807 in
433 2775 554 2808 multis
577 2775 621 2808 H.
730 2779 800 2808 168.
828 2786 869 2808 ea
891 2786 953 2808 om.
981 2776 1025 2808 H.
1134 2779 1204 2816 178.
1231 2777 1414 2819 pontifices
1437 2777 1481 2808 H.
1610 2785 1680 2815 179.
1707 2777 1735 2808 si
1752 2775 1827 2808 add.

231 2818 274 2850 H.
421 2821 491 2858 196.
519 2822 541 2853 β
559 2832 566 2851 :
598 2819 702 2861 Angli
720 2832 750 2851 a.
891 2829 965 2860 203.
993 2821 1085 2853 enim
1103 2831 1165 2853 om.
1186 2820 1230 2852 H.
1366 2823 1441 2852 206.
1468 2821 1517 2852 rei
1533 2820 1608 2852 add.
1630 2819 1674 2852 H.

280 2919 350 2949 168.
378 2917 554 2957 Bruxelle]
569 2919 632 2951 See
648 2918 712 2960 Ep.
734 2920 828 2958 1384.
849 2929 902 2950 2n.
1114 2922 1186 2958 196.
1212 2919 1290 2951 Rex
1303 2917 1464 2960 Angliae]
1477 2918 1528 2951 Cf.
1544 2918 1609 2961 Ep.
1628 2920 1722 2961 1467.
1741 2921 1815 2950 16n.

282 2968 352 3000 195.
378 2960 560 3000 Pontifex]
578 2962 642 3003 Ep.
666 2963 759 3003 1438.
1114 2965 1186 3001 198.
1211 2961 1372 3001 Vtinam]
1389 2962 1454 3004 Ep.
1476 2964 1571 3003 1448.
1591 2971 1686 3004 33-5.

321 3002 437 3043 Cesar]
452 3005 516 3045 Ep.
536 3013 631 3046 1270.
1109 3014 1186 3047 205.
1211 3004 1382 3048 epistolis]
1415 3016 1478 3048 ag.
1516 3005 1605 3047 Epp.
1640 3013 1717 3046 939,
1751 3006 1828 3043 961,

321 3045 575 3087 Ferdinandus]
589 3048 653 3089 Ep.
674 3057 767 3089 1505.
1065 3049 1141 3090 967,
1164 3057 1258 3089 1041,
1280 3058 1375 3089 1¹41·
1397 3057 1472 3090 15n.
