<?xml version="1.0" encoding="UTF-8"?>
<!DOCTYPE html PUBLIC "-//W3C//DTD XHTML 1.0 Transitional//EN"
    "http://www.w3.org/TR/xhtml1/DTD/xhtml1-transitional.dtd">
<html xmlns="http://www.w3.org/1999/xhtml" xml:lang="en" lang="en">
 <head>
  <title>
</title>
<meta http-equiv="Content-Type" content="text/html;charset=utf-8" />
  <meta name='ocr-system' content='tesseract 3.04.00' />
  <meta name='ocr-capabilities' content='ocr_page ocr_carea ocr_par ocr_line ocrx_word'/>
</head>
<body>
  <div class='ocr_page' id='page_1' title='image "./opusepistolarum05eras_0337.png"; bbox 0 0 2012 3370; ppageno 0'>
   <div class='ocr_carea' id='block_1_1' title="bbox 156 137 1750 189">
    <p class='ocr_par' dir='ltr' id='par_1_1' title="bbox 156 137 1750 189">
     <span class='ocr_line' id='line_1_1' title="bbox 156 137 1750 189; baseline -0.001 -13"><span class='ocrx_word' id='word_1_1' title='bbox 156 140 279 189; x_wconf 77' lang='lat'>1374]</span> <span class='ocrx_word' id='word_1_2' title='bbox 414 139 572 178; x_wconf 85' lang='lat' dir='ltr'><strong>FROM</strong></span> <span class='ocrx_word' id='word_1_3' title='bbox 601 137 922 178; x_wconf 74' lang='lat' dir='ltr'><strong>WOLFGANG</strong></span> <span class='ocrx_word' id='word_1_4' title='bbox 952 137 1258 178; x_wconf 81' lang='lat' dir='ltr'>FABRICIUS</span> <span class='ocrx_word' id='word_1_5' title='bbox 1288 137 1491 177; x_wconf 81' lang='lat' dir='ltr'><strong>CAPITO</strong></span> <span class='ocrx_word' id='word_1_6' title='bbox 1672 138 1750 176; x_wconf 83' lang='lat'>305</span> 
     </span>
    </p>
   </div>
   <div class='ocr_carea' id='block_1_2' title="bbox 153 245 1824 2463">
    <p class='ocr_par' dir='ltr' id='par_1_2' title="bbox 153 245 1816 1003">
     <span class='ocr_line' id='line_1_2' title="bbox 157 245 1748 299; baseline -0.002 -13"><span class='ocrx_word' id='word_1_7' title='bbox 157 248 410 287; x_wconf 90' lang='lat' dir='ltr'>nominatim</span> <span class='ocrx_word' id='word_1_8' title='bbox 453 248 712 299; x_wconf 84' lang='lat' dir='ltr'>impugnare,</span> <span class='ocrx_word' id='word_1_9' title='bbox 751 246 1037 298; x_wconf 83' lang='lat' dir='ltr'>Norinbergac</span> <span class='ocrx_word' id='word_1_10' title='bbox 1076 260 1101 285; x_wconf 91' lang='lat' dir='ltr'>a</span> <span class='ocrx_word' id='word_1_11' title='bbox 1138 247 1302 298; x_wconf 83' lang='lat' dir='ltr'>magnis</span> <span class='ocrx_word' id='word_1_12' title='bbox 1340 247 1441 285; x_wconf 86' lang='lat' dir='ltr'>viris</span> <span class='ocrx_word' id='word_1_13' title='bbox 1477 245 1748 291; x_wconf 86' lang='lat' dir='ltr'>iactabatur;</span> 
     </span>
     <span class='ocr_line' id='line_1_3' title="bbox 157 300 1811 351; baseline -0.001 -11"><span class='ocrx_word' id='word_1_14' title='bbox 157 301 231 340; x_wconf 89' lang='lat' dir='ltr'>sed</span> <span class='ocrx_word' id='word_1_15' title='bbox 254 315 390 341; x_wconf 84' lang='lat' dir='ltr'>vanus</span> <span class='ocrx_word' id='word_1_16' title='bbox 413 315 567 348; x_wconf 90' lang='lat' dir='ltr'>rumor,</span> <span class='ocrx_word' id='word_1_17' title='bbox 589 305 638 340; x_wconf 88' lang='lat' dir='ltr'>vt</span> <span class='ocrx_word' id='word_1_18' title='bbox 660 314 725 340; x_wconf 85' lang='lat' dir='ltr'>res</span> <span class='ocrx_word' id='word_1_19' title='bbox 755 301 892 348; x_wconf 86' lang='lat' dir='ltr'>docet,</span> <span class='ocrx_word' id='word_1_20' title='bbox 913 300 1009 340; x_wconf 83' lang='lat' dir='ltr'>fuit.</span> <span class='ocrx_word' id='word_1_21' title='bbox 1067 301 1222 340; x_wconf 85' lang='lat' dir='ltr'><strong>Mirum</strong></span> <span class='ocrx_word' id='word_1_22' title='bbox 1246 304 1391 340; x_wconf 88' lang='lat' dir='ltr'>autem</span> <span class='ocrx_word' id='word_1_23' title='bbox 1421 301 1676 351; x_wconf 78' lang='lat' dir='ltr'>qua&lt;n&gt;tum</span> <span class='ocrx_word' id='word_1_24' title='bbox 1707 304 1750 338; x_wconf 85' lang='lat' dir='ltr'>te</span> <span class='ocrx_word' id='word_1_25' title='bbox 1772 312 1811 345; x_wconf 81' lang='lat'>50</span> 
     </span>
     <span class='ocr_line' id='line_1_4' title="bbox 155 353 1752 407; baseline -0.001 -13"><span class='ocrx_word' id='word_1_26' title='bbox 155 356 398 407; x_wconf 83' lang='lat' dir='ltr'>degrauarit</span> <span class='ocrx_word' id='word_1_27' title='bbox 421 355 583 395; x_wconf 87' lang='lat' dir='ltr'>inuidia</span> <span class='ocrx_word' id='word_1_28' title='bbox 607 359 825 406; x_wconf 87' lang='lat' dir='ltr'>vtcunque</span> <span class='ocrx_word' id='word_1_29' title='bbox 848 355 952 394; x_wconf 87' lang='lat' dir='ltr'>leuis</span> <span class='ocrx_word' id='word_1_30' title='bbox 979 355 1127 394; x_wconf 89' lang='lat' dir='ltr'>aurula</span> <span class='ocrx_word' id='word_1_31' title='bbox 1147 369 1155 402; x_wconf 91' lang='lat'><strong>;</strong></span> <span class='ocrx_word' id='word_1_32' title='bbox 1197 368 1327 406; x_wconf 92' lang='lat' dir='ltr'>quam</span> <span class='ocrx_word' id='word_1_33' title='bbox 1352 355 1580 406; x_wconf 73' lang='lat' dir='ltr'>suspiciose</span> <span class='ocrx_word' id='word_1_34' title='bbox 1605 353 1752 393; x_wconf 81' lang='lat' dir='ltr'>fecerit</span> 
     </span>
     <span class='ocr_line' id='line_1_5' title="bbox 153 409 1752 460; baseline -0.002 -12"><span class='ocrx_word' id='word_1_35' title='bbox 153 411 285 448; x_wconf 88' lang='lat' dir='ltr'>etiam</span> <span class='ocrx_word' id='word_1_36' title='bbox 302 411 458 449; x_wconf 85' lang='lat' dir='ltr'>amicos</span> <span class='ocrx_word' id='word_1_37' title='bbox 473 410 525 449; x_wconf 88' lang='lat' dir='ltr'>de</span> <span class='ocrx_word' id='word_1_38' title='bbox 540 413 583 450; x_wconf 83' lang='lat' dir='ltr'>te</span> <span class='ocrx_word' id='word_1_39' title='bbox 600 413 692 448; x_wconf 90' lang='lat' dir='ltr'>tum</span> <span class='ocrx_word' id='word_1_40' title='bbox 709 409 825 460; x_wconf 92' lang='lat' dir='ltr'>loqui</span> <span class='ocrx_word' id='word_1_41' title='bbox 841 414 934 448; x_wconf 88' lang='lat' dir='ltr'>tum</span> <span class='ocrx_word' id='word_1_42' title='bbox 950 410 1105 449; x_wconf 89' lang='lat' dir='ltr'>sentire</span> <span class='ocrx_word' id='word_1_43' title='bbox 1126 423 1134 449; x_wconf 91' lang='lat'>:</span> <span class='ocrx_word' id='word_1_44' title='bbox 1166 422 1276 460; x_wconf 87' lang='lat' dir='ltr'>quae</span> <span class='ocrx_word' id='word_1_45' title='bbox 1292 422 1419 448; x_wconf 85' lang='lat' dir='ltr'>causa</span> <span class='ocrx_word' id='word_1_46' title='bbox 1435 422 1520 447; x_wconf 90' lang='lat' dir='ltr'>non</span> <span class='ocrx_word' id='word_1_47' title='bbox 1536 413 1752 459; x_wconf 86' lang='lat' dir='ltr'>postrema</span> 
     </span>
     <span class='ocr_line' id='line_1_6' title="bbox 154 462 1751 515; baseline -0.003 -12"><span class='ocrx_word' id='word_1_48' title='bbox 154 464 238 503; x_wconf 79' lang='lat' dir='ltr'>fuit</span> <span class='ocrx_word' id='word_1_49' title='bbox 263 464 600 515; x_wconf 84' lang='lat' dir='ltr'>Norinb&lt;ergae&gt;</span> <span class='ocrx_word' id='word_1_50' title='bbox 626 463 794 502; x_wconf 90' lang='lat' dir='ltr'>silentii.</span> <span class='ocrx_word' id='word_1_51' title='bbox 852 463 1086 515; x_wconf 89' lang='lat' dir='ltr'>Postquam</span> <span class='ocrx_word' id='word_1_52' title='bbox 1111 477 1211 502; x_wconf 83' lang='lat' dir='ltr'>Vero</span> <span class='ocrx_word' id='word_1_53' title='bbox 1237 463 1319 503; x_wconf 87' lang='lat' dir='ltr'>huc</span> <span class='ocrx_word' id='word_1_54' title='bbox 1345 463 1544 514; x_wconf 89' lang='lat' dir='ltr'>applicui,</span> <span class='ocrx_word' id='word_1_55' title='bbox 1570 462 1751 501; x_wconf 90' lang='lat' dir='ltr'>eundem</span> 
     </span>
     <span class='ocr_line' id='line_1_7' title="bbox 155 517 1751 569; baseline -0.002 -13"><span class='ocrx_word' id='word_1_56' title='bbox 155 531 368 557; x_wconf 89' lang='lat' dir='ltr'>rumorem</span> <span class='ocrx_word' id='word_1_57' title='bbox 418 519 559 569; x_wconf 85' lang='lat' dir='ltr'>accepi</span> <span class='ocrx_word' id='word_1_58' title='bbox 609 517 724 556; x_wconf 89' lang='lat' dir='ltr'>haud</span> <span class='ocrx_word' id='word_1_59' title='bbox 774 517 900 568; x_wconf 88' lang='lat' dir='ltr'>paulo</span> <span class='ocrx_word' id='word_1_60' title='bbox 952 519 1298 557; x_wconf 89' lang='lat' dir='ltr'>constantiorem.</span> <span class='ocrx_word' id='word_1_61' title='bbox 1369 518 1527 556; x_wconf 86' lang='lat' dir='ltr'>Putaui</span> <span class='ocrx_word' id='word_1_62' title='bbox 1556 517 1751 567; x_wconf 82' lang='lat' dir='ltr'>ineptum</span> 
     </span>
     <span class='ocr_line' id='line_1_8' title="bbox 158 570 1809 623; baseline -0.001 -13"><span class='ocrx_word' id='word_1_63' title='bbox 158 572 457 623; x_wconf 89' lang='lat' dir='ltr'>Epimetheum</span> <span class='ocrx_word' id='word_1_64' title='bbox 483 585 604 623; x_wconf 82' lang='lat' dir='ltr'>agere</span> <span class='ocrx_word' id='word_1_65' title='bbox 629 576 727 622; x_wconf 88' lang='lat' dir='ltr'>post</span> <span class='ocrx_word' id='word_1_66' title='bbox 752 585 840 610; x_wconf 89' lang='lat' dir='ltr'>rem</span> <span class='ocrx_word' id='word_1_67' title='bbox 860 585 868 618; x_wconf 90' lang='grc'>;</span> <span class='ocrx_word' id='word_1_68' title='bbox 911 572 985 610; x_wconf 89' lang='lat' dir='ltr'>sed</span> <span class='ocrx_word' id='word_1_69' title='bbox 1011 576 1061 610; x_wconf 83' lang='lat' dir='ltr'>vt</span> <span class='ocrx_word' id='word_1_70' title='bbox 1086 572 1252 610; x_wconf 88' lang='lat' dir='ltr'>silentio</span> <span class='ocrx_word' id='word_1_71' title='bbox 1278 571 1589 622; x_wconf 69' lang='lat' dir='ltr'>periclitantem</span> <span class='ocrx_word' id='word_1_72' title='bbox 1616 570 1750 609; x_wconf 84' lang='lat' dir='ltr'>vindi-</span> <span class='ocrx_word' id='word_1_73' title='bbox 1774 586 1809 618; x_wconf 78' lang='lat'>55</span> 
     </span>
     <span class='ocr_line' id='line_1_9' title="bbox 158 625 1753 677; baseline -0.001 -12"><span class='ocrx_word' id='word_1_74' title='bbox 158 639 296 665; x_wconf 90' lang='lat' dir='ltr'>carem</span> <span class='ocrx_word' id='word_1_75' title='bbox 322 627 517 673; x_wconf 83' lang='lat' dir='ltr'>amicum,</span> <span class='ocrx_word' id='word_1_76' title='bbox 545 626 600 664; x_wconf 88' lang='lat' dir='ltr'>ad</span> <span class='ocrx_word' id='word_1_77' title='bbox 624 626 740 677; x_wconf 91' lang='lat' dir='ltr'>quod</span> <span class='ocrx_word' id='word_1_78' title='bbox 764 626 1014 677; x_wconf 87' lang='lat' dir='ltr'>iampridem</span> <span class='ocrx_word' id='word_1_79' title='bbox 1040 630 1158 665; x_wconf 89' lang='lat' dir='ltr'>totus</span> <span class='ocrx_word' id='word_1_80' title='bbox 1184 625 1514 676; x_wconf 88' lang='lat' dir='ltr'>propendebam,</span> <span class='ocrx_word' id='word_1_81' title='bbox 1541 625 1753 664; x_wconf 84' lang='lat' dir='ltr'>sententia</span> 
     </span>
     <span class='ocr_line' id='line_1_10' title="bbox 158 680 1751 732; baseline -0.001 -14"><span class='ocrx_word' id='word_1_82' title='bbox 158 680 253 720; x_wconf 84' lang='lat' dir='ltr'>fuit.</span> <span class='ocrx_word' id='word_1_83' title='bbox 312 681 448 720; x_wconf 90' lang='lat' dir='ltr'>Erant</span> <span class='ocrx_word' id='word_1_84' title='bbox 481 693 603 732; x_wconf 88' lang='lat' dir='ltr'>quae,</span> <span class='ocrx_word' id='word_1_85' title='bbox 639 681 675 718; x_wconf 83' lang='lat' dir='ltr'>si</span> <span class='ocrx_word' id='word_1_86' title='bbox 709 693 806 719; x_wconf 91' lang='lat' dir='ltr'>cum</span> <span class='ocrx_word' id='word_1_87' title='bbox 841 681 967 719; x_wconf 86' lang='lat' dir='ltr'>Venia</span> <span class='ocrx_word' id='word_1_88' title='bbox 999 680 1156 726; x_wconf 89' lang='lat' dir='ltr'>licebit,</span> <span class='ocrx_word' id='word_1_89' title='bbox 1192 680 1271 718; x_wconf 91' lang='lat' dir='ltr'>hoc</span> <span class='ocrx_word' id='word_1_90' title='bbox 1306 684 1372 718; x_wconf 90' lang='lat' dir='ltr'>est</span> <span class='ocrx_word' id='word_1_91' title='bbox 1405 680 1440 718; x_wconf 90' lang='lat' dir='ltr'>si</span> <span class='ocrx_word' id='word_1_92' title='bbox 1473 680 1751 730; x_wconf 85' lang='lat' dir='ltr'>ineptientem</span> 
     </span>
     <span class='ocr_line' id='line_1_11' title="bbox 160 733 1753 786; baseline -0.001 -13"><span class='ocrx_word' id='word_1_93' title='bbox 160 734 355 785; x_wconf 80' lang='lat' dir='ltr'>(audire)</span> <span class='ocrx_word' id='word_1_94' title='bbox 395 734 505 774; x_wconf 86' lang='lat' dir='ltr'>forte</span> <span class='ocrx_word' id='word_1_95' title='bbox 543 735 723 781; x_wconf 90' lang='lat' dir='ltr'>iuuabit,</span> <span class='ocrx_word' id='word_1_96' title='bbox 765 734 994 786; x_wconf 88' lang='lat' dir='ltr'>aliquando</span> <span class='ocrx_word' id='word_1_97' title='bbox 1034 734 1215 773; x_wconf 91' lang='lat' dir='ltr'>monebo</span> <span class='ocrx_word' id='word_1_98' title='bbox 1254 733 1396 780; x_wconf 90' lang='lat' dir='ltr'>libere,</span> <span class='ocrx_word' id='word_1_99' title='bbox 1437 733 1628 772; x_wconf 80' lang='lat' dir='ltr'>fortassis</span> <span class='ocrx_word' id='word_1_100' title='bbox 1668 746 1753 771; x_wconf 91' lang='lat' dir='ltr'>non</span> 
     </span>
     <span class='ocr_line' id='line_1_12' title="bbox 157 787 1754 839; baseline -0.002 -11"><span class='ocrx_word' id='word_1_101' title='bbox 157 789 336 836; x_wconf 88' lang='lat' dir='ltr'>inutilia,</span> <span class='ocrx_word' id='word_1_102' title='bbox 359 788 605 828; x_wconf 83' lang='lat' dir='ltr'>asserendae</span> <span class='ocrx_word' id='word_1_103' title='bbox 624 789 833 839; x_wconf 87' lang='lat' dir='ltr'>opinionis</span> <span class='ocrx_word' id='word_1_104' title='bbox 853 793 1002 828; x_wconf 89' lang='lat' dir='ltr'>contra</span> <span class='ocrx_word' id='word_1_105' title='bbox 1021 788 1361 827; x_wconf 90' lang='lat' dir='ltr'>Lutheranorum</span> <span class='ocrx_word' id='word_1_106' title='bbox 1381 787 1577 834; x_wconf 87' lang='lat' dir='ltr'>insultus,</span> <span class='ocrx_word' id='word_1_107' title='bbox 1598 787 1754 838; x_wconf 86' lang='lat' dir='ltr'>quibus</span> 
     </span>
     <span class='ocr_line' id='line_1_13' title="bbox 158 842 1816 894; baseline -0.002 -12"><span class='ocrx_word' id='word_1_108' title='bbox 158 847 252 882; x_wconf 91' lang='lat' dir='ltr'>tum</span> <span class='ocrx_word' id='word_1_109' title='bbox 289 844 418 882; x_wconf 90' lang='lat' dir='ltr'>etiam</span> <span class='ocrx_word' id='word_1_110' title='bbox 455 843 741 894; x_wconf 86' lang='lat' dir='ltr'>angebar&lt;is&gt;.</span> <span class='ocrx_word' id='word_1_111' title='bbox 799 843 857 881; x_wconf 87' lang='lat' dir='ltr'>Es</span> <span class='ocrx_word' id='word_1_112' title='bbox 894 843 1005 882; x_wconf 90' lang='lat' dir='ltr'>enim</span> <span class='ocrx_word' id='word_1_113' title='bbox 1041 843 1086 882; x_wconf 90' lang='lat' dir='ltr'>in</span> <span class='ocrx_word' id='word_1_114' title='bbox 1123 842 1236 881; x_wconf 87' lang='lat' dir='ltr'>orbis</span> <span class='ocrx_word' id='word_1_115' title='bbox 1271 842 1441 881; x_wconf 89' lang='lat' dir='ltr'>theatro</span> <span class='ocrx_word' id='word_1_116' title='bbox 1479 842 1751 886; x_wconf 74' lang='lat' dir='ltr'>constitutus,</span> <span class='ocrx_word' id='word_1_117' title='bbox 1771 849 1816 880; x_wconf 86' lang='lat'>60</span> 
     </span>
     <span class='ocr_line' id='line_1_14' title="bbox 158 895 1754 943; baseline -0.002 -7"><span class='ocrx_word' id='word_1_118' title='bbox 158 897 261 936; x_wconf 84' lang='lat' dir='ltr'>velis</span> <span class='ocrx_word' id='word_1_119' title='bbox 283 897 389 936; x_wconf 89' lang='lat' dir='ltr'>nolis</span> <span class='ocrx_word' id='word_1_120' title='bbox 409 910 417 936; x_wconf 93' lang='lat'><strong>:</strong></span> <span class='ocrx_word' id='word_1_121' title='bbox 456 898 638 936; x_wconf 91' lang='lat' dir='ltr'>amicum</span> <span class='ocrx_word' id='word_1_122' title='bbox 660 910 749 937; x_wconf 89' lang='lat' dir='ltr'>esse</span> <span class='ocrx_word' id='word_1_123' title='bbox 771 902 815 936; x_wconf 90' lang='lat' dir='ltr'>et</span> <span class='ocrx_word' id='word_1_124' title='bbox 836 897 981 936; x_wconf 92' lang='lat' dir='ltr'>haberi</span> <span class='ocrx_word' id='word_1_125' title='bbox 1004 897 1197 936; x_wconf 81' lang='lat' dir='ltr'>veritatis</span> <span class='ocrx_word' id='word_1_126' title='bbox 1220 896 1507 943; x_wconf 85' lang='lat' dir='ltr'>manifestum,</span> <span class='ocrx_word' id='word_1_127' title='bbox 1532 899 1609 934; x_wconf 90' lang='lat' dir='ltr'>aut</span> <span class='ocrx_word' id='word_1_128' title='bbox 1630 895 1754 934; x_wconf 85' lang='lat' dir='ltr'>huius</span> 
     </span>
     <span class='ocr_line' id='line_1_15' title="bbox 158 951 1278 1003; baseline 0 -13"><span class='ocrx_word' id='word_1_129' title='bbox 158 951 513 991; x_wconf 85' lang='lat' dir='ltr'>dissimulatorem</span> <span class='ocrx_word' id='word_1_130' title='bbox 535 955 718 1003; x_wconf 87' lang='lat' dir='ltr'>oportet,</span> <span class='ocrx_word' id='word_1_131' title='bbox 742 955 792 990; x_wconf 92' lang='lat' dir='ltr'>vt</span> <span class='ocrx_word' id='word_1_132' title='bbox 814 965 925 991; x_wconf 89' lang='lat' dir='ltr'>nunc</span> <span class='ocrx_word' id='word_1_133' title='bbox 948 955 1049 990; x_wconf 89' lang='lat' dir='ltr'>sunt</span> <span class='ocrx_word' id='word_1_134' title='bbox 1071 956 1278 1002; x_wconf 81' lang='lat' dir='ltr'>tempora.</span> 
     </span>
    </p>

    <p class='ocr_par' dir='ltr' id='par_1_3' title="bbox 159 1002 1824 2303">
     <span class='ocr_line' id='line_1_16' title="bbox 214 1002 1755 1057; baseline -0.002 -13"><span class='ocrx_word' id='word_1_135' title='bbox 214 1006 333 1052; x_wconf 89' lang='lat' dir='ltr'>Vide,</span> <span class='ocrx_word' id='word_1_136' title='bbox 367 1007 425 1044; x_wconf 90' lang='lat' dir='ltr'>mi</span> <span class='ocrx_word' id='word_1_137' title='bbox 458 1006 644 1053; x_wconf 87' lang='lat' dir='ltr'>Erasme,</span> <span class='ocrx_word' id='word_1_138' title='bbox 679 1010 842 1057; x_wconf 88' lang='lat' dir='ltr'>quanto</span> <span class='ocrx_word' id='word_1_139' title='bbox 875 1006 1107 1045; x_wconf 89' lang='lat' dir='ltr'>consultius</span> <span class='ocrx_word' id='word_1_140' title='bbox 1140 1005 1337 1057; x_wconf 85' lang='lat' dir='ltr'>Capitoni</span> <span class='ocrx_word' id='word_1_141' title='bbox 1369 1003 1579 1044; x_wconf 87' lang='lat' dir='ltr'>tacuisse!</span> <span class='ocrx_word' id='word_1_142' title='bbox 1638 1002 1755 1041; x_wconf 87' lang='lat' dir='ltr'>Haec</span> 
     </span>
     <span class='ocr_line' id='line_1_17' title="bbox 161 1058 1755 1111; baseline -0.001 -13"><span class='ocrx_word' id='word_1_143' title='bbox 161 1059 264 1098; x_wconf 83' lang='lat' dir='ltr'>dum</span> <span class='ocrx_word' id='word_1_144' title='bbox 298 1060 460 1111; x_wconf 90' lang='lat' dir='ltr'>loquor,</span> <span class='ocrx_word' id='word_1_145' title='bbox 495 1060 692 1107; x_wconf 79' lang='lat' dir='ltr'>scribenS,</span> <span class='ocrx_word' id='word_1_146' title='bbox 733 1060 839 1100; x_wconf 90' lang='lat' dir='ltr'>adeo</span> <span class='ocrx_word' id='word_1_147' title='bbox 877 1060 929 1099; x_wconf 90' lang='lat' dir='ltr'>de</span> <span class='ocrx_word' id='word_1_148' title='bbox 968 1073 1035 1100; x_wconf 90' lang='lat' dir='ltr'>me</span> <span class='ocrx_word' id='word_1_149' title='bbox 1073 1059 1306 1099; x_wconf 88' lang='lat' dir='ltr'>stulticiam</span> <span class='ocrx_word' id='word_1_150' title='bbox 1344 1058 1588 1109; x_wconf 91' lang='lat' dir='ltr'>comprobo,</span> <span class='ocrx_word' id='word_1_151' title='bbox 1627 1070 1755 1109; x_wconf 90' lang='lat' dir='ltr'>quem</span> 
     </span>
     <span class='ocr_line' id='line_1_18' title="bbox 161 1111 1813 1165; baseline -0.001 -12"><span class='ocrx_word' id='word_1_152' title='bbox 161 1118 308 1154; x_wconf 82' lang='lat' dir='ltr'>tantus</span> <span class='ocrx_word' id='word_1_153' title='bbox 341 1114 462 1154; x_wconf 90' lang='lat' dir='ltr'>aulae</span> <span class='ocrx_word' id='word_1_154' title='bbox 495 1128 595 1154; x_wconf 85' lang='lat' dir='ltr'>Vsus</span> <span class='ocrx_word' id='word_1_155' title='bbox 628 1114 803 1165; x_wconf 82' lang='lat' dir='ltr'>expoliri</span> <span class='ocrx_word' id='word_1_156' title='bbox 836 1128 922 1154; x_wconf 91' lang='lat' dir='ltr'>non</span> <span class='ocrx_word' id='word_1_157' title='bbox 954 1115 1110 1165; x_wconf 91' lang='lat' dir='ltr'>potuit.</span> <span class='ocrx_word' id='word_1_158' title='bbox 1167 1114 1342 1165; x_wconf 90' lang='lat' dir='ltr'>Nequeo</span> <span class='ocrx_word' id='word_1_159' title='bbox 1376 1114 1488 1153; x_wconf 84' lang='lat' dir='ltr'>enim</span> <span class='ocrx_word' id='word_1_160' title='bbox 1521 1112 1628 1151; x_wconf 83' lang='lat' dir='ltr'>fucis</span> <span class='ocrx_word' id='word_1_161' title='bbox 1662 1111 1755 1158; x_wconf 86' lang='lat' dir='ltr'>niti,</span> <span class='ocrx_word' id='word_1_162' title='bbox 1775 1122 1813 1161; x_wconf 77' lang='lat'>63</span> 
     </span>
     <span class='ocr_line' id='line_1_19' title="bbox 160 1166 1757 1220; baseline -0.002 -13"><span class='ocrx_word' id='word_1_163' title='bbox 160 1168 216 1207; x_wconf 87' lang='lat' dir='ltr'>ad</span> <span class='ocrx_word' id='word_1_164' title='bbox 254 1169 437 1208; x_wconf 86' lang='lat' dir='ltr'>amicum</span> <span class='ocrx_word' id='word_1_165' title='bbox 476 1172 521 1207; x_wconf 92' lang='lat' dir='ltr'>et</span> <span class='ocrx_word' id='word_1_166' title='bbox 558 1172 785 1219; x_wconf 88' lang='lat' dir='ltr'>patronum</span> <span class='ocrx_word' id='word_1_167' title='bbox 825 1169 1085 1220; x_wconf 88' lang='lat' dir='ltr'>praesertim.</span> <span class='ocrx_word' id='word_1_168' title='bbox 1144 1168 1319 1208; x_wconf 90' lang='lat' dir='ltr'>Lutheri</span> <span class='ocrx_word' id='word_1_169' title='bbox 1357 1167 1643 1213; x_wconf 83' lang='lat' dir='ltr'>virulentiam,</span> <span class='ocrx_word' id='word_1_170' title='bbox 1683 1166 1757 1216; x_wconf 92' lang='lat' dir='ltr'>qui</span> 
     </span>
     <span class='ocr_line' id='line_1_20' title="bbox 160 1221 1757 1274; baseline -0.002 -13"><span class='ocrx_word' id='word_1_171' title='bbox 160 1236 185 1261; x_wconf 88' lang='lat' dir='ltr'>a</span> <span class='ocrx_word' id='word_1_172' title='bbox 209 1223 375 1262; x_wconf 90' lang='lat' dir='ltr'>nemine</span> <span class='ocrx_word' id='word_1_173' title='bbox 399 1227 625 1274; x_wconf 84' lang='lat' dir='ltr'>praetextu</span> <span class='ocrx_word' id='word_1_174' title='bbox 650 1223 957 1263; x_wconf 85' lang='lat' dir='ltr'>Christianismi</span> <span class='ocrx_word' id='word_1_175' title='bbox 981 1223 1182 1270; x_wconf 86' lang='lat' dir='ltr'>abstinet,</span> <span class='ocrx_word' id='word_1_176' title='bbox 1208 1222 1263 1262; x_wconf 89' lang='lat' dir='ltr'>ad</span> <span class='ocrx_word' id='word_1_177' title='bbox 1287 1226 1331 1262; x_wconf 86' lang='lat' dir='ltr'>te</span> <span class='ocrx_word' id='word_1_178' title='bbox 1355 1234 1524 1274; x_wconf 91' lang='lat' dir='ltr'>quoque</span> <span class='ocrx_word' id='word_1_179' title='bbox 1548 1221 1757 1272; x_wconf 87' lang='lat' dir='ltr'>pertinere</span> 
     </span>
     <span class='ocr_line' id='line_1_21' title="bbox 160 1276 1757 1328; baseline -0.001 -13"><span class='ocrx_word' id='word_1_180' title='bbox 160 1289 213 1316; x_wconf 85' lang='lat' dir='ltr'>ex</span> <span class='ocrx_word' id='word_1_181' title='bbox 239 1277 381 1316; x_wconf 87' lang='lat' dir='ltr'>animo</span> <span class='ocrx_word' id='word_1_182' title='bbox 407 1276 542 1323; x_wconf 92' lang='lat' dir='ltr'>doleo,</span> <span class='ocrx_word' id='word_1_183' title='bbox 570 1290 656 1315; x_wconf 90' lang='lat' dir='ltr'>non</span> <span class='ocrx_word' id='word_1_184' title='bbox 682 1278 821 1316; x_wconf 89' lang='lat' dir='ltr'>minus</span> <span class='ocrx_word' id='word_1_185' title='bbox 848 1278 939 1316; x_wconf 88' lang='lat' dir='ltr'>vice</span> <span class='ocrx_word' id='word_1_186' title='bbox 966 1277 1231 1328; x_wconf 86' lang='lat' dir='ltr'>publicorum</span> <span class='ocrx_word' id='word_1_187' title='bbox 1258 1276 1496 1316; x_wconf 87' lang='lat' dir='ltr'>studiorum</span> <span class='ocrx_word' id='word_1_188' title='bbox 1524 1288 1654 1327; x_wconf 89' lang='lat' dir='ltr'>quam</span> <span class='ocrx_word' id='word_1_189' title='bbox 1681 1279 1757 1313; x_wconf 89' lang='lat' dir='ltr'>tuo</span> 
     </span>
     <span class='ocr_line' id='line_1_22' title="bbox 162 1328 1757 1381; baseline -0.002 -12"><span class='ocrx_word' id='word_1_190' title='bbox 162 1331 344 1370; x_wconf 83' lang='lat' dir='ltr'>nomine.</span> <span class='ocrx_word' id='word_1_191' title='bbox 402 1330 586 1369; x_wconf 91' lang='lat' dir='ltr'>Libellus</span> <span class='ocrx_word' id='word_1_192' title='bbox 629 1331 764 1378; x_wconf 91' lang='lat' dir='ltr'>istius,</span> <span class='ocrx_word' id='word_1_193' title='bbox 810 1335 860 1370; x_wconf 89' lang='lat' dir='ltr'>vt</span> <span class='ocrx_word' id='word_1_194' title='bbox 903 1332 1044 1378; x_wconf 90' lang='lat' dir='ltr'>audio,</span> <span class='ocrx_word' id='word_1_195' title='bbox 1089 1331 1216 1370; x_wconf 90' lang='lat' dir='ltr'>modo</span> <span class='ocrx_word' id='word_1_196' title='bbox 1260 1331 1327 1369; x_wconf 81' lang='lat' dir='ltr'>hic</span> <span class='ocrx_word' id='word_1_197' title='bbox 1371 1334 1540 1381; x_wconf 88' lang='lat' dir='ltr'>prostat</span> <span class='ocrx_word' id='word_1_198' title='bbox 1582 1328 1757 1368; x_wconf 83' lang='lat' dir='ltr'>venalis.</span> 
     </span>
     <span class='ocr_line' id='line_1_23' title="bbox 162 1383 1820 1436; baseline -0.001 -13"><span class='ocrx_word' id='word_1_199' title='bbox 162 1384 274 1423; x_wconf 88' lang='lat' dir='ltr'>Leue</span> <span class='ocrx_word' id='word_1_200' title='bbox 293 1388 358 1424; x_wconf 89' lang='lat' dir='ltr'>est</span> <span class='ocrx_word' id='word_1_201' title='bbox 380 1397 428 1423; x_wconf 86' lang='lat' dir='ltr'>ac</span> <span class='ocrx_word' id='word_1_202' title='bbox 448 1384 686 1431; x_wconf 91' lang='lat' dir='ltr'>ridiculum,</span> <span class='ocrx_word' id='word_1_203' title='bbox 709 1385 825 1436; x_wconf 91' lang='lat' dir='ltr'>quod</span> <span class='ocrx_word' id='word_1_204' title='bbox 847 1398 927 1432; x_wconf 91' lang='lat' dir='ltr'>me,</span> <span class='ocrx_word' id='word_1_205' title='bbox 951 1385 986 1424; x_wconf 90' lang='lat' dir='ltr'>si</span> <span class='ocrx_word' id='word_1_206' title='bbox 1008 1389 1073 1424; x_wconf 91' lang='lat' dir='ltr'>est</span> <span class='ocrx_word' id='word_1_207' title='bbox 1094 1389 1145 1424; x_wconf 90' lang='lat' dir='ltr'>vt</span> <span class='ocrx_word' id='word_1_208' title='bbox 1164 1386 1298 1431; x_wconf 89' lang='lat' dir='ltr'>aiunt,</span> <span class='ocrx_word' id='word_1_209' title='bbox 1322 1388 1446 1423; x_wconf 87' lang='lat' dir='ltr'>tanto</span> <span class='ocrx_word' id='word_1_210' title='bbox 1466 1383 1640 1422; x_wconf 86' lang='lat' dir='ltr'>fastidio</span> <span class='ocrx_word' id='word_1_211' title='bbox 1661 1396 1756 1421; x_wconf 89' lang='lat' dir='ltr'>con·</span> <span class='ocrx_word' id='word_1_212' title='bbox 1776 1399 1820 1433; x_wconf 93' lang='lat'>70</span> 
     </span>
     <span class='ocr_line' id='line_1_24' title="bbox 160 1437 1757 1490; baseline -0.001 -13"><span class='ocrx_word' id='word_1_213' title='bbox 160 1439 327 1478; x_wconf 88' lang='lat' dir='ltr'>temnit.</span> <span class='ocrx_word' id='word_1_214' title='bbox 385 1438 506 1477; x_wconf 89' lang='lat' dir='ltr'>Bono</span> <span class='ocrx_word' id='word_1_215' title='bbox 546 1443 691 1478; x_wconf 87' lang='lat' dir='ltr'>tamen</span> <span class='ocrx_word' id='word_1_216' title='bbox 731 1439 775 1478; x_wconf 90' lang='lat' dir='ltr'>id</span> <span class='ocrx_word' id='word_1_217' title='bbox 815 1440 918 1478; x_wconf 91' lang='lat' dir='ltr'>mihi</span> <span class='ocrx_word' id='word_1_218' title='bbox 958 1440 1038 1478; x_wconf 88' lang='lat' dir='ltr'>erit</span> <span class='ocrx_word' id='word_1_219' title='bbox 1077 1439 1193 1490; x_wconf 89' lang='lat' dir='ltr'>apud</span> <span class='ocrx_word' id='word_1_220' title='bbox 1232 1438 1555 1488; x_wconf 78' lang='lat' dir='ltr'>Pontif&lt;icem&gt;,</span> <span class='ocrx_word' id='word_1_221' title='bbox 1596 1437 1757 1487; x_wconf 88' lang='lat' dir='ltr'>opinor.</span> 
     </span>
     <span class='ocr_line' id='line_1_25' title="bbox 159 1491 1760 1544; baseline -0.002 -12"><span class='ocrx_word' id='word_1_222' title='bbox 159 1493 272 1532; x_wconf 89' lang='lat' dir='ltr'>Nam</span> <span class='ocrx_word' id='word_1_223' title='bbox 301 1492 353 1532; x_wconf 91' lang='lat' dir='ltr'>de</span> <span class='ocrx_word' id='word_1_224' title='bbox 382 1493 675 1544; x_wconf 86' lang='lat' dir='ltr'>praepositura</span> <span class='ocrx_word' id='word_1_225' title='bbox 704 1493 930 1533; x_wconf 85' lang='lat' dir='ltr'>exturbare</span> <span class='ocrx_word' id='word_1_226' title='bbox 954 1493 1166 1533; x_wconf 80' lang='lat' dir='ltr'>Curtisani</span> <span class='ocrx_word' id='word_1_227' title='bbox 1193 1494 1279 1532; x_wconf 87' lang='lat' dir='ltr'>iam</span> <span class='ocrx_word' id='word_1_228' title='bbox 1309 1496 1504 1544; x_wconf 86' lang='lat' dir='ltr'>pergunt,</span> <span class='ocrx_word' id='word_1_229' title='bbox 1535 1496 1580 1531; x_wconf 85' lang='lat' dir='ltr'>et</span> <span class='ocrx_word' id='word_1_230' title='bbox 1607 1492 1652 1530; x_wconf 93' lang='lat' dir='ltr'>in</span> <span class='ocrx_word' id='word_1_231' title='bbox 1681 1491 1760 1529; x_wconf 89' lang='lat' dir='ltr'>hoc</span> 
     </span>
     <span class='ocr_line' id='line_1_26' title="bbox 161 1546 1762 1599; baseline -0.002 -13"><span class='ocrx_word' id='word_1_232' title='bbox 161 1547 308 1586; x_wconf 89' lang='lat' dir='ltr'>literae</span> <span class='ocrx_word' id='word_1_233' title='bbox 354 1547 670 1594; x_wconf 84' lang='lat' dir='ltr'>executoriales,</span> <span class='ocrx_word' id='word_1_234' title='bbox 719 1561 829 1599; x_wconf 92' lang='lat' dir='ltr'>quae</span> <span class='ocrx_word' id='word_1_235' title='bbox 876 1548 1070 1587; x_wconf 87' lang='lat' dir='ltr'>decretae</span> <span class='ocrx_word' id='word_1_236' title='bbox 1116 1547 1288 1587; x_wconf 83' lang='lat' dir='ltr'>fuerant</span> <span class='ocrx_word' id='word_1_237' title='bbox 1334 1551 1433 1598; x_wconf 91' lang='lat' dir='ltr'>post</span> <span class='ocrx_word' id='word_1_238' title='bbox 1479 1546 1572 1585; x_wconf 81' lang='lat' dir='ltr'>fata</span> <span class='ocrx_word' id='word_1_239' title='bbox 1612 1549 1762 1585; x_wconf 88' lang='lat' dir='ltr'>contra</span> 
     </span>
     <span class='ocr_line' id='line_1_27' title="bbox 163 1600 1762 1653; baseline -0.002 -13"><span class='ocrx_word' id='word_1_240' title='bbox 163 1606 469 1641; x_wconf 89' lang='lat' dir='ltr'>antecessorem</span> <span class='ocrx_word' id='word_1_241' title='bbox 511 1615 666 1649; x_wconf 91' lang='lat' dir='ltr'>meum,</span> <span class='ocrx_word' id='word_1_242' title='bbox 709 1603 899 1653; x_wconf 86' lang='lat' dir='ltr'>proxime</span> <span class='ocrx_word' id='word_1_243' title='bbox 940 1603 1234 1652; x_wconf 82' lang='lat' dir='ltr'>insinu&lt;a&gt;tae</span> <span class='ocrx_word' id='word_1_244' title='bbox 1275 1606 1376 1641; x_wconf 89' lang='lat' dir='ltr'>sunt</span> <span class='ocrx_word' id='word_1_245' title='bbox 1417 1601 1549 1647; x_wconf 91' lang='lat' dir='ltr'>mihi;</span> <span class='ocrx_word' id='word_1_246' title='bbox 1607 1600 1762 1651; x_wconf 87' lang='lat' dir='ltr'>quibus</span> 
     </span>
     <span class='ocr_line' id='line_1_28' title="bbox 163 1654 1818 1708; baseline -0.001 -14"><span class='ocrx_word' id='word_1_247' title='bbox 163 1655 359 1707; x_wconf 89' lang='lat' dir='ltr'>equidem</span> <span class='ocrx_word' id='word_1_248' title='bbox 393 1669 599 1703; x_wconf 82' lang='lat' dir='ltr'>exerceor,</span> <span class='ocrx_word' id='word_1_249' title='bbox 635 1657 850 1708; x_wconf 85' lang='lat' dir='ltr'>vehorque</span> <span class='ocrx_word' id='word_1_250' title='bbox 883 1657 969 1695; x_wconf 93' lang='lat' dir='ltr'>iam</span> <span class='ocrx_word' id='word_1_251' title='bbox 1002 1657 1047 1696; x_wconf 91' lang='lat' dir='ltr'>in</span> <span class='ocrx_word' id='word_1_252' title='bbox 1081 1670 1151 1696; x_wconf 90' lang='lat' dir='ltr'>ore</span> <span class='ocrx_word' id='word_1_253' title='bbox 1185 1657 1389 1703; x_wconf 92' lang='lat' dir='ltr'>omnium,</span> <span class='ocrx_word' id='word_1_254' title='bbox 1425 1668 1511 1694; x_wconf 93' lang='lat' dir='ltr'>non</span> <span class='ocrx_word' id='word_1_255' title='bbox 1545 1655 1634 1693; x_wconf 86' lang='lat' dir='ltr'>sine</span> <span class='ocrx_word' id='word_1_256' title='bbox 1667 1654 1762 1692; x_wconf 86' lang='lat' dir='ltr'>labe</span> <span class='ocrx_word' id='word_1_257' title='bbox 1779 1672 1818 1704; x_wconf 81' lang='lat'>75</span> 
     </span>
     <span class='ocr_line' id='line_1_29' title="bbox 163 1709 1762 1762; baseline -0.002 -13"><span class='ocrx_word' id='word_1_258' title='bbox 163 1709 375 1749; x_wconf 91' lang='lat' dir='ltr'>Pontificii</span> <span class='ocrx_word' id='word_1_259' title='bbox 389 1711 584 1749; x_wconf 83' lang='lat' dir='ltr'>nominis.</span> <span class='ocrx_word' id='word_1_260' title='bbox 641 1710 863 1757; x_wconf 89' lang='lat' dir='ltr'>Aduletur,</span> <span class='ocrx_word' id='word_1_261' title='bbox 881 1712 1014 1758; x_wconf 91' lang='lat' dir='ltr'>aiunt,</span> <span class='ocrx_word' id='word_1_262' title='bbox 1031 1712 1259 1762; x_wconf 89' lang='lat' dir='ltr'>quisquam</span> <span class='ocrx_word' id='word_1_263' title='bbox 1273 1711 1317 1749; x_wconf 89' lang='lat' dir='ltr'>in</span> <span class='ocrx_word' id='word_1_264' title='bbox 1332 1714 1550 1761; x_wconf 89' lang='lat' dir='ltr'>posterum</span> <span class='ocrx_word' id='word_1_265' title='bbox 1566 1709 1762 1747; x_wconf 86' lang='lat' dir='ltr'>Romano</span> 
     </span>
     <span class='ocr_line' id='line_1_30' title="bbox 164 1764 1762 1817; baseline -0.002 -14"><span class='ocrx_word' id='word_1_266' title='bbox 164 1764 373 1811; x_wconf 89' lang='lat' dir='ltr'>Pontifici,</span> <span class='ocrx_word' id='word_1_267' title='bbox 404 1777 507 1816; x_wconf 89' lang='lat' dir='ltr'>qum</span> <span class='ocrx_word' id='word_1_268' title='bbox 538 1765 689 1816; x_wconf 85' lang='lat' dir='ltr'>Capito</span> <span class='ocrx_word' id='word_1_269' title='bbox 718 1765 786 1804; x_wconf 91' lang='lat' dir='ltr'>ille</span> <span class='ocrx_word' id='word_1_270' title='bbox 816 1766 1011 1817; x_wconf 91' lang='lat' dir='ltr'>perpetui</span> <span class='ocrx_word' id='word_1_271' title='bbox 1040 1766 1211 1804; x_wconf 90' lang='lat' dir='ltr'>triennii</span> <span class='ocrx_word' id='word_1_272' title='bbox 1240 1764 1559 1803; x_wconf 88' lang='lat' dir='ltr'>blandissimam</span> <span class='ocrx_word' id='word_1_273' title='bbox 1590 1775 1762 1814; x_wconf 89' lang='lat' dir='ltr'>operam</span> 
     </span>
     <span class='ocr_line' id='line_1_31' title="bbox 164 1816 1762 1870; baseline -0.001 -13"><span class='ocrx_word' id='word_1_274' title='bbox 164 1822 294 1870; x_wconf 86' lang='lat' dir='ltr'>atque</span> <span class='ocrx_word' id='word_1_275' title='bbox 317 1818 456 1857; x_wconf 91' lang='lat' dir='ltr'>oleum</span> <span class='ocrx_word' id='word_1_276' title='bbox 480 1831 604 1858; x_wconf 88' lang='lat' dir='ltr'>omne</span> <span class='ocrx_word' id='word_1_277' title='bbox 626 1819 825 1870; x_wconf 83' lang='lat' dir='ltr'>perdidit.</span> <span class='ocrx_word' id='word_1_278' title='bbox 882 1820 1134 1858; x_wconf 89' lang='lat' dir='ltr'>Assentetur</span> <span class='ocrx_word' id='word_1_279' title='bbox 1156 1823 1200 1858; x_wconf 89' lang='lat' dir='ltr'>et</span> <span class='ocrx_word' id='word_1_280' title='bbox 1226 1819 1385 1870; x_wconf 89' lang='lat' dir='ltr'>palpet,</span> <span class='ocrx_word' id='word_1_281' title='bbox 1415 1818 1489 1857; x_wconf 91' lang='lat' dir='ltr'>sed</span> <span class='ocrx_word' id='word_1_282' title='bbox 1513 1816 1733 1857; x_wconf 90' lang='lat' dir='ltr'>commode</span> <span class='ocrx_word' id='word_1_283' title='bbox 1754 1829 1762 1862; x_wconf 94' lang='lat'>;</span> 
     </span>
     <span class='ocr_line' id='line_1_32' title="bbox 165 1871 1763 1925; baseline -0.001 -14"><span class='ocrx_word' id='word_1_284' title='bbox 165 1873 323 1924; x_wconf 82' lang='lat' dir='ltr'>alioqui</span> <span class='ocrx_word' id='word_1_285' title='bbox 355 1874 510 1923; x_wconf 89' lang='lat' dir='ltr'>peiora,</span> <span class='ocrx_word' id='word_1_286' title='bbox 544 1874 654 1912; x_wconf 88' lang='lat' dir='ltr'>sicut</span> <span class='ocrx_word' id='word_1_287' title='bbox 684 1873 766 1920; x_wconf 90' lang='lat' dir='ltr'>ille,</span> <span class='ocrx_word' id='word_1_288' title='bbox 800 1874 955 1913; x_wconf 85' lang='lat' dir='ltr'>sentiet</span> <span class='ocrx_word' id='word_1_289' title='bbox 986 1878 1250 1925; x_wconf 81' lang='lat' dir='ltr'>experturus.</span> <span class='ocrx_word' id='word_1_290' title='bbox 1308 1873 1496 1912; x_wconf 86' lang='lat' dir='ltr'>Tametsi</span> <span class='ocrx_word' id='word_1_291' title='bbox 1528 1871 1583 1911; x_wconf 91' lang='lat' dir='ltr'>ad</span> <span class='ocrx_word' id='word_1_292' title='bbox 1615 1884 1763 1922; x_wconf 85' lang='lat' dir='ltr'>pacem</span> 
     </span>
     <span class='ocr_line' id='line_1_33' title="bbox 166 1927 1824 1979; baseline -0.002 -14"><span class='ocrx_word' id='word_1_293' title='bbox 166 1940 242 1978; x_wconf 86' lang='lat' dir='ltr'>ego</span> <span class='ocrx_word' id='word_1_294' title='bbox 276 1927 495 1978; x_wconf 82' lang='lat' dir='ltr'>publ&lt;ice&gt;</span> <span class='ocrx_word' id='word_1_295' title='bbox 530 1928 637 1966; x_wconf 89' lang='lat' dir='ltr'>citra</span> <span class='ocrx_word' id='word_1_296' title='bbox 670 1928 852 1966; x_wconf 87' lang='lat' dir='ltr'>hominis</span> <span class='ocrx_word' id='word_1_297' title='bbox 885 1928 1061 1967; x_wconf 91' lang='lat' dir='ltr'>alicuius</span> <span class='ocrx_word' id='word_1_298' title='bbox 1094 1931 1333 1979; x_wconf 89' lang='lat' dir='ltr'>respectum</span> <span class='ocrx_word' id='word_1_299' title='bbox 1367 1932 1412 1966; x_wconf 91' lang='lat' dir='ltr'>et</span> <span class='ocrx_word' id='word_1_300' title='bbox 1445 1931 1690 1966; x_wconf 84' lang='lat' dir='ltr'>constanter</span> <span class='ocrx_word' id='word_1_301' title='bbox 1721 1929 1764 1964; x_wconf 94' lang='lat' dir='ltr'>et</span> <span class='ocrx_word' id='word_1_302' title='bbox 1781 1936 1824 1965; x_wconf 54' lang='grc' dir='ltr'>ὃν»,</span> 
     </span>
     <span class='ocr_line' id='line_1_34' title="bbox 167 1980 1764 2032; baseline -0.001 -12"><span class='ocrx_word' id='word_1_303' title='bbox 167 1981 385 2020; x_wconf 89' lang='lat' dir='ltr'>moderate</span> <span class='ocrx_word' id='word_1_304' title='bbox 428 1981 648 2020; x_wconf 89' lang='lat' dir='ltr'>consilium</span> <span class='ocrx_word' id='word_1_305' title='bbox 691 1995 855 2032; x_wconf 88' lang='lat' dir='ltr'>semper</span> <span class='ocrx_word' id='word_1_306' title='bbox 901 1983 1064 2029; x_wconf 89' lang='lat' dir='ltr'>miscui,</span> <span class='ocrx_word' id='word_1_307' title='bbox 1108 1981 1469 2032; x_wconf 87' lang='lat' dir='ltr'>quemadmodum</span> <span class='ocrx_word' id='word_1_308' title='bbox 1513 1980 1764 2031; x_wconf 84' lang='lat' dir='ltr'>prudentiae</span> 
     </span>
     <span class='ocr_line' id='line_1_35' title="bbox 166 2035 1763 2088; baseline -0.001 -15"><span class='ocrx_word' id='word_1_309' title='bbox 166 2040 266 2074; x_wconf 86' lang='lat' dir='ltr'>tuae</span> <span class='ocrx_word' id='word_1_310' title='bbox 291 2035 482 2074; x_wconf 81' lang='lat' dir='ltr'>fortassis</span> <span class='ocrx_word' id='word_1_311' title='bbox 508 2040 701 2075; x_wconf 88' lang='lat' dir='ltr'>constare</span> <span class='ocrx_word' id='word_1_312' title='bbox 726 2040 882 2087; x_wconf 83' lang='lat' dir='ltr'>potest,</span> <span class='ocrx_word' id='word_1_313' title='bbox 909 2041 952 2075; x_wconf 91' lang='lat' dir='ltr'>et</span> <span class='ocrx_word' id='word_1_314' title='bbox 978 2037 1151 2088; x_wconf 89' lang='lat' dir='ltr'>Imperii</span> <span class='ocrx_word' id='word_1_315' title='bbox 1175 2036 1323 2075; x_wconf 85' lang='lat' dir='ltr'>Status</span> <span class='ocrx_word' id='word_1_316' title='bbox 1350 2036 1546 2075; x_wconf 80' lang='lat' dir='ltr'>attestari</span> <span class='ocrx_word' id='word_1_317' title='bbox 1571 2038 1763 2086; x_wconf 73' lang='lat' dir='ltr'>possunt.</span> 
     </span>
     <span class='ocr_line' id='line_1_36' title="bbox 168 2089 1764 2141; baseline -0.001 -13"><span class='ocrx_word' id='word_1_318' title='bbox 168 2090 370 2141; x_wconf 89' lang='lat' dir='ltr'>Adeoque</span> <span class='ocrx_word' id='word_1_319' title='bbox 407 2090 490 2129; x_wconf 92' lang='lat' dir='ltr'>illic</span> <span class='ocrx_word' id='word_1_320' title='bbox 527 2090 641 2137; x_wconf 90' lang='lat' dir='ltr'>olim,</span> <span class='ocrx_word' id='word_1_321' title='bbox 674 2091 747 2129; x_wconf 89' lang='lat' dir='ltr'>sed</span> <span class='ocrx_word' id='word_1_322' title='bbox 781 2104 885 2137; x_wconf 85' lang='lat' dir='ltr'>sere,</span> <span class='ocrx_word' id='word_1_323' title='bbox 921 2104 1080 2138; x_wconf 82' lang='lat' dir='ltr'>vereor,</span> <span class='ocrx_word' id='word_1_324' title='bbox 1119 2091 1305 2130; x_wconf 86' lang='lat' dir='ltr'>sentient</span> <span class='ocrx_word' id='word_1_325' title='bbox 1337 2104 1423 2129; x_wconf 90' lang='lat' dir='ltr'>non</span> <span class='ocrx_word' id='word_1_326' title='bbox 1460 2091 1585 2128; x_wconf 90' lang='lat' dir='ltr'>inane</span> <span class='ocrx_word' id='word_1_327' title='bbox 1622 2089 1764 2133; x_wconf 80' lang='lat' dir='ltr'>fuisse,</span> 
     </span>
     <span class='ocr_line' id='line_1_37' title="bbox 167 2143 1765 2195; baseline -0.001 -13"><span class='ocrx_word' id='word_1_328' title='bbox 167 2143 283 2195; x_wconf 90' lang='lat' dir='ltr'>quod</span> <span class='ocrx_word' id='word_1_329' title='bbox 320 2157 414 2183; x_wconf 90' lang='lat' dir='ltr'>mea</span> <span class='ocrx_word' id='word_1_330' title='bbox 449 2145 640 2195; x_wconf 86' lang='lat' dir='ltr'>paruitas</span> <span class='ocrx_word' id='word_1_331' title='bbox 675 2145 719 2183; x_wconf 92' lang='lat' dir='ltr'>in</span> <span class='ocrx_word' id='word_1_332' title='bbox 755 2145 942 2184; x_wconf 90' lang='lat' dir='ltr'>medium</span> <span class='ocrx_word' id='word_1_333' title='bbox 978 2146 1106 2184; x_wconf 88' lang='lat' dir='ltr'>toties</span> <span class='ocrx_word' id='word_1_334' title='bbox 1142 2145 1430 2191; x_wconf 88' lang='lat' dir='ltr'>asseuerauit;</span> <span class='ocrx_word' id='word_1_335' title='bbox 1484 2148 1528 2183; x_wconf 91' lang='lat' dir='ltr'>et</span> <span class='ocrx_word' id='word_1_336' title='bbox 1563 2157 1616 2182; x_wconf 91' lang='lat' dir='ltr'>ne</span> <span class='ocrx_word' id='word_1_337' title='bbox 1652 2155 1765 2181; x_wconf 93' lang='lat' dir='ltr'>nunc</span> 
     </span>
     <span class='ocr_line' id='line_1_38' title="bbox 167 2197 1823 2250; baseline 0.001 -14"><span class='ocrx_word' id='word_1_338' title='bbox 167 2197 353 2249; x_wconf 91' lang='lat' dir='ltr'>quidem,</span> <span class='ocrx_word' id='word_1_339' title='bbox 376 2199 455 2237; x_wconf 90' lang='lat' dir='ltr'>nisi</span> <span class='ocrx_word' id='word_1_340' title='bbox 477 2198 630 2238; x_wconf 87' lang='lat' dir='ltr'>blande</span> <span class='ocrx_word' id='word_1_341' title='bbox 651 2212 780 2250; x_wconf 90' lang='lat' dir='ltr'>quam</span> <span class='ocrx_word' id='word_1_342' title='bbox 802 2199 1022 2239; x_wconf 91' lang='lat' dir='ltr'>commode</span> <span class='ocrx_word' id='word_1_343' title='bbox 1044 2200 1333 2239; x_wconf 90' lang='lat' dir='ltr'>consulentem</span> <span class='ocrx_word' id='word_1_344' title='bbox 1355 2199 1519 2246; x_wconf 86' lang='lat' dir='ltr'>malint,</span> <span class='ocrx_word' id='word_1_345' title='bbox 1542 2202 1767 2250; x_wconf 85' lang='lat' dir='ltr'>propterea</span> <span class='ocrx_word' id='word_1_346' title='bbox 1785 2208 1823 2248; x_wconf 78' lang='lat'>85</span> 
     </span>
     <span class='ocr_line' id='line_1_39' title="bbox 168 2252 539 2303; baseline 0 -12"><span class='ocrx_word' id='word_1_347' title='bbox 168 2252 304 2291; x_wconf 88' lang='lat' dir='ltr'>odisse</span> <span class='ocrx_word' id='word_1_348' title='bbox 324 2256 539 2303; x_wconf 91' lang='lat' dir='ltr'>poterunt.</span> 
     </span>
    </p>

    <p class='ocr_par' dir='ltr' id='par_1_4' title="bbox 168 2305 1768 2463">
     <span class='ocr_line' id='line_1_40' title="bbox 222 2305 1767 2359; baseline -0.002 -14"><span class='ocrx_word' id='word_1_349' title='bbox 222 2306 382 2346; x_wconf 85' lang='lat' dir='ltr'>Remisi</span> <span class='ocrx_word' id='word_1_350' title='bbox 420 2307 620 2346; x_wconf 91' lang='lat' dir='ltr'>nuncium</span> <span class='ocrx_word' id='word_1_351' title='bbox 659 2307 793 2355; x_wconf 89' lang='lat' dir='ltr'>aulae,</span> <span class='ocrx_word' id='word_1_352' title='bbox 824 2312 1047 2347; x_wconf 90' lang='lat' dir='ltr'>reuocatus</span> <span class='ocrx_word' id='word_1_353' title='bbox 1086 2322 1111 2347; x_wconf 88' lang='lat' dir='ltr'>a</span> <span class='ocrx_word' id='word_1_354' title='bbox 1148 2308 1341 2359; x_wconf 90' lang='lat' dir='ltr'>Principe</span> <span class='ocrx_word' id='word_1_355' title='bbox 1379 2307 1516 2346; x_wconf 89' lang='lat' dir='ltr'>tribus</span> <span class='ocrx_word' id='word_1_356' title='bbox 1554 2305 1767 2357; x_wconf 87' lang='lat' dir='ltr'>epistolis;</span> 
     </span>
     <span class='ocr_line' id='line_1_41' title="bbox 168 2360 1768 2414; baseline -0.002 -14"><span class='ocrx_word' id='word_1_357' title='bbox 168 2360 296 2412; x_wconf 85' lang='lat' dir='ltr'>idque</span> <span class='ocrx_word' id='word_1_358' title='bbox 315 2373 388 2412; x_wconf 88' lang='lat' dir='ltr'>spe</span> <span class='ocrx_word' id='word_1_359' title='bbox 407 2361 634 2412; x_wconf 89' lang='lat' dir='ltr'>recipiendi</span> <span class='ocrx_word' id='word_1_360' title='bbox 653 2363 783 2401; x_wconf 89' lang='lat' dir='ltr'>animi</span> <span class='ocrx_word' id='word_1_361' title='bbox 803 2375 829 2401; x_wconf 93' lang='lat' dir='ltr'>a</span> <span class='ocrx_word' id='word_1_362' title='bbox 848 2364 956 2402; x_wconf 91' lang='lat' dir='ltr'>curis</span> <span class='ocrx_word' id='word_1_363' title='bbox 976 2363 1176 2414; x_wconf 82' lang='lat' dir='ltr'>profanis,</span> <span class='ocrx_word' id='word_1_364' title='bbox 1197 2363 1327 2401; x_wconf 89' lang='lat' dir='ltr'>etiam</span> <span class='ocrx_word' id='word_1_365' title='bbox 1348 2362 1480 2413; x_wconf 82' lang='lat' dir='ltr'>magis</span> <span class='ocrx_word' id='word_1_366' title='bbox 1501 2374 1526 2400; x_wconf 89' lang='lat' dir='ltr'>a</span> <span class='ocrx_word' id='word_1_367' title='bbox 1544 2360 1768 2399; x_wconf 89' lang='lat' dir='ltr'>turbarum</span> 
     </span>
     <span class='ocr_line' id='line_1_42' title="bbox 170 2414 1768 2463; baseline -0.002 -9"><span class='ocrx_word' id='word_1_368' title='bbox 170 2415 386 2463; x_wconf 86' lang='lat' dir='ltr'>molestiis,</span> <span class='ocrx_word' id='word_1_369' title='bbox 421 2415 683 2455; x_wconf 88' lang='lat' dir='ltr'>excludendo</span> <span class='ocrx_word' id='word_1_370' title='bbox 717 2430 785 2456; x_wconf 91' lang='lat' dir='ltr'>me</span> <span class='ocrx_word' id='word_1_371' title='bbox 818 2418 1017 2456; x_wconf 87' lang='lat' dir='ltr'>nimirum</span> <span class='ocrx_word' id='word_1_372' title='bbox 1051 2417 1248 2456; x_wconf 89' lang='lat' dir='ltr'>omnibus</span> <span class='ocrx_word' id='word_1_373' title='bbox 1281 2416 1572 2456; x_wconf 81' lang='lat' dir='ltr'>facultatibus.</span> <span class='ocrx_word' id='word_1_374' title='bbox 1632 2414 1666 2453; x_wconf 94' lang='lat' dir='ltr'>O</span> <span class='ocrx_word' id='word_1_375' title='bbox 1701 2426 1768 2451; x_wconf 76' lang='lat' dir='ltr'>me</span> 
     </span>
    </p>
   </div>
   <div class='ocr_carea' id='block_1_3' title="bbox 171 2506 1773 3013">
    <p class='ocr_par' dir='ltr' id='par_1_5' title="bbox 171 2506 1770 2727">
     <span class='ocr_line' id='line_1_43' title="bbox 217 2506 1766 2552; baseline -0.003 -11"><span class='ocrx_word' id='word_1_376' title='bbox 217 2512 268 2552; x_wconf 84' lang='lat'>56.</span> <span class='ocrx_word' id='word_1_377' title='bbox 295 2509 447 2540; x_wconf 85' lang='lat' dir='ltr'>amicum</span> <span class='ocrx_word' id='word_1_378' title='bbox 468 2509 614 2550; x_wconf 73' lang='lat' dir='ltr'>scripsi:</span> <span class='ocrx_word' id='word_1_379' title='bbox 652 2510 728 2542; x_wconf 79' lang='lat' dir='ltr'>ocisi</span> <span class='ocrx_word' id='word_1_380' title='bbox 753 2510 832 2542; x_wconf 83' lang='lat' dir='ltr'>MS.</span> <span class='ocrx_word' id='word_1_381' title='bbox 956 2516 1008 2544; x_wconf 88' lang='grc'>61.</span> <span class='ocrx_word' id='word_1_382' title='bbox 1035 2510 1167 2542; x_wconf 78' lang='lat' dir='ltr'>amicus</span> <span class='ocrx_word' id='word_1_383' title='bbox 1192 2510 1270 2543; x_wconf 81' lang='lat' dir='ltr'>MS.</span> <span class='ocrx_word' id='word_1_384' title='bbox 1290 2523 1296 2540; x_wconf 89' lang='lat'>:</span> <span class='ocrx_word' id='word_1_385' title='bbox 1323 2520 1402 2541; x_wconf 78' lang='lat' dir='ltr'>corr.</span> <span class='ocrx_word' id='word_1_386' title='bbox 1426 2510 1523 2540; x_wconf 63' lang='lat' dir='ltr'>Hess.</span> <span class='ocrx_word' id='word_1_387' title='bbox 1640 2519 1692 2550; x_wconf 85' lang='lat'>70.</span> <span class='ocrx_word' id='word_1_388' title='bbox 1718 2506 1766 2538; x_wconf 85' lang='lat' dir='ltr'>fa-</span> 
     </span>
     <span class='ocr_line' id='line_1_44' title="bbox 171 2549 1769 2598; baseline -0.003 -14"><span class='ocrx_word' id='word_1_389' title='bbox 171 2554 277 2593; x_wconf 82' lang='lat' dir='ltr'>stigio</span> <span class='ocrx_word' id='word_1_390' title='bbox 297 2552 375 2584; x_wconf 81' lang='lat' dir='ltr'>MS.</span> <span class='ocrx_word' id='word_1_391' title='bbox 490 2556 542 2597; x_wconf 88' lang='lat'>78.</span> <span class='ocrx_word' id='word_1_392' title='bbox 569 2564 670 2585; x_wconf 88' lang='lat' dir='ltr'>omne</span> <span class='ocrx_word' id='word_1_393' title='bbox 691 2554 800 2586; x_wconf 76' lang='lat' dir='ltr'>Hess:</span> <span class='ocrx_word' id='word_1_394' title='bbox 834 2558 910 2586; x_wconf 72' lang='lat' dir='ltr'>oeni</span> <span class='ocrx_word' id='word_1_395' title='bbox 933 2554 1009 2586; x_wconf 82' lang='lat' dir='ltr'>MS.</span> <span class='ocrx_word' id='word_1_396' title='bbox 1148 2566 1200 2598; x_wconf 81' lang='lat'>79.</span> <span class='ocrx_word' id='word_1_397' title='bbox 1227 2554 1359 2585; x_wconf 82' lang='lat' dir='ltr'>sentiat</span> <span class='ocrx_word' id='word_1_398' title='bbox 1378 2553 1455 2584; x_wconf 77' lang='lat' dir='ltr'>MS.</span> <span class='ocrx_word' id='word_1_399' title='bbox 1565 2554 1617 2593; x_wconf 83' lang='lat'>85.</span> <span class='ocrx_word' id='word_1_400' title='bbox 1644 2549 1769 2581; x_wconf 83' lang='lat' dir='ltr'>maluit</span> 
     </span>
     <span class='ocr_line' id='line_1_45' title="bbox 175 2593 1770 2639; baseline -0.001 -13"><span class='ocrx_word' id='word_1_401' title='bbox 175 2595 254 2627; x_wconf 79' lang='lat' dir='ltr'>MS.</span> <span class='ocrx_word' id='word_1_402' title='bbox 272 2608 279 2627; x_wconf 90' lang='lat'><strong>:</strong></span> <span class='ocrx_word' id='word_1_403' title='bbox 311 2605 391 2627; x_wconf 80' lang='lat' dir='ltr'>corr.</span> <span class='ocrx_word' id='word_1_404' title='bbox 412 2596 509 2627; x_wconf 74' lang='lat' dir='ltr'>Hess.</span> <span class='ocrx_word' id='word_1_405' title='bbox 663 2599 714 2631; x_wconf 86' lang='grc'><strong>86.</strong></span> <span class='ocrx_word' id='word_1_406' title='bbox 741 2597 853 2628; x_wconf 85' lang='lat' dir='ltr'>adisse</span> <span class='ocrx_word' id='word_1_407' title='bbox 872 2598 1027 2639; x_wconf 85' lang='lat' dir='ltr'>poterint</span> <span class='ocrx_word' id='word_1_408' title='bbox 1045 2597 1122 2628; x_wconf 81' lang='lat' dir='ltr'>MS.</span> <span class='ocrx_word' id='word_1_409' title='bbox 1142 2610 1149 2628; x_wconf 77' lang='lat' dir='ltr'><em>z</em></span> <span class='ocrx_word' id='word_1_410' title='bbox 1181 2607 1262 2630; x_wconf 81' lang='lat' dir='ltr'>corr.</span> <span class='ocrx_word' id='word_1_411' title='bbox 1281 2597 1379 2628; x_wconf 63' lang='lat' dir='ltr'>Jless.</span> <span class='ocrx_word' id='word_1_412' title='bbox 1531 2596 1582 2627; x_wconf 69' lang='lat'>88.</span> <span class='ocrx_word' id='word_1_413' title='bbox 1609 2605 1629 2625; x_wconf 82' lang='lat' dir='ltr'>a</span> <span class='ocrx_word' id='word_1_414' title='bbox 1646 2593 1770 2633; x_wconf 76' lang='lat' dir='ltr'>scripsi</span> 
     </span>
     <span class='ocr_line' id='line_1_46' title="bbox 173 2638 1769 2681; baseline 0 -11"><span class='ocrx_word' id='word_1_415' title='bbox 173 2643 246 2680; x_wconf 80' lang='lat' dir='ltr'>post</span> <span class='ocrx_word' id='word_1_416' title='bbox 264 2641 397 2679; x_wconf 78' lang='lat' dir='ltr'>magis:</span> <span class='ocrx_word' id='word_1_417' title='bbox 463 2639 540 2671; x_wconf 78' lang='lat' dir='ltr'>MS.</span> <span class='ocrx_word' id='word_1_418' title='bbox 563 2641 636 2681; x_wconf 85' lang='lat' dir='ltr'>(ct).</span> <span class='ocrx_word' id='word_1_419' title='bbox 814 2644 865 2681; x_wconf 86' lang='lat'>89.</span> <span class='ocrx_word' id='word_1_420' title='bbox 892 2640 1060 2672; x_wconf 85' lang='lat' dir='ltr'>molestiis</span> <span class='ocrx_word' id='word_1_421' title='bbox 1079 2640 1225 2680; x_wconf 67' lang='lat' dir='ltr'>scripsi:</span> <span class='ocrx_word' id='word_1_422' title='bbox 1260 2640 1400 2671; x_wconf 81' lang='lat' dir='ltr'>orituris</span> <span class='ocrx_word' id='word_1_423' title='bbox 1423 2638 1500 2670; x_wconf 75' lang='lat' dir='ltr'>MS.</span> <span class='ocrx_word' id='word_1_424' title='bbox 1715 2647 1769 2668; x_wconf 80' lang='lat' dir='ltr'>me</span> 
     </span>
     <span class='ocr_line' id='line_1_47' title="bbox 175 2682 943 2727; baseline 0.003 -14"><span class='ocrx_word' id='word_1_425' title='bbox 175 2682 284 2714; x_wconf 68' lang='lat' dir='ltr'>Hess:</span> <span class='ocrx_word' id='word_1_426' title='bbox 313 2682 399 2713; x_wconf 89' lang='lat' dir='ltr'>mihi</span> <span class='ocrx_word' id='word_1_427' title='bbox 416 2682 494 2714; x_wconf 62' lang='lat' dir='ltr'>AS.</span> <span class='ocrx_word' id='word_1_428' title='bbox 608 2683 844 2727; x_wconf 78' lang='lat' dir='ltr'>facultstatib.</span> <span class='ocrx_word' id='word_1_429' title='bbox 866 2684 943 2715; x_wconf 79' lang='lat' dir='ltr'>MS.</span> 
     </span>
    </p>

    <p class='ocr_par' dir='ltr' id='par_1_6' title="bbox 178 2796 1770 2926">
     <span class='ocr_line' id='line_1_48' title="bbox 220 2796 1355 2840; baseline -0.002 -10"><span class='ocrx_word' id='word_1_430' title='bbox 220 2810 272 2840; x_wconf 84' lang='lat'>49.</span> <span class='ocrx_word' id='word_1_431' title='bbox 301 2796 552 2839; x_wconf 87' lang='lat' dir='ltr'>Norinbergae]</span> <span class='ocrx_word' id='word_1_432' title='bbox 596 2797 722 2839; x_wconf 81' lang='lat' dir='ltr'>Capito</span> <span class='ocrx_word' id='word_1_433' title='bbox 764 2797 946 2838; x_wconf 80' lang='lat' dir='ltr'>evidently</span> <span class='ocrx_word' id='word_1_434' title='bbox 1007 2807 1062 2829; x_wconf 85' lang='lat' dir='ltr'>see</span> <span class='ocrx_word' id='word_1_435' title='bbox 1080 2798 1144 2839; x_wconf 81' lang='lat' dir='ltr'>Ep.</span> <span class='ocrx_word' id='word_1_436' title='bbox 1166 2799 1259 2837; x_wconf 76' lang='lat'>1348.</span> <span class='ocrx_word' id='word_1_437' title='bbox 1278 2807 1355 2838; x_wconf 77' lang='lat'>34¹¹·</span> 
     </span>
     <span class='ocr_line' id='line_1_49' title="bbox 178 2839 1768 2883; baseline -0.002 -9"><span class='ocrx_word' id='word_1_438' title='bbox 178 2842 246 2875; x_wconf 85' lang='lat' dir='ltr'>had</span> <span class='ocrx_word' id='word_1_439' title='bbox 275 2841 382 2874; x_wconf 82' lang='lat' dir='ltr'>heard</span> <span class='ocrx_word' id='word_1_440' title='bbox 409 2841 480 2873; x_wconf 85' lang='lat' dir='ltr'>this</span> <span class='ocrx_word' id='word_1_441' title='bbox 506 2845 545 2872; x_wconf 79' lang='lat' dir='ltr'>at</span> <span class='ocrx_word' id='word_1_442' title='bbox 572 2840 631 2872; x_wconf 85' lang='lat' dir='ltr'>the</span> <span class='ocrx_word' id='word_1_443' title='bbox 664 2841 761 2879; x_wconf 86' lang='lat' dir='ltr'>Diet;</span> <span class='ocrx_word' id='word_1_444' title='bbox 801 2839 846 2872; x_wconf 81' lang='lat' dir='ltr'>cf.</span> <span class='ocrx_word' id='word_1_445' title='bbox 878 2841 942 2881; x_wconf 89' lang='lat' dir='ltr'>Ep.</span> <span class='ocrx_word' id='word_1_446' title='bbox 1053 2851 1104 2883; x_wconf 83' lang='lat'>72.</span> <span class='ocrx_word' id='word_1_447' title='bbox 1131 2839 1387 2882; x_wconf 80' lang='lat' dir='ltr'>praepositura]</span> <span class='ocrx_word' id='word_1_448' title='bbox 1404 2839 1465 2871; x_wconf 88' lang='lat' dir='ltr'>See</span> <span class='ocrx_word' id='word_1_449' title='bbox 1483 2839 1547 2880; x_wconf 87' lang='lat' dir='ltr'>Ep.</span> <span class='ocrx_word' id='word_1_450' title='bbox 1570 2841 1663 2879; x_wconf 84' lang='lat'>1368.</span> <span class='ocrx_word' id='word_1_451' title='bbox 1694 2842 1768 2872; x_wconf 87' lang='lat' dir='ltr'>16n.</span> 
     </span>
     <span class='ocr_line' id='line_1_50' title="bbox 182 2882 1770 2926; baseline -0.002 -9"><span class='ocrx_word' id='word_1_452' title='bbox 182 2886 265 2926; x_wconf 85' lang='lat'>1368</span> <span class='ocrx_word' id='word_1_453' title='bbox 283 2885 412 2918; x_wconf 88' lang='lat' dir='ltr'>introd.</span> <span class='ocrx_word' id='word_1_454' title='bbox 1052 2895 1102 2926; x_wconf 86' lang='lat'>74.</span> <span class='ocrx_word' id='word_1_455' title='bbox 1132 2887 1385 2915; x_wconf 80' lang='lat' dir='ltr'>antecessorem</span> <span class='ocrx_word' id='word_1_456' title='bbox 1410 2882 1540 2922; x_wconf 86' lang='lat' dir='ltr'>meum]</span> <span class='ocrx_word' id='word_1_457' title='bbox 1565 2884 1639 2915; x_wconf 77' lang='lat' dir='ltr'>Jac.</span> <span class='ocrx_word' id='word_1_458' title='bbox 1668 2882 1770 2914; x_wconf 82' lang='lat' dir='ltr'>Fabri</span> 
     </span>
    </p>

    <p class='ocr_par' dir='ltr' id='par_1_7' title="bbox 179 2926 1773 3013">
     <span class='ocr_line' id='line_1_51' title="bbox 222 2926 1773 2971; baseline -0.001 -11"><span class='ocrx_word' id='word_1_459' title='bbox 222 2940 273 2971; x_wconf 83' lang='lat'>53.</span> <span class='ocrx_word' id='word_1_460' title='bbox 300 2927 445 2968; x_wconf 84' lang='lat' dir='ltr'>silentii]</span> <span class='ocrx_word' id='word_1_461' title='bbox 463 2927 513 2960; x_wconf 81' lang='lat' dir='ltr'>Cf.</span> <span class='ocrx_word' id='word_1_462' title='bbox 535 2928 600 2969; x_wconf 82' lang='lat' dir='ltr'>Ep.</span> <span class='ocrx_word' id='word_1_463' title='bbox 625 2929 718 2968; x_wconf 85' lang='lat'>1368.</span> <span class='ocrx_word' id='word_1_464' title='bbox 745 2936 772 2966; x_wconf 85' lang='lat'>1,</span> <span class='ocrx_word' id='word_1_465' title='bbox 793 2926 863 2958; x_wconf 80' lang='lat' dir='ltr'>and</span> <span class='ocrx_word' id='word_1_466' title='bbox 882 2926 902 2959; x_wconf 90' lang='lat' dir='ltr'>l.</span> <span class='ocrx_word' id='word_1_467' title='bbox 925 2937 944 2968; x_wconf 90' lang='lat'>3</span> <span class='ocrx_word' id='word_1_468' title='bbox 1007 2928 1041 2966; x_wconf 90' lang='lat'>(†</span> <span class='ocrx_word' id='word_1_469' title='bbox 1059 2930 1080 2957; x_wconf 76' lang='lat'>6</span> <span class='ocrx_word' id='word_1_470' title='bbox 1099 2928 1191 2958; x_wconf 86' lang='lat' dir='ltr'>June</span> <span class='ocrx_word' id='word_1_471' title='bbox 1213 2929 1310 2968; x_wconf 75' lang='lat'>1520)</span> <span class='ocrx_word' id='word_1_472' title='bbox 1330 2927 1365 2958; x_wconf 81' lang='lat' dir='ltr'>of</span> <span class='ocrx_word' id='word_1_473' title='bbox 1384 2926 1628 2965; x_wconf 83' lang='lat' dir='ltr'>Reichshofen,</span> <span class='ocrx_word' id='word_1_474' title='bbox 1647 2936 1717 2958; x_wconf 76' lang='lat' dir='ltr'>Nw.</span> <span class='ocrx_word' id='word_1_475' title='bbox 1738 2926 1773 2957; x_wconf 84' lang='lat' dir='ltr'>of</span> 
     </span>
     <span class='ocr_line' id='line_1_52' title="bbox 179 2969 1773 3013; baseline -0.002 -9"><span class='ocrx_word' id='word_1_476' title='bbox 179 2981 284 3013; x_wconf 68' lang='lat' dir='ltr'>supra</span> <span class='ocrx_word' id='word_1_477' title='bbox 1008 2971 1178 3010; x_wconf 63' lang='lat' dir='ltr'>Hagenau</span> <span class='ocrx_word' id='word_1_478' title='bbox 1194 2983 1202 3005; x_wconf 72' lang='grc' dir='ltr'><strong><em>ε</em></strong></span> <span class='ocrx_word' id='word_1_479' title='bbox 1230 2981 1250 3002; x_wconf 79' lang='lat' dir='ltr'>a</span> <span class='ocrx_word' id='word_1_480' title='bbox 1263 2970 1377 3002; x_wconf 82' lang='lat' dir='ltr'>friend</span> <span class='ocrx_word' id='word_1_481' title='bbox 1390 2970 1425 3001; x_wconf 88' lang='lat' dir='ltr'>of</span> <span class='ocrx_word' id='word_1_482' title='bbox 1440 2969 1672 3011; x_wconf 77' lang='lat' dir='ltr'>Wimpfeling.</span> <span class='ocrx_word' id='word_1_483' title='bbox 1712 2969 1773 3001; x_wconf 75' lang='lat' dir='ltr'>See</span> 
     </span>
    </p>
   </div>
   <div class='ocr_carea' id='block_1_4' title="bbox 223 2997 1652 3118">
    <p class='ocr_par' dir='ltr' id='par_1_8' title="bbox 223 2997 1652 3118">
     <span class='ocr_line' id='line_1_53' title="bbox 223 2997 1652 3056; baseline -0.003 -8"><span class='ocrx_word' id='word_1_484' title='bbox 223 3018 277 3055; x_wconf 90' lang='lat'>69.</span> <span class='ocrx_word' id='word_1_485' title='bbox 287 2997 463 3054; x_wconf 36' lang='lat' dir='ltr'>&#39;Libellusss</span> <span class='ocrx_word' id='word_1_486' title='bbox 472 3014 545 3046; x_wconf 85' lang='lat' dir='ltr'>The</span> <span class='ocrx_word' id='word_1_487' title='bbox 559 3013 729 3045; x_wconf 68' lang='lat' dir='ltr'>Iudicium</span> <span class='ocrx_word' id='word_1_488' title='bbox 738 3013 775 3045; x_wconf 78' lang='lat' dir='ltr'>de</span> <span class='ocrx_word' id='word_1_489' title='bbox 786 3014 940 3045; x_wconf 74' lang='lat' dir='ltr'>Erasmo:</span> <span class='ocrx_word' id='word_1_490' title='bbox 1010 3015 1044 3047; x_wconf 81' lang='lat' dir='ltr'>P.</span> <span class='ocrx_word' id='word_1_491' title='bbox 1066 3014 1217 3052; x_wconf 74' lang='lat' dir='ltr'>Kalkoff,</span> <span class='ocrx_word' id='word_1_492' title='bbox 1236 3013 1369 3054; x_wconf 76' lang='lat' dir='ltr'>Capito,</span> <span class='ocrx_word' id='word_1_493' title='bbox 1390 3023 1484 3055; x_wconf 79' lang='lat'>1907,</span> <span class='ocrx_word' id='word_1_494' title='bbox 1502 3024 1559 3056; x_wconf 90' lang='lat' dir='ltr'>pp.</span> <span class='ocrx_word' id='word_1_495' title='bbox 1578 3016 1652 3054; x_wconf 62' lang='grc'>7-8.</span> 
     </span>
     <span class='ocr_line' id='line_1_54' title="bbox 241 3081 987 3118; baseline 0.005 -2"><span class='ocrx_word' id='word_1_496' title='bbox 241 3086 334 3118; x_wconf 62' lang='lat'>4525</span> <span class='ocrx_word' id='word_1_497' title='bbox 957 3081 987 3110; x_wconf 86' lang='lat' dir='ltr'>X</span> 
     </span>
    </p>
   </div>
  </div>
 </body>
</html>
