2012 3370
251 145 326 183 106
719 145 974 185 LETTERS
1005 145 1078 185 OF
1107 146 1371 187 ERASMUS
1719 147 1843 196 [1522

248 255 416 294 videtur
444 255 625 293 hominis
654 255 811 305 pariter
838 258 883 294 et
909 255 1145 306 exquisitae
1172 255 1397 295 facundiae
1423 260 1468 294 et
1495 257 1664 307 penitus
1691 254 1840 294 intelli-

247 310 385 360 gentis
398 322 484 348 rem
499 309 551 347 de
564 322 649 359 qua
662 309 863 359 loquitur.
921 309 1074 348 Nullus
1089 310 1201 349 enim
1214 312 1359 361 paucis
1373 311 1558 362 explicat
1571 323 1679 361 quae
1692 322 1843 360 parum

248 363 459 414 intelligit.
508 363 660 402 Nullus
674 367 765 402 tam
779 363 958 402 obscura
971 368 1062 403 tam
1075 364 1258 404 dilucide
1271 370 1413 416 posset
1426 364 1572 404 efferre
1585 365 1664 403 nisi
1677 362 1844 402 dicendi

165 430 226 462 245
246 417 482 457 rationibus
512 417 708 456 omnibus
736 418 1124 458 exercitatissimus.
1184 419 1406 470 Nusquam
1436 423 1502 458 est
1530 418 1843 469 praefationum

246 485 295 511 ac
316 472 621 523 digressionum
641 471 892 523 ambagibus
912 472 1128 520 molestus,
1146 473 1219 512 sed
1235 473 1391 525 vbique
1412 473 1651 525 praeclarus
1672 471 1826 511 artifex

980 543 1169 591 festinat,
1201 548 1244 583 et
1272 545 1315 583 in
1346 544 1506 583 medias
1535 557 1600 582 res

578 596 676 636 Non
705 610 823 636 secus
853 610 901 636 ac
931 602 1056 637 notas
1085 599 1324 638 auditorem
1353 599 1479 650 rapit,

245 668 360 719 quod
385 669 429 707 in
456 668 642 709 Homero
665 668 861 708 laudauit
885 669 1074 708 Flaccus.
1132 668 1220 708 Nec
1241 682 1420 720 vsquam
1441 673 1507 708 est
1525 668 1776 707 ambitiosus
1801 667 1844 705 in

164 736 228 768 250
245 723 427 762 citandis
447 736 661 763 sacrorum
681 723 946 762 voluminum
967 724 1235 770 testimoniis,
1256 724 1330 763 sed
1348 728 1467 763 totus
1491 736 1627 762 sermo
1648 721 1767 760 velut-
1793 735 1844 760 ex

246 777 513 817 emblematis
545 791 594 817 ac
627 778 805 817 tessellis
838 792 1018 817 arcanae
1056 778 1299 829 Scripturae
1337 779 1616 817 concinnatus
1653 780 1746 823 est3
1795 789 1844 814 ac

245 832 489 883 frequenter
521 833 584 871 ita
616 833 808 872 contexit
842 833 997 871 Psalmi
1036 845 1162 883 quem
1200 833 1376 884 exponit
1404 845 1551 871 versus
1588 831 1765 882 aliquot,
1795 834 1845 868 vt

246 887 392 938 paucis
423 886 563 926 verbis
596 886 767 934 additis,
802 888 932 926 etiam
965 886 1037 926 illa
1070 887 1206 926 lucem
1239 887 1428 926 habeant
1460 899 1570 937 quae
1600 899 1685 924 non
1717 885 1844 923 inter-

246 945 452 992 pretatur,
485 941 558 980 sed
590 942 652 980 ita
680 941 809 980 refert
838 946 887 980 vt
923 942 1117 993 perpetui
1150 941 1315 993 sibique
1347 941 1611 980 cohaerentis
1641 939 1844 979 sermonis

165 1009 182 1031 2
188 1009 203 1041 5
211 1008 226 1040 5
245 1000 368 1034 tenor
389 1009 510 1034 suam
533 995 691 1035 habeat
710 997 905 1047 gratiam.

300 1049 393 1088 Iam
424 1049 540 1100 quod
568 1050 613 1089 in
642 1051 873 1101 perspicuis
902 1050 1033 1089 etiam
1063 1049 1324 1101 argumentis
1353 1048 1646 1088 difficillimum
1676 1051 1754 1094 est,
1786 1047 1845 1086 sic

245 1103 370 1142 docet
387 1108 532 1155 aperte
550 1108 600 1142 vt
616 1104 721 1143 nihil
738 1109 885 1143 tamen
902 1105 1014 1142 sinat
1031 1103 1180 1154 frigere
1198 1104 1253 1142 ab
1271 1103 1508 1142 affectibus.
1566 1102 1667 1141 Plus
1683 1101 1845 1140 indicat

243 1158 380 1196 oratio
414 1171 544 1208 quam
578 1157 781 1209 loquitur,
817 1171 866 1197 ac
900 1171 1130 1209 properans
1165 1157 1348 1196 multum
1383 1162 1428 1196 et
1461 1157 1768 1208 cogitationum
1803 1159 1847 1194 et

245 1211 486 1251 aculeorum
509 1211 711 1263 relinquit
732 1213 777 1251 in
800 1213 955 1259 animo,
980 1217 1031 1251 vt
1052 1213 1213 1251 nescias
1237 1216 1381 1251 vtrum
1405 1212 1521 1264 prius
1542 1212 1587 1250 in
1610 1215 1654 1250 te
1676 1210 1843 1255 efficiat,

162 1273 228 1305 260
244 1270 294 1305 vt
315 1266 524 1317 intelligas
547 1280 602 1305 an
624 1270 674 1306 vt
694 1267 884 1318 rapiaris.
936 1266 1029 1306 Iam
1052 1266 1131 1306 hoc
1152 1280 1239 1306 non
1260 1266 1396 1305 solum
1419 1270 1484 1305 est
1505 1265 1673 1311 eruditi,
1697 1277 1843 1303 verum

244 1321 374 1360 etiam
410 1321 595 1360 amantis
628 1321 745 1372 quod
779 1321 917 1360 docet.
981 1321 1025 1361 Si
1059 1320 1164 1372 quid
1196 1321 1348 1360 incidit
1381 1320 1497 1371 quod
1531 1333 1583 1359 ex
1618 1318 1846 1358 reconditis

244 1375 518 1426 antiquarum
552 1389 692 1414 rerum
726 1375 925 1422 historiis,
961 1379 1038 1414 aut
1071 1389 1123 1414 ex
1157 1388 1303 1415 eorum
1336 1375 1453 1414 libris
1487 1375 1561 1425 qui
1595 1373 1648 1413 de
1680 1373 1846 1412 naturis

245 1429 528 1468 animantium
557 1429 790 1469 aliarumue
816 1443 955 1468 rerum
983 1430 1197 1481 scripsere,
1225 1429 1458 1481 petendum
1485 1432 1606 1475 erat3
1650 1427 1754 1466 nihil
1781 1431 1846 1465 est

243 1487 334 1522 tam
357 1483 600 1523 abstrusum
621 1483 737 1535 apud
757 1484 948 1523 ethnicos
968 1488 1045 1523 aut
1064 1497 1204 1523 sacros
1224 1484 1354 1523 etiam
1375 1484 1613 1534 scriptores,
1634 1481 1750 1533 quod
1778 1481 1845 1520 hic

163 1547 225 1585 265
246 1539 392 1590 paucis
427 1538 567 1578 verbis
602 1551 688 1577 non
722 1538 893 1586 indicet,
931 1538 1036 1578 nihil
1069 1539 1240 1578 interim
1276 1542 1497 1578 ostentans
1532 1541 1609 1576 aut
1643 1537 1844 1575 iactitans

247 1593 500 1632 varietatem
529 1593 792 1640 eruditionis,
824 1592 940 1644 quod
977 1593 1022 1632 in
1060 1593 1272 1632 nonnullis
1311 1593 1441 1632 etiam
1481 1591 1623 1643 magni
1661 1591 1844 1630 nominis

247 1647 522 1698 scriptoribus
561 1660 687 1699 saepe
726 1647 848 1686 nobis
888 1647 1115 1686 molestum
1155 1651 1233 1686 est.
1291 1646 1374 1687 Sed
1413 1659 1502 1685 rem
1542 1659 1640 1685 vere
1680 1657 1842 1684 sacram

247 1701 491 1752 Apostolica
520 1701 708 1753 quadam
737 1701 1010 1753 simplicitate
1038 1703 1381 1753 synceritateque
1406 1704 1580 1740 tractat.
1637 1699 1726 1739 Nec
1747 1712 1843 1738 conÎ‡

246 1756 354 1806 gerit
373 1755 522 1803 aliena,
543 1769 620 1795 nec
640 1769 821 1807 vsquam
841 1757 929 1795 vim
948 1756 1053 1796 facit
1073 1756 1314 1807 Scripturae
1338 1756 1522 1802 diuinae,
1544 1754 1617 1794 sed
1640 1753 1843 1806 quicquid

164 1825 229 1856 270
246 1809 434 1857 adducit,
470 1811 508 1849 ei
541 1810 634 1850 loco
667 1815 819 1850 natum
852 1824 941 1850 esse
975 1810 1103 1850 dicas.
1161 1810 1315 1849 Maluit
1347 1810 1459 1849 enim
1494 1810 1658 1861 optima
1690 1807 1844 1847 referre

245 1877 375 1915 quam
411 1864 606 1916 plurima.
664 1864 807 1913 Porro,
845 1878 979 1917 quum
1014 1878 1040 1904 a
1074 1866 1176 1905 iocis
1211 1865 1427 1904 abstineat
1462 1877 1569 1915 quos
1604 1863 1843 1915 argumenti

245 1920 448 1958 seueritas
495 1933 581 1958 non
627 1920 886 1971 patiebatur,
926 1924 1073 1959 tamen
1109 1920 1268 1959 sentias
1310 1932 1384 1970 per
1425 1923 1566 1958 totam
1612 1917 1841 1956 dictionem

243 1973 383 2012 fusam
424 1987 514 2013 esse
554 1978 805 2026 perpetuam
847 1974 1065 2025 quandam
1106 1973 1389 2013 festiuitatem
1430 1977 1474 2012 et
1514 1971 1840 2012 iucunditatem.

243 2028 467 2078 Nusquam
490 2029 580 2080 ipse
603 2028 777 2080 languet
802 2033 879 2067 aut
903 2029 1122 2076 dormitat,
1149 2033 1194 2068 et
1217 2041 1382 2080 semper
1399 2027 1622 2067 alacritate
1642 2026 1842 2065 dictionis

161 2098 201 2128 27
207 2096 222 2129 5
242 2082 440 2121 subleuat
476 2095 525 2122 ac
561 2087 723 2122 recreat
759 2083 973 2122 lectorem.
1031 2082 1098 2123 Sic
1134 2083 1285 2134 incipit
1321 2086 1371 2122 vt
1406 2081 1503 2122 ilico
1538 2080 1730 2127 reficiat3
1784 2081 1842 2119 sic

243 2141 444 2187 properat
475 2140 526 2176 vt
556 2150 643 2176 non
674 2138 809 2188 possit
841 2150 1015 2176 somnus
1047 2137 1276 2189 obrepere3
1325 2138 1384 2176 sic
1417 2136 1513 2176 finit
1545 2140 1595 2175 vt
1627 2135 1841 2175 sitientem

243 2190 382 2229 adhuc
403 2194 447 2230 et
468 2190 590 2243 plura
611 2192 852 2242 cupientem
873 2191 1079 2230 dimittat.

299 2244 392 2283 Iam
427 2258 560 2296 quum
594 2246 639 2284 in
672 2245 934 2292 Tertulliani,
973 2245 1163 2296 Origenis
1197 2258 1246 2284 ac
1283 2245 1471 2284 omnium
1506 2257 1613 2295 pene
1648 2247 1840 2282 veterum

244 2298 360 2338 libris
382 2299 592 2351 quaedam
614 2299 808 2339 admixta
830 2301 928 2346 sint,
952 2312 1061 2350 quae
1083 2304 1159 2338 aut
1181 2299 1455 2339 manifestum
1476 2298 1638 2337 habent
1659 2311 1839 2337 errorem

163 2360 228 2391 280
245 2357 322 2393 aut
347 2355 532 2406 suspecti
558 2354 770 2406 dogmatis
797 2358 910 2401 sunt,
938 2354 1006 2392 hic
1031 2355 1090 2393 sic
1117 2354 1274 2404 vbique
1299 2357 1512 2404 temperat
1538 2352 1762 2398 calamum,
1792 2356 1841 2390 vt

244 2407 349 2447 nihil
376 2421 557 2471 vsquam
584 2409 857 2460 compererim
888 2408 1004 2459 quod
1025 2408 1097 2446 vlli
1126 2408 1286 2447 haeresi
1314 2409 1370 2446 sit
1396 2407 1535 2446 affine
1592 2406 1704 2446 Nam
1724 2405 1839 2457 quod

245 2462 421 2501 scribit
410 2476 454 2501 111
474 2464 778 2502 commentario
794 2463 952 2502 Psalmi
967 2462 1116 2502 decimi
1134 2463 1289 2513 quarti,
1315 2462 1451 2501 â€˜Iesus
1471 2464 1616 2500 autem
1636 2461 1837 2499 immacu-

244 2516 356 2556 latus
396 2517 510 2556 solus
549 2517 790 2568 Virgineam
829 2517 972 2556 aulam
1010 2518 1233 2568 ingressus,
1273 2517 1413 2568 ipsum
1452 2513 1775 2555 tabernaculum
1814 2527 1840 2552 a

245 2570 421 2610 maculis
454 2571 691 2610 carnalibus
722 2571 921 2611 liberauit
940 2571 978 2610 Â³:
1027 2584 1114 2610 non
1145 2572 1276 2610 sensit
1307 2570 1359 2609 de
1391 2570 1567 2609 maculis
1599 2582 1709 2620 quae
1740 2572 1841 2608 ante

162 2632 224 2672 285
244 2625 477 2676 ingressum
501 2626 656 2665 Christi
679 2626 859 2665 fuissent
882 2627 926 2664 in
949 2626 1096 2672 Maria,
1122 2625 1195 2664 sed
1219 2638 1328 2676 quae
1351 2625 1395 2664 in
1419 2624 1511 2663 aliis
1534 2623 1728 2663 foeminis
1752 2636 1840 2662 esse

245 2684 569 2727 consueuerunt,
594 2693 620 2718 a
643 2680 798 2731 quibus
821 2679 1011 2719 Christus
1034 2693 1155 2718 suam
1178 2683 1359 2718 matrem
1382 2679 1571 2717 seruauit
1592 2679 1838 2723 immunem,

245 2737 290 2772 et
332 2735 454 2773 auxit
495 2735 739 2773 castitatem
782 2735 924 2785 potius
966 2747 1095 2785 quam
1139 2734 1330 2773 violauit.
1390 2733 1501 2780 Quin
1543 2736 1588 2771 et
1629 2731 1840 2771 Ecclesiae

246 2786 467 2827 Romanae
491 2788 661 2827 videtur
686 2788 766 2827 hoc
791 2788 960 2828 honoris
986 2788 1159 2834 deferre,
1188 2792 1238 2827 vt
1262 2792 1384 2827 extra
1410 2786 1671 2827 Catholicam
1698 2784 1838 2824 Eccle-

245 2841 352 2880 siam
372 2842 440 2888 sit,
464 2843 537 2893 qui
558 2843 613 2881 sit
634 2843 688 2881 ab
710 2843 789 2881 hac
810 2842 983 2890 alienus,
1006 2855 1114 2893 quae
1135 2843 1269 2881 totius
1290 2841 1501 2881 Ecclesiae
1521 2844 1667 2880 teneat
1686 2839 1837 2890 princi-

163 2910 229 2942 290
245 2899 411 2947 patum,
441 2908 633 2947 quaeque
663 2897 837 2936 Petrum
865 2896 1166 2949 Apostolorum
1195 2897 1428 2948 principem
1457 2895 1657 2934 meruerit
1683 2893 1839 2932 habere

291 2969 366 3008 248.
391 2972 493 3000 notas
509 2970 694 3001 Horatius:
724 2973 828 3001 notus
843 2982 873 3001 a.
975 2978 1049 3010 257.
1076 2974 1194 3002 tamen
1210 2981 1274 3002 om.
1291 2981 1323 3010 Î³.
1423 2969 1497 3008 263.
1522 2967 1686 3009 scripsere
1705 2967 1780 2999 add.
1802 2978 1834 3007 Î³.

247 3013 322 3053 269.
347 3011 486 3044 diuinae
503 3012 694 3053 scripturae
712 3024 745 3052 Î³.

252 3067 367 3070 á¼¶á¾ˆ-
571 3067 574 3068 â·
782 3085 856 3116 249.
883 3076 1040 3116 Flaccus]
1058 3077 1098 3108 A.
1118 3076 1155 3108 P.
1178 3078 1283 3117 148,9.
