2033 3395
120 122 243 170 1253]

593 120 753 160 FROM
781 120 984 160 URBAN
1013 102 1226 160 anolus
1683 123 1706 159 3

117 234 166 269 vt
185 229 348 269 nullum
368 242 475 281 pene
494 229 732 268 studiorum
753 242 883 281 genus
903 229 990 268 iam
1009 228 1210 268 foelieiori
1229 228 1336 280 pede
1357 229 1560 280 procedat
1579 242 1708 280 quam

115 287 385 323 sacrosancta
405 283 630 335 theologia.
682 283 790 323 Rem
813 296 913 323 sane
935 283 1227 322 admirabilem
1250 283 1456 330 videmus,
1480 287 1524 322 et
1545 283 1709 323 litteras
1733 298 1770 331 15

116 338 384 378 humaniores
415 342 459 377 et
489 351 628 377 sacras
659 338 717 376 sic
748 338 943 377 connecti
973 342 1023 376 vt
1053 338 1178 376 simul
1209 338 1315 377 eitra
1345 338 1581 377 tumultum
1613 350 1709 377 0011-

115 392 333 432 discantur
359 405 469 443 quae
497 396 597 431 ante
624 392 893 431 indoctorum
921 392 1307 431 machinationibus
1334 396 1457 431 erant
1483 392 1709 443 plusquam

117 446 271 486 hosteS.

335 446 436 485 Tuis
471 446 550 485 hoe
586 459 710 485 omne
747 446 1114 485 lucubrationibus
1150 450 1373 497 acceptum
1410 446 1596 493 ferimus,
1636 446 1711 497 qui

116 513 284 539 omnem
312 500 484 539 mouisti
511 500 695 551 lapidem
723 504 774 539 vt
800 513 876 551 pro
904 501 1020 539 inani
1048 500 1315 551 philosophia
1341 501 1385 539 in
1413 501 1564 539 scholis
1592 501 1709 539 theo-

114 554 305 605 logorum
329 554 520 593 coelestis
542 555 809 606 philosophia
832 555 965 594 erucis
989 554 1164 593 tandem
1188 559 1442 594 nosceretur.
1496 554 1644 593 Gaude
1668 558 1712 593 et
1731 568 1776 592 20

619 609 812 660 cognosci
838 610 990 659 coepit,
1017 622 1093 647 nec
1120 608 1235 659 apud
1259 609 1472 648 litteratos
1498 608 1713 647 duntaxat

116 609 345 659 triumpha,
374 609 548 648 Erasme
568 622 577 655 3

115 662 189 701 sed
211 666 256 701 et
276 662 418 710 laicos,
443 663 517 714 qui
539 663 727 714 persuasi
750 667 851 702 sunt
873 663 1083 702 Paraelesi
1105 667 1183 701 tua
1205 663 1261 701 ad
1284 676 1429 701 omnes
1453 663 1713 702 Christianos

115 717 324 767 pertinere
344 729 483 756 sacras
502 717 680 757 litteras.

168 771 315 822 Nuper
339 775 580 810 matronam
606 771 752 810 audiui
777 771 829 810 de
854 770 963 822 Lege
987 775 1032 810 et
1057 771 1289 822 Euangelio
1314 784 1367 810 ex
1392 771 1525 810 Paulo
1551 771 1607 810 ad
1632 771 1712 809 Ro.

115 824 282 864 doctius
314 826 450 864 multo
484 825 757 864 disserentem
791 838 920 876 quam
954 825 1054 864 olim
1088 826 1231 876 magni
1262 825 1323 864 illi
1355 825 1547 876 Magistri
1579 826 1713 864 nostri
1734 840 1770 871 25

115 880 346 930 potuerint.

115 933 428 984 philosophiam
461 935 672 973 excitasti.

114 987 220 1026 nihil
243 987 502 1027 dubitamus.

405 880 471 919 Sic
501 884 551 918 tu
580 884 789 931 tanquam
820 880 992 919 classico
1022 880 1267 919 vniuersum
1298 879 1443 919 orbem
1474 879 1529 918 ad
1559 880 1714 919 Christi

734 934 802 973 Ad
834 934 1159 973 instaurandam
1193 934 1451 986 theologiam
1484 937 1636 972 natum
1670 937 1713 972 te

566 988 748 1027 Proinde
771 988 863 1027 fato
887 992 964 1027 tuo
993 988 1236 1039 obsequere,
1266 988 1554 1040 Augustinum
1584 992 1715 1039 atque

115 1041 325 1081 Hilarium
352 1042 597 1081 doctissima
625 1056 755 1082 manu
783 1047 861 1082 tua
888 1046 1084 1094 purgato,
1114 1047 1164 1082 vt
1193 1056 1218 1081 a
1246 1043 1356 1082 veris
1385 1042 1625 1082 adulterina
1654 1042 1713 1081 di-

116 1109 340 1135 noseamus
360 1110 368 1135 ε

116 1149 390 1202 Hieronymo.

425 1097 542 1148 quod
588 1098 710 1136 annis
756 1097 1041 1148 superioribus
1087 1096 1325 1137 felicissime
1371 1097 1625 1148 praestitisti
1670 1097 1714 1135 in
1734 1110 1777 1141 30

170 1204 358 1244 Ecclesia
386 1205 650 1257 Augustana,
681 1206 749 1245 cui
777 1206 1079 1256 sesquiannum
1109 1205 1323 1245 Christum
1352 1205 1608 1257 praedicam,
1638 1217 1716 1256 pro

115 1262 160 1298 te
175 1263 271 1298 orat
287 1259 482 1299 assidue:
515 1259 570 1298 ad
587 1272 716 1310 quam
725 1259 978 1321 propediem
994 1263 1196 1299 reuertar.
1243 1259 1325 1307 Qui
1341 1260 1417 1298 has
1434 1260 1514 1298 tibi
1529 1259 1716 1299 reddidit

115 1313 268 1352 nobilis
295 1317 373 1360 est,
403 1314 468 1352 tui
495 1314 550 1352 ob
578 1327 694 1352 raras
721 1314 879 1365 ingenii
905 1314 1027 1353 dotes
1055 1313 1401 1360 studiosissimus,
1431 1314 1511 1353 etsi
1537 1314 1626 1365 ipse
1654 1314 1714 1352 in-

116 1367 280 1406 doetus.

331 1345 455 1414 Huic,
478 1368 513 1406 si
532 1372 673 1414 vacat,
696 1368 751 1406 ad
771 1381 838 1407 me
859 1368 926 1407 vel
947 1367 1125 1407 verbum
1150 1368 1206 1407 da
1229 1368 1539 1419 perferendum.
1597 1368 1714 1414 Vale,
1737 1382 1775 1415 35

116 1421 410 1473 theologorum
431 1435 480 1461 ae
501 1423 638 1461 omnis
659 1422 908 1462 eruditionis
929 1423 1138 1473 prinecps.

171 1476 238 1515 Ex
259 1476 444 1528 Argona‚
468 1487 493 1527 4
515 1476 704 1516 Ianuarii
724 1477 849 1516 Anno
870 1488 905 1515 M
919 1488 948 1515 D
962 1487 1077 1515 XXII.

170 1530 350 1570 Michael
371 1531 710 1582 Humelbergius‚
735 1535 1034 1570 conterraneus
1056 1544 1188 1578 meus,
1211 1535 1255 1570 te
1277 1531 1439 1570 salutat
1460 1531 1622 1571 millies.

171 1595 340 1634 Eximio
371 1596 462 1635 viro
493 1596 546 1635 D.
580 1596 757 1635 Erasmo
789 1596 1092 1643 Roterodamo,
1125 1596 1323 1647 theologo
1354 1597 1568 1648 primario,
1600 1609 1717 1647 prae-

116 1651 277 1701 ceptori
301 1663 394 1690 meo
419 1650 817 1691 obseruandissimo.
869 1651 1074 1690 Basileae.

509 1815 630 1855 1254.

166 1890 315 1934 Leipzig
332 1889 407 1925 Ms.

165 1946 243 1982 EE.
263 1960 298 1993 4.

695 1812 836 1854 FROM
867 1811 1064 1853 MARTIN
1096 1812 1328 1856 DAVIDTS.

1430 1891 1606 1927 Brussels.

1342 1959 1384 1983 10
1401 1949 1690 1994 «January1522.

161 2027 230 2067 [An
257 2027 403 2068 original
426 2027 540 2064 letter,
568 2027 765 2069 autograph
791 2026 1017 2068 throughout.
1067 2027 1140 2059 The
1164 2028 1264 2060 dates
1289 2038 1346 2060 are
1373 2028 1561 2060 confirmed
1584 2028 1632 2068 by
1657 2029 1718 2061 the

118 2070 383 2111 imprisonment
416 2070 452 2102 of
481 2070 628 2109 Probst;
663 2070 706 2102 cf.
735 2070 824 2111 Epp.
858 2073 953 2111 1256,
984 2073 1077 2112 1258.
1130 2071 1198 2103 For
1221 2071 1387 2112 Davidts,
1406 2072 1468 2104 the
1495 2082 1608 2104 canon
1633 2072 1718 2104 with

117 2113 231 2145 whom
248 2114 414 2145 Erasmus
430 2114 569 2156 usually
581 2114 708 2156 lodged
724 2117 763 2146 at
779 2114 949 2153 Brussels,
963 2124 1020 2146 see
1037 2115 1126 2156 Epp.
1147 2124 1161 2157 5
1169 2125 1219 2156 32.
1240 2125 1318 2156 3211,
1338 2117 1432 2157 1258,
1453 2115 1566 2156 1280]

172 2178 358 2217 DOMINE
392 2178 580 2225 Erasme‚
621 2179 679 2218 mi
718 2183 941 2230 preceptor
977 2180 1296 2220 amantissime!

1351 2180 1431 2219 Die
1470 2193 1584 2219 nona
1622 2180 1716 2230 †de-

117 2232 296 2272 eembris
328 2233 466 2284 recepi
503 2233 668 2272 litteras
706 2238 869 2273 vestras
906 2233 1071 2274 Basilee
1110 2235 1289 2286 scriptas
1320 2234 1525 2287 postridie
1557 2235 1719 2274 Thome

118 2287 324 2338 Apostoli.

378 2287 540 2334 Quibus
566 2291 617 2327 vt
636 2287 822 2328 breuiter
847 2290 930 2338 (me
960 2288 1242 2340 expediendo)
1266 2289 1558 2340 respondeam,
1583 2290 1720 2341 primo

116 2342 161 2380 in
194 2346 406 2392 quantum
440 2342 492 2381 de
529 2342 711 2381 denariis
745 2356 852 2394 quos
886 2343 1122 2383 dominatio
1157 2348 1301 2383 vestra
1335 2344 1413 2383 sub
1449 2357 1516 2383 me
1549 2344 1720 2394 reliquit

118 2395 173 2434 ad
203 2408 309 2447 opus
340 2396 551 2436 Francisei
582 2397 879 2445 Berekmanni‚
911 2398 1081 2438 eosdem
1112 2398 1392 2438 effectualiter
1420 2399 1465 2437 in
1495 2403 1719 2437 numerata
1741 2412 1755 2443 ς

166 2479 260 2511 1253.
287 2486 338 2509 22.
366 2477 553 2517 Paraclesi]
593 2479 636 2510 ad
676 2478 890 2511 Christianae

115 2521 350 2562 philosophiae
367 2522 540 2554 studium:
581 2522 724 2563 printed
750 2522 826 2554 first
851 2523 888 2555 in

119 2564 178 2596 the
209 2565 350 2596 Nouum
378 2566 658 2603 lustramentum,
690 2567 784 2607 1516,
817 2567 887 2597 and

118 2608 209 2640 from
252 2608 333 2639 Feb.
382 2616 464 2647 1519
506 2609 665 2641 onwards
709 2610 888 2650 reprintcd

118 2651 315 2692 separately
326 2652 374 2693 by
386 2652 521 2684 Froben
532 2653 570 2684 in
580 2652 743 2684 different
758 2653 886 2684 issues·
878 2679 886 2690 ‚

119 2695 320 2726 sometimes
333 2695 406 2727 also
417 2695 603 2727 combined
619 2695 705 2727 with
717 2696 776 2727 the
788 2696 852 2728 Bal
858 2697 888 2727 1'0

120 2749 212 2770 verae
231 2737 426 2779 Theoloqiae
443 2739 523 2780 (Ep.
545 2740 633 2780 745).

164 2790 216 2821 24.
244 2781 458 2820 matronam]
508 2782 662 2823 Perhaps
714 2782 887 2824 Margaret

121 2824 331 2866 Peutinger:
362 2835 417 2856 see
434 2825 499 2866 Ep.
522 2834 615 2866 1247.

165 2868 216 2900 28.
242 2868 494 2909 Augustinum]
511 2868 572 2900 See
589 2869 653 2909 Ep.
675 2878 768 2909 1309.

166 2919 218 2950 29.
246 2911 434 2951 Hilarium]
454 2912 515 2943 See
535 2912 599 2952 Ep.
625 2921 717 2953 1334.

168 2961 219 2992 31.
246 2954 475 2996 Hieronymo]
494 2955 555 2987 See
574 2956 664 2997 Epp.
684 2957 759 2996 326,
778 2957 852 2996 396.

169 3004 217 3035 32.
244 2998 507 3040 sesquiannum]
551 2999 616 3031 His
658 2999 805 3032 election
849 3010 886 3030 as

952 2479 1122 2512 Preaeher
1172 2481 1202 2511 is
1254 2480 1462 2512 announeed
1515 2480 1562 2521 by
1616 2481 1717 2512 Bern.

952 2523 1175 2556 Adelmann
1166 2534 1203 2555 111
1223 2534 1244 2555 a
1263 2523 1367 2555 letter
1387 2523 1422 2555 oi
1445 2533 1479 2555 11
1503 2523 1589 2565 July
1612 2533 1646 2564 15
1653 2533 1719 2557 220

951 2577 1006 2599 see
1025 2567 1213 2598 Heumann
1231 2578 1264 2608 p.
1284 2576 1359 2598 202.

998 2611 1048 2648 38.
1075 2610 1359 2651 Humelbergius]
1378 2609 1439 2642 See
1458 2610 1523 2651 Ep.
1543 2611 1642 2649 263.
1640 2620 1717 2642 2.111

950 2654 998 2686 At
1032 2654 1263 2695 Ravensburg
1298 2653 1340 2685 he
1375 2663 1444 2684 was
1479 2652 1602 2685 within
1636 2663 1719 2695 easy

949 2697 1052 2729 reaeh
1071 2697 1105 2728 of
1122 2698 1251 2737 Regius
1268 2700 1307 2727 at
1324 2697 1582 2737 Langenargen.

999 2742 1095 2772 1254.
1127 2750 1152 2771 1.
1178 2739 1384 2780 decembris]
1416 2740 1446 2771 A
1476 2739 1626 2772 mistake
1661 2741 1716 2782 (ef.

951 2784 1016 2825 Ep.
1048 2792 1139 2822 1353.
1167 2783 1242 2822 302)
1266 2783 1320 2814 for
1343 2783 1523 2815 Ianuarii:
1546 2794 1585 2815 so
1606 2788 1666 2816 too
1682 2785 1717 2815 in

951 2826 972 2857 l.
999 2835 1016 2865 7
1041 2831 1129 2858 nour?
1152 2827 1180 2857 is
1210 2827 1351 2858 written
1380 2826 1495 2858 before
1526 2827 1716 2859 decembris.

952 2870 981 2901 A
994 2869 1084 2901 later
1095 2869 1187 2901 hand
1199 2870 1261 2901 has
1274 2870 1390 2902 added
1400 2870 1479 2902 here
1491 2871 1594 2901 vices-‘¹
1605 2870 1717 2903 above

950 2913 1010 2945 the
1026 2913 1095 2944 line
1113 2917 1150 2945 to
1166 2924 1305 2945 remove
1323 2914 1383 2946 the
1399 2914 1639 2956 discrepancy.

1001 2965 1030 2989 2.
1056 2957 1207 2997 litteras]
1234 2958 1306 2989 Not
1322 2960 1456 2990 extant.

1003 3007 1029 3039 5.
1055 3001 1302 3041 Berckmanni]
1319 3002 1381 3034 Sec
1397 3001 1461 3043 Ep.
1480 3002 1553 3042 258.
1577 3011 1650 3041 ¹4¹¹·

883 3068 958 3097 132
