2012 3370
92 115 214 164 1513]
491 112 650 152 FROM
679 111 834 152 JOHN
867 110 1030 151 LOUIS
1063 110 1228 150 VIVES
1605 112 1681 149 577

87 219 284 270 equidem
313 232 409 259 cum
438 224 480 258 te
509 219 730 265 admoneo,
753 220 810 258 sic
830 220 920 269 ipse
944 219 1161 257 admoneri
1183 218 1329 258 videor
1348 218 1415 256 vel
1436 218 1685 269 reprehendi

87 274 244 326 potius,
266 277 317 313 vt
330 273 390 313 illi
406 274 479 325 qui
496 273 700 313 Catonem
715 273 1090 324 reprehenderunt.
1705 288 1745 319 30

142 327 319 368 Linacer
353 328 525 380 reliquit
560 327 764 373 homines,
803 340 957 378 magno
993 327 1218 366 doctorum
1255 327 1445 366 omnium
1482 338 1684 365 moerore.

88 380 251 430 Quibus
287 381 484 422 omnibus
520 381 626 420 bene
663 380 863 432 cupiebat
899 386 944 420 et
979 380 1156 420 fauebat
1192 394 1245 420 ex
1282 382 1453 427 animo;
1506 380 1685 432 plusque

86 436 202 487 apud
240 449 338 475 eum
377 435 549 475 valebat
588 434 731 486 opinio
769 436 925 485 ingenii
964 440 1007 474 et
1045 435 1294 474 eruditionis
1334 448 1464 486 quam
1503 435 1686 486 suspicio

87 490 357 530 simultatum
377 503 385 528 :
419 495 553 532 συνιεῖς
573 492 635 529 ὀπὶ
654 493 788 529 πάντα.
831 488 986 528 Editur
1010 489 1116 528 liber
1141 491 1230 528 eius
1250 489 1314 527 De
1341 489 1568 528 emendata
1588 501 1684 527 con·

85 545 332 591 structione,
346 545 390 583 in
403 556 488 595 quo
501 543 695 582 meminit
707 544 771 582 tui
784 542 1012 582 honorifice
1028 558 1036 583 :
1067 548 1117 582 vt
1129 544 1287 582 sentias
1304 556 1401 582 eum
1418 556 1504 582 non
1522 555 1685 582 amasse
1705 558 1742 590 33

86 599 213 638 modo
232 598 306 637 sed
325 599 455 637 etiam
474 598 704 636 reueritum
724 601 781 636 te.

140 651 389 691 Franciscus
423 651 718 702 Byrchmanus
751 655 923 702 rogarat
956 663 1022 689 me
1056 655 1106 689 vt
1138 651 1300 690 libellos
1335 664 1450 690 meos
1487 663 1684 702 recogno-

85 718 256 754 scerem,
275 718 381 758 quos
402 710 576 757 cuperet
595 705 710 757 apud
731 705 988 744 Frobenium
1007 706 1193 756 imprimi
1214 719 1222 745 :
1261 718 1374 744 nunc
1395 706 1601 757 scriptum
1622 711 1687 744 est

86 760 189 800 mihi
216 773 314 800 eum
341 761 481 800 nescio
510 759 614 811 quid
643 759 909 806 caussificari,
941 759 1150 799 Fr0bem'0
1178 772 1264 798 non
1293 772 1457 799 vacare.
1516 759 1683 798 Miseret

88 827 155 854 me
176 815 242 854 tui
270 815 337 853 cui
365 815 494 854 toties
522 814 652 853 fuerit
681 826 778 852 cum
807 813 1014 852 eiusmodi
1044 814 1214 852 homine
1243 814 1494 865 negocium:
1524 815 1602 852 καθ’
1632 816 1683 861 οὗ,
1704 830 1747 860 40

87 871 198 918 οἶμαι,
233 872 426 923 γέγραφας
465 868 736 907 mendacium
767 868 811 907 in
845 867 1086 920 Colloquiis.
1163 866 1438 914 Quaerendus
1471 867 1574 906 mihi
1607 868 1687 906 erit

86 922 205 970 alius,
239 935 292 962 ne
323 923 453 962 toties
486 935 611 975 cogar
647 922 743 961 huic
780 922 942 961 homini
977 934 1220 961 succensere
1257 922 1311 960 ab
1348 934 1397 961 eo
1433 921 1577 960 falsus.
1644 920 1686 960 Si

86 976 319 1016 Frobenius
343 976 438 1016 vult
462 978 646 1028 recipere
676 989 771 1016 mea
795 976 1092 1028 imprimenda,
1122 976 1257 1015 libens
1286 976 1342 1015 ad
1371 989 1469 1015 eum
1498 977 1683 1022 mittam,

85 1031 213 1071 modo
250 1044 303 1071 ne
340 1031 575 1071 admisceat
612 1045 655 1071 se
693 1031 942 1070 Franciscus
979 1030 1179 1083 negocio:
1228 1032 1293 1070 sin
1331 1044 1462 1077 secus,
1496 1031 1686 1069 inuenies

85 1085 229 1126 alium.
292 1086 437 1126 Etiam
453 1087 581 1126 miror
595 1091 688 1125 tam
707 1098 823 1125 raros
838 1099 951 1125 nunc
968 1086 1135 1137 prodire
1156 1089 1350 1124 veterum
1364 1085 1494 1124 libros
1509 1097 1686 1124 excusos
1704 1101 1743 1132 43

83 1140 128 1180 in
152 1139 394 1180 Germania.
459 1140 552 1180 Ista
574 1140 642 1180 vel
664 1153 740 1192 pro
767 1140 954 1179 Luthero
984 1140 1052 1179 vel
1079 1141 1124 1179 in
1151 1139 1388 1179 Lutherum
1409 1144 1685 1179 excusserunt

84 1193 138 1234 de
159 1194 402 1246 pectoribus
423 1195 712 1234 studiosorum
733 1208 902 1234 omnem
928 1194 1109 1234 aliarum
1131 1194 1352 1233 literarum
1379 1207 1537 1241 curam,
1561 1198 1686 1233 tanta

85 1252 151 1288 est
170 1249 428 1300 spectandae
449 1262 616 1300 pugnae
636 1250 759 1288 istius
780 1248 973 1288 dulcedo.
1026 1248 1142 1295 Vale,
1168 1249 1225 1287 mi
1249 1248 1431 1287 domine.

138 1301 333 1351 Londini,
360 1314 446 1343 xm
470 1303 738 1350 Nouembris,
768 1313 884 1353 1524.

478 1465 665 1518 15141557
725 1461 795 1504 To
828 1462 1014 1505 CASPAR
1043 1460 1277 1503 URsmUs.

128 1551 279 1589 Munich
296 1552 372 1589 MS.
391 1553 474 1588 Lat.
491 1554 574 1598 965,
595 1564 630 1598 p.
650 1563 730 1598 347.
1361 1551 1480 1586 Basle.

1228 1620 1272 1656 14
1292 1609 1506 1645 November
1528 1619 1636 1654 1524.

127 1689 211 1731 [For
225 1690 286 1723 the
300 1699 374 1728 Ms„
397 1690 510 1724 which
531 1691 561 1723 is
583 1691 620 1723 in
643 1690 705 1724 the
728 1690 1045 1724 Staatsbibliothek
1072 1692 1112 1722 at
1134 1689 1288 1726 Munich,
1305 1699 1361 1721 see
1378 1688 1442 1730 Ep.
1468 1690 1532 1729 850
1553 1688 1683 1720 introd.

83 1733 166 1766 This
179 1735 209 1766 is
222 1734 283 1766 the
297 1733 380 1775 only
394 1735 490 1776 piece
503 1735 644 1767 written
658 1734 706 1776 by
720 1734 826 1767 Hand
840 1735 881 1766 A.
933 1734 975 1766 In
990 1734 1050 1766 the
1065 1734 1199 1775 margin
1215 1733 1461 1765 Dernschwam
1476 1733 1539 1764 has
1552 1732 1661 1764 noted
1677 1745 1684 1764 z

86 1776 95 1792 ⁴
109 1777 275 1810 Erasmus
298 1777 344 1810 ad
369 1777 531 1810 Vrsinum
555 1777 713 1816 Slesium,
738 1782 976 1820 preceptorem
1000 1777 1230 1809 Maximiliani
1254 1778 1336 1815 (11),
1360 1777 1415 1808 6111
1437 1777 1472 1808 in
1498 1777 1592 1808 curia
1615 1786 1686 1808 non

82 1822 249 1854 successit
270 1831 334 1863 pro
356 1824 441 1854 voto
464 1825 505 1854 vt
527 1821 652 1864 dignus
675 1826 763 1854 erat.
808 1822 965 1854 Amissus
988 1822 1131 1855 Wienne
1155 1821 1348 1862 suspitione
1371 1821 1508 1862 proprie
1530 1819 1683 1851 submer-

83 1865 200 1897 sionis.
240 1864 323 1897 Fuit
336 1868 456 1898 autem
472 1864 578 1897 Grece
594 1870 630 1898 et
646 1865 770 1898 Latine
785 1865 910 1898 doctus
924 1865 944 1897 '.

128 1907 201 1941 The
215 1907 397 1950 year-date
409 1909 438 1940 is
453 1909 640 1942 confirmed
655 1909 702 1951 by
716 1909 776 1942 the
792 1910 948 1941 mention
963 1908 999 1940 of
1013 1908 1073 1941 the
1087 1908 1136 1940 De
1153 1907 1252 1940 libero
1266 1907 1415 1939 arbitrio.

900 2002 951 2035 34.
979 1995 1093 2026 συνιεῖς
1111 1993 1160 2024 dni
1187 1992 1321 2034 scripsi,
1347 2002 1389 2025 sc.
1416 1992 1547 2025 verbo:
1574 1992 1686 2024 (501'5615

1446 2046 1500 2075 49.
1531 2045 1615 2077 1524
1640 2047 1683 2067 a:

129 2002 180 2034 32.
206 1993 353 2037 plusque
376 1994 460 2027 LB:
497 1994 683 2037 plusquam
708 2007 739 2028 α.

83 2037 165 2077 ὅππη
182 2050 201 2068 α
225 2038 324 2078 (ὅππῃ
342 2037 474 2080 Lond.).
632 2048 686 2078 41.
711 2038 876 2080 γέγραφας
901 2037 1047 2080 scripsi:
1086 2038 1228 2077 ἔγραψας
1245 2049 1275 2069 α.

82 2089 243 2114 mlxxxv
259 2080 364 2114 Lond.

128 2230 180 2261 31.
206 2219 366 2260 Linaeer]
381 2222 400 2262 Τ
415 2229 459 2252 20
476 2220 555 2253 Oct.
574 2229 668 2261 1524.

129 2272 180 2304 34.
206 2262 442 2303 simultatum]
477 2264 544 2296 For
577 2263 754 2296 Erasmus’
789 2275 845 2296 ex-

83 2308 239 2351 perience
265 2307 301 2340 of
325 2307 422 2340 these
447 2318 502 2340 see
528 2307 618 2349 Epp.
644 2316 719 2349 227.
745 2317 846 2348 4-12,

83 2361 157 2427 237.
177 2360 273 2393 54-9‚
291 2360 365 2393 350.
385 2353 490 2384 11-18
507 2363 515 2389 3
542 2351 613 2383 and
627 2351 670 2383 cf.
687 2351 752 2393 Ep.
771 2353 844 2392 388.

86 2404 98 2427 1
126 2405 184 2436 4n.

172 2436 272 2478 liber]
332 2438 382 2470 De
443 2438 616 2470 emendata
679 2441 848 2470 structura

84 2481 202 2514 Latini
233 2481 408 2519 sermonis,
437 2481 595 2517 London.
623 2481 665 2514 R.
693 2481 845 2522 Pynson,

84 2525 166 2558 Dec.
189 2534 272 2566 15²4
287 2537 296 2563 3
324 2535 381 2558 866
398 2525 462 2567 Ep.
481 2534 555 2567 227.
573 2526 630 2557 611.
671 2524 708 2558 It
723 2525 786 2558 has
802 2536 847 2557 no

87 2569 236 2611 preface.

129 2620 180 2653 35.
207 2612 366 2644 meminit
396 2610 464 2651 tui]
496 2611 579 2644 This
610 2622 680 2644 was
711 2622 757 2644 an
789 2622 845 2644 ex-

83 2655 215 2699 change
240 2655 276 2687 of
301 2654 568 2697 compliments;
606 2655 649 2687 cf.
677 2655 741 2697 Ep.
771 2664 845 2696 350.

86 2708 161 2740 15n.
205 2699 278 2731 The
298 2698 433 2731 honour
452 2699 599 2730 consists
618 2699 654 2730 in
674 2698 735 2731 the
756 2709 846 2731 com—

84 2752 179 2799 pany
206 2742 291 2774 with
319 2742 432 2774 whom
462 2742 627 2774 Erasmus
655 2742 683 2774 is
712 2741 846 2784 placed.

108 2786 211 2819 Plato
256 2785 488 2822 Atheniensis.
535 2785 704 2825 Vergilius
750 2785 846 2817 Man·

82 2834 224 2865 tuamne.
264 2829 430 2861 Erasmus
469 2828 737 2864 Roterodamus‚
778 2828 845 2860 Bu-

82 2872 190 2906 daeue
217 2871 465 2905 parisiensis':
505 2872 618 2904 whose
644 2882 764 2903 names
790 2883 847 2904 are

105 2917 185 2949 iven
220 2916 257 2955 (f.
290 2925 331 2958 54
345 2918 412 2955 vo.)
437 2925 475 2948 as
508 2915 685 2956 examples
718 2915 754 2947 of
787 2915 847 2947 the

81 2927 242 2993 {abitual
291 2970 352 2992 1186
400 2959 437 2991 of
485 2958 846 3001 place—designations.

83 3003 312 3047 Throughout
330 3003 391 3036 the
411 3002 502 3035 book
522 3003 581 3035 the
602 3003 790 3035 references
811 3007 848 3034 to

142 3077 233 3109 4525

916 2223 1186 2261 contemporary
1209 2218 1363 2251 scholars
1388 2229 1446 2251 are
1471 2219 1560 2251 few:
1601 2218 1683 2251 Gro—

917 2265 1014 2296 cinus
1042 2262 1100 2295 ‘in
1126 2263 1221 2295 omni
1245 2262 1426 2295 literarum
1451 2273 1574 2303 genere
1602 2287 1608 2294 .
1638 2287 1645 2294 .
1675 2287 1682 2294 .

917 2306 1090 2340 curiosus’
1118 2307 1155 2345 (f.
1188 2308 1262 2345 11);
1295 2306 1459 2337 Budaeus
1485 2306 1534 2344 (ff.
1563 2307 1602 2344 38
1619 2308 1683 2340 νο..

918 2360 970 2392 54,
1009 2351 1170 2389 xxxvii);
1219 2349 1314 2381 More
1351 2349 1420 2381 and
1458 2349 1518 2381 the
1563 2349 1683 2389 Vtopia

916 2395 970 2434 (f0.
988 2394 1051 2432 liii)
1069 2406 1076 2431 ;
1105 2393 1174 2425 and
1190 2393 1295 2425 Vives
1310 2392 1448 2424 himself
1462 2394 1490 2424 is
1505 2392 1684 2425 described

915 2438 1034 2470 rather
1066 2437 1253 2479 strikingly
1286 2447 1324 2468 as
1360 2435 1531 2468 ‘alterum
1567 2435 1684 2469 lumen

914 2481 1095 2514 literarum
1146 2479 1326 2512 exoriens'
1381 2479 1418 2518 (f.
1473 2481 1539 2519 38).
1617 2480 1685 2512 For

916 2524 1092 2557 Erasmus'
1128 2525 1280 2565 practice
1312 2524 1348 2555 in
1381 2523 1441 2555 the
1475 2527 1606 2555 matter
1639 2523 1681 2555 cf.

917 2568 982 2610 Ep.
1007 2577 1099 2609 1512.
1124 2576 1240 2608 27-35.

962 2621 1012 2653 37.
1041 2609 1298 2651 Byrchmanus]
1316 2609 1366 2642 Cf.
1386 2609 1450 2650 Ep.
1475 2611 1566 2649 1388.
1587 2619 1664 2649 24η.

1004 2654 1153 2693 libellos]
1188 2655 1260 2686 The
1295 2652 1468 2694 Opuscula
1500 2653 1579 2694 (Ep.
1617 2663 1682 2695 927

915 2698 1071 2737 introd.).
1105 2697 1372 2729 Declamatioraes
1402 2697 1481 2737 (Ep.
1519 2698 1598 2728 1082
1633 2698 1682 2728 in-

915 2742 1034 2781 trod.).
1055 2741 1234 2773 Somnium
1255 2740 1333 2782 (Ep.
1360 2741 1452 2772 1108.
1475 2744 1591 2775 20211),
1613 2741 1683 2772 and

915 2786 975 2818 the
1010 2785 1138 2816 Veritas
1157 2783 1273 2825 fucata
1304 2784 1382 2825 (Ep.
1416 2792 1497 2824 1277
1526 2783 1681 2822 introd.).

915 2828 966 2860 Cf.
986 2828 1050 2869 Ep.
1073 2830 1163 2867 1613.
1214 2827 1348 2859 Froben
1373 2827 1441 2859 had
1459 2828 1597 2868 printed
1623 2827 1682 2860 the

915 2872 1091 2904 Somnium
1111 2872 1144 2903 in
1162 2871 1280 2902 March
1302 2880 1393 2911 1521.

958 2925 1011 2954 41.
1040 2913 1242 2956 Colloquiis]
1297 2914 1337 2945 In
1394 2914 1598 2946 Pseudoclzei
1653 2920 1683 2947 ct

915 2958 1108 2999 Philetymi,
1127 2958 1241 2990 added
1259 2959 1294 2990 in
1314 2957 1479 2990 Froben's
1496 2957 1629 2990 edition
1648 2959 1683 2990 of

916 3003 1003 3045 Aug.
1023 3011 1130 3043 1523;
1157 3002 1199 3034 cf.
1216 3002 1305 3043 Epp.
1325 3011 1416 3043 1531.
1431 3011 1511 3041 4311,
1529 3004 1623 3042 1360.

844 3071 921 3113 Pp
