2012 3370
156 160 280 209 1365]
496 160 568 200 To
599 159 827 198 ALBERT
858 159 930 199 or
959 159 1406 199 BRANDENBURG
1672 161 1749 198 287

155 273 453 318 argumentum
473 268 481 308 !
541 267 710 315 Quanto
752 268 912 306 minore
953 268 1137 318 periculo
1177 268 1249 307 illa
1290 269 1466 308 enititur
1507 280 1635 318 quam
1677 280 1754 306 nos

155 323 373 362 aedimus!
433 321 555 371 Quod
580 322 613 361 si
639 334 748 372 quae
773 322 887 372 parit
910 321 1145 369 infeliciter,
1172 323 1251 362 hoc
1277 327 1341 362 est
1365 322 1529 362 foetum
1555 321 1754 361 mutilum

155 381 232 416 aut
264 377 420 428 alioqui
453 380 751 422 monstrosum,
785 375 936 427 vulgus
968 389 1053 415 non
1085 390 1315 428 puerperae
1346 378 1548 428 imputat,
1583 376 1655 415 sed
1688 375 1756 414 vel

155 432 280 470 astris
300 432 368 471 vel
388 432 497 470 vicio
517 431 700 481 corporis
721 429 787 468 vel
810 431 924 469 casui
945 431 1012 470 vel
1032 430 1136 470 Deo.
1195 431 1237 471 Si
1259 431 1361 482 quid
1382 433 1425 470 in
1445 431 1601 482 ingenii
1620 431 1756 469 nostri
1770 435 1816 459 20

155 484 340 524 foetibus
369 486 466 525 vicii
495 485 763 534 conspicitur,
794 484 910 522 nulla
939 486 1063 523 venia
1091 489 1169 524 est.
1227 485 1360 524 Nobis
1390 485 1487 524 solis
1515 486 1756 536 imputatur

156 540 227 590 qui
255 540 488 590 genuimus,
516 542 559 578 et
584 538 638 577 ob
664 538 828 577 foetum
854 552 1058 577 vocamur
1082 540 1126 577 in
1152 540 1304 589 capitis
1329 539 1576 590 periculum.
1634 537 1755 577 Adde

156 593 271 644 quod
300 593 449 633 mulier
479 592 534 632 ob
559 592 739 631 eundem
764 596 936 643 partum
961 606 1048 632 non
1072 594 1152 632 nisi
1178 593 1304 632 semel
1330 593 1546 644 experitur
1570 593 1756 632 Lucinae

156 648 294 695 nixus,
316 661 393 687 nos
414 648 541 687 toties
562 646 742 686 eundem
764 646 927 686 foetum
949 648 1159 697 parturire
1182 648 1382 698 cogimur.
1439 647 1500 686 Ac
1530 647 1633 686 mihi
1655 659 1756 686 sane

155 702 299 741 euenit
321 702 707 753 plerunque—nam
731 700 783 739 de
806 702 982 740 caeteris
1004 714 1090 740 non
1112 701 1517 752 pronuncio—quod
1540 701 1756 753 puerperis
1771 705 1810 737 25

155 755 274 803 solet,
304 768 426 807 quae,
455 755 558 795 dum
584 767 862 806 praepropere
889 758 1047 794 matres
1075 768 1163 794 esse
1191 755 1380 802 student,
1410 755 1563 794 aborsu
1591 755 1754 794 foetum

154 810 431 850 immaturum
451 810 624 849 eiiciunt
644 823 652 856 ;
688 809 756 848 vel
775 810 918 860 potius
938 809 1053 860 quod
1072 809 1285 848 nonnullis
1306 809 1609 856 animantibus,
1631 822 1754 860 quae,

155 865 357 915 quoniam
389 864 588 903 informes
621 876 781 903 massas
813 863 960 911 edunt,
995 868 1204 914 coguntur
1235 863 1308 902 diu
1340 863 1568 903 lambendo
1600 862 1756 914 fingere

155 918 270 969 quod
296 922 577 970 pepererunt:
619 931 704 969 quo
730 917 901 967 quidem
927 918 971 957 in
996 931 1145 969 genere
1171 922 1271 957 sunt
1297 919 1395 957 vrsi.
1454 917 1548 957 Hoc
1573 918 1671 956 vicii
1698 918 1756 956 sic

155 973 258 1011 mihi
288 973 413 1012 video
444 986 540 1012 cum
577 972 790 1011 nonnullis
820 986 909 1012 esse
940 985 1176 1020 commune,
1209 974 1258 1011 vt
1289 977 1435 1012 tamen
1465 973 1555 1023 ipse
1586 971 1754 1022 culpam
1772 975 1816 1008 30

154 1039 293 1066 meam
318 1027 386 1066 hic
410 1028 629 1077 insigniter
654 1039 892 1078 agnoscam.
951 1026 1017 1067 Sic
1043 1040 1150 1073 sum,
1177 1026 1284 1066 ferre
1309 1026 1503 1077 gestandi
1528 1025 1645 1066 tedia
1669 1039 1755 1064 non

153 1094 340 1131 possum.
398 1081 469 1121 Ita
496 1080 546 1120 fit
569 1083 632 1128 vt,
659 1081 761 1120 dum
791 1081 963 1120 celerius
988 1081 1139 1120 studeo
1163 1081 1331 1120 liberari
1356 1094 1381 1120 a
1404 1080 1561 1127 labore,
1588 1081 1756 1131 saepius

154 1135 267 1174 idem
290 1135 410 1175 labor
432 1136 488 1175 sit
510 1135 791 1174 deuorandus.

208 1189 330 1229 Adde
354 1190 419 1229 his
441 1189 555 1240 quod
580 1190 652 1240 qui
677 1190 856 1241 gignunt
886 1202 1071 1240 corpore,
1103 1189 1286 1241 puellam
1312 1202 1442 1228 vnam
1472 1190 1546 1228 vni
1575 1189 1756 1240 gignunt

154 1256 338 1294 sponso:
386 1257 495 1294 quae
526 1245 560 1282 si
591 1248 719 1282 nacta
751 1245 806 1282 sit
838 1245 904 1282 cui
935 1243 1115 1294 placeat,
1149 1257 1234 1282 non
1265 1243 1394 1282 refert
1425 1256 1555 1294 quam
1587 1242 1755 1294 placeat
1772 1248 1809 1280 35

153 1299 342 1337 caeteris.
400 1297 488 1337 Nos
507 1297 665 1348 populo
684 1299 905 1348 gignimus,
928 1297 1007 1337 hoc
1026 1302 1092 1337 est
1111 1297 1260 1337 beluae
1280 1297 1512 1336 multorum
1533 1299 1722 1348 capitum
1745 1311 1752 1341 ;

154 1352 272 1391 cuius
301 1351 431 1391 oculis
459 1364 592 1403 quum
618 1351 785 1390 diuersa
809 1352 1019 1402 placeant,
1046 1365 1099 1390 ne
1124 1351 1211 1390 fieri
1239 1351 1410 1402 quidem
1436 1355 1579 1402 potest
1604 1354 1654 1389 vt
1680 1364 1754 1402 per

153 1406 295 1445 omnia
318 1405 498 1456 placeas,
524 1406 653 1444 etiam
679 1407 712 1444 si
737 1407 882 1457 gignas
907 1405 1023 1456 quod
1047 1410 1199 1457 suapte
1222 1410 1378 1445 natura
1401 1405 1752 1444 formosissimum

151 1460 220 1500 sit.
278 1459 390 1499 Huic
409 1464 501 1499 tam
522 1473 687 1499 moroso
707 1472 835 1509 proco
854 1459 977 1499 nobis
998 1460 1265 1499 seruiendum
1287 1464 1364 1499 est.
1424 1459 1547 1507 Quod
1567 1459 1632 1498 his
1652 1472 1753 1498 sane

150 1513 413 1561 temporibus
433 1513 556 1565 longe
576 1513 868 1553 difficillimum
890 1518 955 1553 est
974 1528 983 1561 ;
1019 1515 1064 1553 in
1085 1514 1240 1566 quibus
1261 1515 1319 1553 sic
1340 1515 1511 1553 variant
1531 1513 1752 1553 hominum
1767 1519 1814 1550 40

150 1568 294 1607 studia
310 1572 360 1608 vt
377 1567 492 1620 quod
509 1569 582 1607 vni
599 1570 712 1619 parti
729 1568 987 1616 blandiatur,
1006 1582 1174 1608 necesse
1191 1573 1257 1608 est
1273 1572 1323 1608 vt
1340 1568 1461 1608 alteri
1479 1568 1753 1607 vehementer

150 1622 384 1673 displiceat.
442 1622 503 1662 Ac
535 1635 660 1674 saepe
690 1622 741 1662 fit
773 1627 823 1662 vt
853 1636 939 1663 non
971 1623 1098 1662 aliam
1130 1623 1185 1663 ob
1218 1636 1389 1662 causam
1422 1623 1644 1674 displiceat
1676 1627 1752 1661 aut

149 1676 317 1728 placeat
336 1676 454 1723 liber,
477 1677 557 1716 nisi
579 1677 693 1728 quod
715 1677 910 1728 displicet
931 1681 1008 1716 aut
1028 1677 1169 1729 placet
1190 1682 1329 1718 autor.

204 1730 316 1778 Quin
342 1735 386 1771 et
410 1730 515 1770 illud
542 1731 706 1770 accedit
731 1731 853 1771 nobis
878 1732 1149 1779 incommodi,
1178 1732 1294 1783 quod
1320 1745 1417 1771 cum
1443 1733 1560 1783 proci
1586 1730 1751 1770 soleant

150 1784 311 1825 ambire
339 1785 530 1824 fauorem
560 1789 799 1836 parentum,
830 1786 952 1825 nobis
981 1786 1287 1825 exambiendus
1317 1787 1373 1825 sit
1405 1785 1528 1824 fauor
1554 1785 1747 1824 multitu·
1766 1791 1807 1823 45

148 1839 270 1886 dinis,
286 1840 413 1879 ,cuius
434 1839 611 1879 Vtilitati
637 1844 783 1879 nostro
804 1841 920 1880 victu
948 1842 1153 1880 seruimus
1174 1854 1182 1879 :
1219 1840 1299 1879 hac
1319 1841 1363 1879 in
1384 1844 1506 1891 parte
1528 1839 1749 1890 aliquanto

148 1893 397 1933 infeliciores
417 1894 852 1934 histrionibus—satis
872 1896 984 1934 enim
1005 1895 1057 1934 de
1076 1896 1292 1946 puerperis
1312 1894 1475 1933 dictum
1497 1893 1747 1941 arbitror—,

147 1949 221 1999 qui
254 1961 350 1988 cum
382 1948 573 1988 mercede
605 1948 803 1988 conducti
836 1949 1006 1996 saltent,
1040 1963 1165 1988 nemo
1196 1953 1342 1988 tamen
1374 1961 1563 1999 vnquam
1596 1947 1749 1987 habuit

147 2002 365 2042 theatrum
394 2006 486 2042 tam
517 2015 731 2042 morosum
758 2007 834 2042 aut
858 2004 1052 2055 iniquum
1079 2006 1128 2042 vt
1153 2003 1367 2055 lapidetur
1393 2007 1511 2042 actor
1537 2003 1570 2042 si
1596 2015 1747 2054 parum

146 2056 325 2096 feliciter
367 2057 537 2096 cesserit
579 2058 705 2097 actio.
762 2057 968 2097 Extrema
1011 2058 1232 2097 calamitas
1275 2061 1340 2097 est
1382 2057 1574 2097 exibilari
1618 2061 1749 2107 atque
1767 2062 1809 2095 50

146 2110 317 2162 explodi
336 2124 360 2150 e
378 2111 610 2162 proscenio.
667 2110 802 2151 Nobis
821 2113 972 2163 capitis
992 2113 1126 2152 nostri
1146 2112 1332 2164 periculo
1351 2112 1568 2163 peragitur
1586 2110 1747 2158 fabula,

143 2164 274 2215 idque
296 2169 441 2205 nostro
462 2166 592 2205 etiam
615 2169 802 2217 sumptu.

201 2218 295 2260 Scio
312 2219 426 2259 dicet
440 2219 691 2259 iamdudum
707 2224 785 2259 tua
803 2221 1021 2268 celsitudo,
1043 2221 1051 2236 ‘
1072 2220 1174 2268 Ohe,
1194 2222 1298 2260 satis
1313 2221 1399 2260 iam
1416 2219 1716 2271 parabolarum
1738 2233 1746 2266 ;

145 2286 234 2313 rem
263 2275 409 2325 paucis
438 2273 588 2325 expedi
609 2274 618 2313 l
640 2274 649 2291 ’
706 2274 889 2314 Faciam.
950 2275 1042 2315 Iam
1081 2276 1181 2315 anni
1219 2275 1455 2327 complures
1493 2278 1594 2313 sunt
1631 2274 1746 2325 quod

146 2327 258 2367 hunc
298 2327 484 2367 libellum
527 2327 579 2367 de
619 2327 805 2369 Ratione
844 2329 1096 2381 Theologiae
1135 2329 1284 2369 rudem
1326 2329 1465 2368 adhuc
1507 2329 1715 2368 emiserim
1737 2342 1745 2367 :
1765 2334 1802 2368 55

145 2383 204 2421 sic
235 2386 286 2421 vt
319 2383 646 2422 commentarius
680 2384 819 2423 verius
852 2389 962 2424 esset
994 2398 1123 2435 quam
1156 2384 1274 2423 liber.
1334 2383 1473 2431 Quum
1508 2386 1652 2422 autem
1687 2383 1744 2421 sic

144 2437 275 2475 etiam
297 2436 483 2476 incultus
506 2437 716 2477 inueniret
738 2451 887 2489 procos
910 2439 1065 2489 quibus
1088 2438 1286 2490 placeret,
1312 2438 1456 2477 addidi
1482 2437 1620 2476 cultus
1640 2449 1741 2475 non-

145 2490 262 2538 nihil,
293 2494 337 2530 et
366 2491 532 2530 adiecto
561 2492 623 2530 tui
654 2493 836 2531 nominis
859 2493 1066 2532 lenocinio
1086 2493 1206 2532 velut
1229 2493 1329 2531 dote
1353 2492 1539 2543 quadam
1565 2490 1742 2529 eandem

144 2543 275 2583 filiam
304 2558 448 2584 rursus
479 2545 653 2585 elocaui.
712 2546 763 2585 Id
794 2560 927 2598 quum
959 2547 1085 2586 semel
1115 2551 1246 2597 atque
1274 2548 1428 2585 iterum
1457 2546 1635 2590 factum,
1664 2547 1741 2582 tuo

144 2599 187 2637 ni
208 2598 331 2638 fallor
346 2600 480 2649 genio,
499 2601 602 2639 satis
617 2599 795 2640 feliciter
811 2602 992 2648 cesserit,
1010 2601 1089 2640 hoc
1106 2601 1276 2639 demum
1295 2614 1407 2639 anno
1426 2610 1527 2649 1523
1543 2600 1743 2638 reuocaui
1759 2599 1802 2630 60

144 2651 223 2691 sub
246 2665 398 2692 manus
417 2666 426 2700 3
467 2666 515 2692 ac
534 2657 707 2693 tantum
729 2655 968 2706 impensum
992 2659 1057 2694 est
1080 2668 1230 2706 operae
1254 2659 1303 2693 vt
1325 2655 1410 2693 iam
1434 2653 1741 2704 propemodum

142 2707 254 2745 inter
272 2706 401 2746 libros
419 2708 630 2746 numerari
651 2709 797 2759 possit.
856 2708 1110 2759 Quanquam
1131 2709 1246 2759 quod
1266 2708 1431 2759 legitur,
1453 2707 1567 2758 quod
1589 2708 1742 2746 teritur

144 2760 340 2799 manibus
359 2760 659 2808 studiosorum,
676 2761 720 2800 id
734 2766 877 2802 totum
897 2764 961 2802 tui
982 2764 1092 2813 genii
1104 2776 1193 2802 csse
1209 2763 1331 2801 duco.
1391 2761 1511 2809 Quod
1533 2762 1566 2800 si
1586 2761 1741 2812 quibus

141 2813 350 2866 displicet,
373 2814 524 2854 horum
548 2819 789 2867 temporum
812 2817 913 2857 fatis
935 2818 1115 2869 imputo,
1140 2818 1184 2856 in
1208 2816 1362 2868 quibus
1386 2817 1443 2855 sic
1467 2815 1619 2855 ardent
1643 2815 1740 2854 hinc

187 2929 240 2961 ²4·
265 2920 371 2951 toties
385 2944 392 2951 .
411 2943 417 2951 .
435 2945 441 2951 .
457 2919 645 2962 parturire]
661 2920 710 2952 Cf.
728 2920 792 2962 Ep.
814 2922 908 2961 1248.
976 2921 1152 2953 Methodvs
1168 2935 1175 2960 ;
1200 2920 1242 2953 ef.
1264 2921 1329 2963 Ep.
1357 2930 1449 2964 1372.
1468 2932 1545 2964 42n.

143 2966 174 2995 6.
1020 2975 1070 3006 59.
1096 2964 1229 3003 rursus]
1271 2965 1313 2997 In
1357 2965 1417 2997 the
1460 2965 1536 2997 first
1577 2969 1736 3007 separate

190 3013 239 3046 55.
265 3005 453 3045 emiserim]
473 3007 514 3039 In
537 3007 596 3038 the
618 3007 757 3040 Nouum
776 3008 907 3039 Imlr‘u-
969 3009 1116 3047 edition,
1144 3008 1192 3050 by
1217 3009 1383 3047 Martens,
1410 3009 1499 3041 Nov.
1534 3009 1638 3050 1518:
1679 3019 1734 3040 see

141 3053 299 3088 mentum,
330 3052 424 3090 1516,
450 3050 491 3082 f0.
521 3051 604 3089 bbb,
632 3051 717 3083 with
744 3051 803 3084 the
830 3052 908 3084 title
971 3053 1035 3095 Ep.
1052 3061 1114 3094 745
1132 3053 1261 3085 introd.
