2012 3370
131 153 252 203 1289]
533 151 691 190 FROM
722 150 1037 190 MATERNUS
1070 148 1307 188 HATTEN
1666 147 1715 186 73

125 259 199 305 ait,
229 259 518 298 Lutheranum
546 272 647 306 esse,
677 272 823 299 verum
851 260 980 298 etiam
1009 258 1198 296 omnium
1225 257 1565 296 Lutheranorum
1592 255 1716 305 signi·
1743 273 1775 304 15

122 313 273 352 ferum.
328 314 418 362 Que
441 314 583 352 omnia
606 314 873 364 presentibus
897 314 1038 360 mitto,
1065 326 1113 351 ac
1138 312 1273 351 amico
1298 312 1342 349 in
1366 315 1409 349 te
1435 310 1576 348 animo
1602 322 1627 347 a
1652 322 1721 347 me

125 367 205 406 tibi
226 368 353 407 missa
373 367 518 407 credas
537 380 651 419 rogo.

178 438 373 477 Ceterum
405 438 557 477 certior
587 438 707 478 reddi
739 439 862 490 cupio
895 451 950 477 an
981 437 1214 476 Frobenius
1246 435 1473 487 Hylarium
1505 438 1549 473 et
1580 437 1720 472 cetera

124 505 149 530 a
179 505 245 531 me
275 505 348 544 per
367 492 570 539 Marcum,
592 496 806 532 vectorem
835 492 1228 537 Seleustadiensem,
1261 491 1304 529 xi
1333 489 1419 529 Cal.
1450 488 1563 527 Iunii
1592 488 1720 526 missa

122 547 349 597 receperit;
385 550 429 586 et
451 560 547 586 cum
569 546 757 586 Arnobio
781 547 885 598 quid
907 550 1071 598 agatur.
1124 546 1194 592 Et,
1219 545 1254 584 si
1275 544 1484 583 Frobenio
1506 543 1718 593 integrum
1737 559 1781 582 20

123 599 264 647 fuerit,
304 601 453 639 mittat
496 600 661 652 aliquot
706 601 831 640 Noua
877 601 1154 640 Testamenta
1200 600 1245 637 in
1292 611 1448 649 magna
1494 601 1538 636 et
1584 609 1719 647 parua

122 654 284 693 cartha.
339 654 492 694 Lectus
518 659 583 694 est
607 655 675 694 hic
701 668 727 694 a
752 655 897 694 multis
922 654 1087 693 libellus
1113 654 1240 704 Regis
1266 652 1416 703 Anglie
1441 664 1537 691 cum
1564 663 1720 702 magna

123 708 346 759 voluptate
367 722 375 748 :
428 722 540 748 nunc
577 709 750 749 Stunice
794 710 839 748 in
885 713 928 748 te
974 709 1156 759 scriptus
1193 720 1219 746 a
1260 705 1517 757 quibusdam
1556 705 1718 756 (paucis

122 764 284 811 tamen)
314 776 401 801 non
424 764 575 802 minori
604 763 747 802 studio
772 762 1078 803 circumfertur.
1132 762 1247 801 Deus
1272 765 1360 812 opt.
1388 773 1501 798 max.
1528 763 1571 798 te
1597 758 1719 797 bonis

121 816 274 855 studiis
291 829 340 855 ac
357 817 478 856 nobis
497 818 642 856 amicis
659 818 745 857 tuis
763 818 835 857 diu
854 831 902 856 ac
920 829 1085 868 semper
1101 815 1355 855 incolumem
1374 817 1526 854 seruet.
1573 813 1718 852 Domi·
1738 830 1756 852 2
1762 830 1776 862 5

121 883 200 909 nus
217 870 414 910 Decanus
430 872 644 923 impendio
661 876 706 912 te
722 872 896 911 salutat.
942 872 1045 911 Vale
1062 875 1106 910 et
1122 871 1252 917 salue,
1270 869 1512 909 doctissime
1529 867 1718 906 Erasme.

121 924 318 972 Beatum,
347 925 604 965 Frobenium
631 930 676 966 et
702 927 791 966 eius
817 926 1165 966 iucundissimam
1193 923 1497 970 conthoralem,
1526 921 1720 961 Hieroni-

123 992 240 1018 mum
278 983 522 1031 ceterosque
559 981 717 1020 amicos
754 981 916 1021 saluere
952 980 1167 1032 percupio.

177 1033 308 1084 Spiris
327 1034 461 1085 pridie
480 1035 626 1074 Nonas
646 1035 792 1074 Iunias
812 1035 937 1074 Anno
958 1036 1181 1074 M.D.XX11.

785 1090 1004 1129 Maternus
1020 1089 1238 1128 Hattenus
1255 1087 1335 1126 tibi
1352 1086 1664 1126 deuotissimus.
1738 1100 1781 1133 30

178 1156 334 1197 Grecae
376 1158 638 1210 Latinaeque
679 1159 923 1199 doctissimo
964 1159 1055 1198 viro
1097 1158 1151 1197 D.
1194 1158 1371 1196 Erasmo
1413 1155 1718 1201 Rotemdamo,

124 1210 331 1250 bonorum
363 1213 601 1252 studiorum
635 1215 832 1254 assertori
865 1213 1202 1265 vigilantissimo,
1236 1212 1372 1251 amieo
1406 1214 1450 1250 et
1482 1209 1721 1262 preceptori

121 1265 341 1317 insigniter
361 1267 549 1306 colendo.
626 1268 803 1308 Basilee.
853 1268 958 1307 Zum
980 1267 1127 1308 Sessel.

345 1435 467 1475 1290.
531 1433 670 1475 FRoM
702 1434 979 1476 WOLFGANG
1013 1433 1276 1474 FABRICIUS
1309 1431 1497 1474 CAPITo.

169 1516 322 1552 Breslau
340 1518 415 1553 MS.
437 1518 555 1554 Rehd.
576 1527 657 1564 254.
678 1528 735 1563 45.
1424 1515 1667 1559 Nuremberg.

171 1574 246 1610 LB.
267 1575 362 1620 App.
383 1586 464 1621 323.
1414 1583 1430 1618 5
1452 1574 1551 1609 ,June
1572 1581 1673 1617 1522.

165 1638 236 1679 [An
256 1638 400 1681 original
420 1639 534 1677 letter,
555 1639 751 1682 autograph
771 1639 997 1682 throughout.
1041 1639 1113 1671 The
1134 1639 1315 1681 year-date
1334 1638 1363 1670 is
1384 1637 1573 1670 confirmed
1593 1636 1641 1678 by
1663 1637 1722 1668 the

123 1685 192 1714 two
207 1682 316 1714 books
332 1683 543 1715 mentioned.
582 1684 707 1725 Capito
722 1693 792 1715 was
807 1694 886 1716 now
901 1687 940 1716 at
954 1683 1170 1725 Nuremberg
1185 1693 1223 1715 as
1239 1685 1345 1725 agent
1359 1681 1413 1714 for
1427 1681 1487 1713 the
1503 1680 1722 1728 Archbishlop

124 1725 158 1757 of
177 1725 292 1758 Mainz
310 1726 347 1758 in
367 1727 560 1759 connexion
580 1727 665 1759 with
684 1727 744 1759 the
764 1727 906 1760 Council
926 1727 961 1760 of
980 1728 1167 1769 Regency:
1201 1737 1255 1758 see
1276 1726 1313 1758 P.
1337 1725 1494 1762 Kalkoff,
1518 1724 1564 1757 W.
1588 1724 1722 1764 Capzw,

128 1778 222 1811 1907,
238 1780 298 1811 pp.
319 1779 458 1811 112-13,
475 1770 586 1803 where
603 1770 673 1802 this
688 1770 792 1803 letter
806 1772 835 1803 is
851 1770 1055 1811 discussedq

179 1827 219 1868 S.
242 1828 294 1868 D.
354 1830 554 1869 Stunicae
583 1829 749 1869 libellus
768 1830 1022 1869 Lutheranis
1048 1829 1281 1881 plausibilis
1307 1833 1385 1868 est.
1436 1827 1604 1867 Titulus
1629 1831 1719 1867 est:

127 1882 134 1897 ‘
155 1883 321 1922 Erasmi
362 1884 640 1924 Roterodami
682 1885 978 1936 Blasphemiae
1020 1889 1064 1923 et
1106 1884 1357 1935 Impietates
1398 1895 1473 1934 per
1515 1882 1718 1921 Iacobum

123 1937 234 1976 etc.'.
297 1938 428 1978 Versa
456 1939 621 1990 pagella
649 1940 840 1978 continet
872 1939 1096 1990 gloriosam
1129 1938 1329 1978 Stunicae
1362 1936 1600 1988 epistolam,
1635 1949 1721 1987 qua

123 1995 309 2031 testatur
337 2006 380 2032 se
409 1997 677 2033 ostensurum
707 2007 836 2045 quam
866 1994 922 2032 sit
951 1993 1152 2032 Erasmus
1182 1993 1522 2032 Lutheranorum
1551 1990 1723 2042 signifer

123 2059 171 2085 ac
200 2047 406 2098 princeps.
464 2047 620 2087 Postea
647 2061 700 2087 ex
729 2047 1078 2086 annotationibus
1106 2047 1220 2086 Noui
1247 2046 1525 2092 Testamenti,
1553 2045 1754 2084 scholiis5

121 2100 165 2139 in
194 2100 504 2153 Hieronymum
533 2106 577 2141 et
604 2102 774 2154 reliquis
802 2102 919 2141 libris
947 2102 1032 2140 tuis
1061 2102 1261 2154 pleraque
1290 2101 1492 2140 facientia
1520 2099 1575 2138 ad
1604 2099 1721 2150 vulgi

121 2154 314 2205 palatum
341 2160 471 2207 atque
497 2157 686 2195 omnium
713 2157 975 2207 cupientium
1000 2169 1065 2196 res
1091 2157 1135 2195 in
1161 2156 1309 2195 melius
1335 2159 1530 2194 nouatas.
1586 2154 1719 2194 Suum

121 2209 272 2260 cuique
305 2215 554 2262 argumento
587 2211 799 2262 eulogium
831 2211 1114 2262 praescripsit,
1148 2211 1192 2249 in
1224 2211 1337 2249 hunc
1370 2209 1545 2249 modum
1566 2221 1574 2247 :
1626 2208 1635 2223 ⁶
1655 2208 1719 2247 De

120 2263 232 2303 horis
252 2265 491 2312 canonicis‚'
516 2265 524 2280 ‘
543 2266 607 2305 De
626 2266 814 2317 primatu
833 2265 1029 2316 Apostoli
1047 2265 1163 2305 Petri
1181 2277 1311 2316 supra
1330 2268 1519 2304 caeteros
1537 2263 1718 2314 Aposto-

118 2317 180 2356 los
196 2317 218 2364 ',
238 2317 246 2333 ⁶
263 2318 326 2358 De
343 2319 540 2359 humanis
554 2320 939 2359 constitutionibus
953 2319 976 2366 ³,
995 2319 1003 2334 ‘
1018 2320 1081 2359 De
1098 2319 1286 2359 articulis
1301 2317 1676 2367 Parrisien<si>bus
1692 2316 1715 2363 ’‚
1742 2324 1781 2346 10

119 2376 162 2411 et
181 2372 225 2411 id
252 2386 395 2424 genus.
448 2374 627 2414 Subiicit
655 2388 754 2413 mox
783 2378 861 2413 tua
888 2374 1047 2414 verba:
1094 2387 1204 2426 quae
1234 2387 1370 2425 neque
1400 2372 1560 2411 inimici
1589 2371 1717 2422 paulo

119 2427 376 2467 cordatiores
395 2428 598 2479 egreferre
618 2433 810 2480 possunt,
832 2433 957 2468 tanta
977 2433 1042 2468 est
1067 2429 1333 2480 eloquentiae
1360 2427 1553 2473 dulcedo,
1581 2426 1718 2464 virtus

120 2480 263 2520 iudicii
282 2485 326 2521 et
345 2483 487 2521 cautio
506 2483 550 2522 in
570 2484 779 2522 omnibus.

167 2563 261 2595 1289.
291 2564 341 2595 18.
369 2564 569 2606 Hylarium]
583 2564 773 2606 Evidently
790 2575 810 2596 a
824 2573 880 2596 MS.
948 2575 1003 2596 see
1022 2565 1058 2596 P.
1079 2565 1182 2596 Heitz
1199 2563 1269 2595 and
1285 2564 1320 2595 C.
1340 2564 1374 2595 C.
1399 2561 1583 2599 Bernoulli‚
1600 2562 1717 2594 Basler

119 2605 172 2637 for
180 2617 238 2638 use
246 2607 284 2637 in
294 2608 469 2639 Erasmus'
478 2608 627 2640 edition:
643 2618 698 2640 see
708 2609 773 2650 Ep.
786 2617 880 2648 1334.
951 2608 1230 2645 mmmmm-ken,
1250 2610 1344 2647 1805,
1362 2617 1420 2647 pp.
1438 2617 1497 2643 xv,
1515 2616 1571 2636 xx.

166 2658 220 2682 20.
244 2650 414 2691 Arnobio]
430 2651 491 2684 See
508 2652 573 2693 Ep.
594 2661 687 2692 1304.
980 2652 1146 2683 Erasmus
1157 2650 1344 2682 continued
1357 2654 1394 2681 to
1404 2650 1472 2680 live
1483 2648 1567 2680 with
1579 2649 1716 2681 Froben

166 2701 220 2725 22.
244 2693 380 2726 libellus
407 2695 512 2737 Regis
545 2695 683 2734 Anglie]
717 2694 779 2726 See
813 2695 878 2736 Ep.
950 2695 1003 2726 till
1021 2694 1082 2727 the
1100 2698 1262 2731 autumn,
1281 2694 1345 2725 but
1364 2693 1448 2725 then
1467 2692 1639 2734 migrated
1659 2691 1667 2704 ⁶
1680 2693 1716 2724 iu

126 2746 217 2778 1227.
238 2746 292 2778 5n.
951 2738 1031 2770 edes
1078 2748 1158 2769 suas
1206 2738 1397 2778 superiores
1412 2737 1433 2774 ',
1482 2736 1596 2768 which
1643 2735 1717 2767 also

167 2788 220 2821 27.
246 2780 500 2820 conthoralem]
512 2781 683 2813 Gertrude
701 2781 858 2812 Lachner
873 2793 879 2812 :
952 2781 1120 2822 belonged
1135 2784 1172 2812 to
1187 2782 1322 2812 Froben
1339 2793 1345 2812 :
1372 2790 1428 2812 see
1443 2780 1507 2821 Ep.
1527 2781 1620 2820 1316.
1639 2781 1716 2819 3811.

121 2834 175 2855 see
191 2824 255 2865 Ep.
271 2835 347 2865 419.
369 2827 443 2857 18n.
950 2825 1023 2856 The
1042 2825 1228 2866 migration
1247 2835 1327 2866 may
1347 2824 1388 2856 be
1405 2823 1513 2855 dated
1530 2824 1641 2856 about
1658 2823 1718 2855 the

210 2867 468 2908 Hieronimum]
510 2868 646 2901 Froben
661 2881 668 2900 :
720 2878 775 2900 see
814 2868 880 2910 Ep.
952 2868 1020 2900 end
1052 2868 1087 2900 of
1118 2868 1214 2909 Sept.
1250 2877 1330 2909 1522
1349 2879 1356 2905 3
1399 2867 1453 2899 for
1483 2867 1526 2898 he
1556 2877 1626 2899 was
1658 2871 1717 2898 ten

122 2919 197 2951 903.
217 2921 274 2944 2n.
954 2911 1095 2943 months
1109 2911 1147 2943 in
1164 2911 1330 2944 Froben’s
1347 2910 1538 2943 household
1554 2912 1594 2950 (1,
1611 2921 1645 2952 p.
1663 2921 1682 2944 Δ
1689 2919 1717 2951 5.

169 2963 222 2994 33.
248 2955 335 2987 Zum
352 2955 475 2995 Sessel]
498 2956 663 2988 Froben‘s
686 2955 791 2988 house
812 2956 883 2988 and
958 2964 1060 2994 19-22
1079 2955 1150 2987 and
1167 2955 1231 2996 Ep.
1254 2957 1362 2996 1528).

123 2997 398 3040 printing-press‚
411 3000 737 3042 Todte11giisslein3.
752 2999 886 3041 bought
1004 3000 1096 3031 1290.
1121 3008 1151 3030 2.
1180 2997 1438 3041 Blasphemiae]
1459 2998 1510 3031 Cf.
1532 2998 1596 3039 Ep.
1622 3000 1714 3037 1259.

124 3040 212 3072 from
241 3043 334 3074 John
364 3043 560 3076 Amorbach
594 3053 633 3084 14
661 3044 742 3075 Dee.
779 3052 884 3084 1507:
958 3054 1011 3085 711.
