2012 3370
266 147 344 186 598
727 149 982 188 LETTERS
1014 149 1085 188 or
1116 150 1379 189 ERASMUS
1737 152 1860 202 [1524

265 270 394 297 vnam
417 258 684 296 Hebraicam.
735 258 950 297 Aduersus
971 259 1048 298 hos
1069 260 1268 298 acerrime
1290 260 1457 311 scripsit
1479 259 1701 300 Lutherus.
1754 260 1865 309 Quid

184 323 243 356 155
264 311 331 351 1110
351 325 676 351 commemorem
696 312 747 351 de
768 312 1043 360 Carlostadio,
1066 326 1163 352 cum
1183 314 1341 353 sordidi
1359 314 1535 365 quidam
1553 314 1676 354 nobis
1693 328 1864 367 respon·

262 366 394 404 deant·
418 366 426 380 ‘
446 366 485 404 N
489 378 534 404 os
555 379 641 405 non
662 367 869 406 seruimus
893 367 1092 414 Luthem,
1117 368 1189 406 sed
1213 368 1445 420 Euangelio
1466 369 1473 383 ⁷
1497 374 1513 408 ’ί
1552 368 1729 420 Scripsit
1748 369 1865 409 istud

263 420 447 470 quidem,
477 419 550 459 sed
577 421 745 471 scripsit
772 421 959 460 humano
986 422 1151 473 spiritu,
1180 423 1348 474 scripsit
1373 424 1418 462 in
1444 424 1625 475 gratiam
1653 423 1862 463 Melanch-

262 474 416 513 thonis.
478 473 530 513 In
560 474 711 514 horum
742 475 968 521 nonnullis,
1001 477 1058 515 mi
1090 476 1296 528 Philippo,
1330 477 1454 516 video
1484 482 1575 516 tam
1605 479 1864 529 impotentes

261 529 434 578 spiritus
463 532 526 576 vt,
557 530 592 569 si
620 542 685 568 res
713 529 795 568 illis
824 532 1082 577 successerit,
1115 544 1260 570 verear
1289 544 1341 570 ne
1372 531 1583 571 Lutherus
1612 534 1746 571 eciam
1774 533 1864 584 ipse

182 587 244 617 160
261 581 576 622 desideraturus
612 585 669 623 sit
705 586 998 636 episcoporum
1035 598 1084 624 ac
1121 585 1372 637 pontificum
1408 586 1694 637 tyrannidem.
1762 586 1865 634 Quis

260 637 372 676 enim
391 636 613 677 coherceat
630 639 734 677 istos
752 640 826 690 qui
844 652 920 678 nec
938 639 1211 691 pontificibus
1229 641 1488 687 auscultant,
1508 654 1585 680 nec
1603 642 1865 692 principibus

260 704 337 731 nec
362 692 696 743 magistratibus,
722 706 799 732 nec
823 694 904 745 ipsi
928 694 1110 746 denique
1136 695 1323 734 Luthero
1345 698 1360 734 ‘3
1415 695 1557 734 Vnum
1582 695 1863 747 Euangelium

260 745 473 793 occinunt,
503 746 577 786 sed
605 748 723 786 cuius
750 748 831 799 ipsi
859 748 1011 787 volunt
1038 762 1127 788 esse
1153 750 1419 801 interpretes.
1477 749 1687 789 Fortassis
1714 754 1759 788 et
1785 749 1865 790 hoc

258 799 492 847 tolerabile,
525 801 560 840 si
590 800 952 852 quemadmodum
983 816 1007 842 a
1039 803 1254 842 vet-eribus
1284 802 1556 850 dissentiunt,
1587 804 1651 843 ita
1680 804 1792 843 inter
1821 816 1865 843 se

180 858 238 897 165
260 855 561 894 consentirent.

315 908 379 947 De
402 910 468 948 tui
492 910 624 949 animi
649 911 907 962 synceritate
931 911 1036 950 nihil
1061 911 1270 951 addubito
1295 913 1399 963 quin
1423 911 1569 951 sedulo
1593 911 1725 952 facias
1750 911 1865 963 quod

258 961 377 1002 facis.
436 963 500 1002 De
531 964 707 1003 Lutheri
737 966 880 1004 animo
911 965 1048 1004 multa
1078 970 1179 1005 sunt
1209 979 1318 1018 quae
1349 966 1530 1005 suadent
1561 971 1611 1006 vt
1640 966 1863 1013 dubitem:

258 1021 302 1056 et
322 1018 357 1056 si
376 1030 463 1057 non
482 1019 620 1057 ausim
640 1020 813 1058 omnino
834 1032 928 1058 meo
948 1019 1104 1058 iudicio
1124 1020 1265 1067 fidere,
1287 1020 1434 1060 videor
1453 1024 1600 1060 tamen
1619 1033 1672 1059 ex
1693 1021 1861 1071 scriptis

260 1071 362 1110 mihi
386 1072 578 1111 animum
601 1072 783 1112 hominis
807 1086 893 1112 11011
918 1074 1057 1112 minus
1081 1073 1393 1125 deprehendere
1417 1087 1548 1126 quam
1572 1088 1625 1114 ex
1649 1075 1862 1114 conuictu.

180 1137 240 1168 170
259 1125 339 1164 Est
380 1125 532 1165 ardens
575 1139 624 1166 ac
667 1127 894 1166 vehemens
935 1128 1152 1180 ingenium
1195 1128 1399 1176 Lutheri3
1459 1141 1663 1181 agnoscas
1705 1129 1863 1180 vbique

259 1177 429 1219 Pelidae
461 1180 732 1220 stomachum
766 1181 912 1220 cedere
945 1183 1087 1221 nescii.
1155 1182 1305 1234 Neque
1335 1186 1385 1222 tu
1416 1183 1553 1223 nescis
1586 1187 1776 1235 quantus
1806 1183 1862 1221 sit

258 1233 414 1273 artifex
435 1233 571 1274 hostis
598 1235 775 1275 humani
798 1237 972 1287 generis.
1031 1236 1209 1276 Accedit
1227 1237 1310 1276 huc
1336 1242 1487 1277 tantus
1516 1238 1677 1289 negotii
1700 1249 1859 1276 sucees-

258 1301 340 1335 sus,
367 1292 517 1328 tantus
536 1288 671 1336 fauor,
697 1294 847 1329 tantus
874 1291 1105 1342 applausus
1131 1291 1302 1338 theatri,
1331 1296 1520 1343 quantus
1547 1292 1614 1331 vel
1640 1291 1861 1331 modestis-

257 1343 412 1381 simum
430 1343 646 1395 ingenium
668 1345 803 1395 possit
824 1358 1103 1396 corrumpere.

178 1408 233 1440 175
314 1397 407 1436 Iam
442 1398 544 1437 mihi
579 1398 689 1445 vide,
726 1399 970 1438 doctissime
1004 1400 1319 1448 Melanchthon,
1357 1402 1395 1440 ei
1427 1402 1529 1440 naui
1563 1413 1672 1452 quae
1707 1413 1750 1438 se
1784 1399 1861 1438 tali

257 1452 507 1502 tempestati
536 1454 760 1500 commisit,
788 1467 918 1505 quam
947 1454 1100 1493 validis
1123 1456 1300 1503 ancoris,
1327 1460 1491 1506 quanta
1515 1455 1704 1501 saburra,
1730 1467 1859 1506 quam

257 1504 342 1545 fido
371 1505 492 1545 clauo
521 1507 577 1545 sit
606 1520 725 1558 opus,
756 1521 809 1546 ne
837 1508 1075 1559 depellatur
1103 1522 1128 1547 a
1156 1513 1272 1548 recto
1302 1523 1439 1549 cursu.
1498 1509 1580 1548 Hic
1609 1508 1740 1548 oculis
1768 1521 1859 1560 per-

257 1560 457 1610 spicimus
479 1573 586 1612 quos
608 1562 782 1612 spiritus
804 1562 960 1601 tollant
982 1563 1169 1614 quidam,
1195 1564 1230 1602 si
1252 1563 1318 1602 vel
1340 1563 1577 1615 pauxillum
1599 1563 1859 1602 successerit.

257 1612 300 1653 Si
327 1618 495 1653 constet
520 1616 631 1654 ratio
658 1617 953 1663 conscientiae,
982 1616 1087 1655 nihil
1113 1622 1178 1656 est
1204 1618 1320 1668 quod
1347 1618 1451 1657 mihi
1478 1622 1681 1664 metuam,
1710 1629 1857 1668 quam-

175 1672 237 1703 180
255 1667 361 1707 libet
400 1672 450 1707 vt
487 1669 560 1707 isti
598 1670 764 1708 iactant
804 1670 1096 1720 pusillanimis.
1167 1671 1439 1711 Senectutem
1479 1685 1528 1711 ae
1568 1671 1859 1710 valetudinem

255 1734 332 1761 nec
357 1721 508 1762 Caesar
527 1736 604 1762 nec
629 1723 829 1763 Pontifex
853 1724 957 1764 mihi
981 1729 1125 1776 potest
1149 1725 1347 1764 adimere.
1401 1726 1481 1765 Est
1505 1726 1618 1764 vnde
1642 1725 1755 1764 alam
1778 1725 1858 1764 hoc

255 1776 564 1827 corpusculum.
620 1777 863 1830 Dignitates
888 1783 932 1818 et
957 1791 1058 1830 opes
1083 1779 1215 1819 nihilo
1241 1781 1374 1832 magis
1400 1780 1543 1819 ambio
1569 1793 1699 1831 quam
1725 1792 1858 1831 equus

255 1830 434 1870 elumbis
457 1844 606 1883 graues
631 1833 829 1871 sarcinas.
883 1833 1050 1872 Gloriae
1072 1835 1159 1873 iam
1184 1835 1284 1874 011111
1308 1848 1402 1874 sum
1426 1839 1558 1881 satur,
1584 1835 1619 1874 si
1642 1833 1746 1886 quid
1770 1846 1856 1872 om-

254 1885 354 1924 nino
383 1889 449 1924 est
477 1885 620 1937 gloria.
689 1887 777 1926 Nec
807 1887 1035 1927 defuerunt
1064 1888 1250 1939 pericula
1280 1902 1390 1941 quae
1419 1891 1486 1928 vei
1513 1891 1858 1941 θρασύσπλαγχνον

175 1943 231 1983 185
254 1944 428 1989 possent
447 1944 615 1979 terrere.
666 1941 722 1980 Et
743 1941 846 1980 haee
867 1943 1011 1981 omnia
1030 1944 1103 1994 qui
1124 1944 1372 1990 contemnit,
1395 1943 1550 1982 dicitur
1570 1942 1856 1982 meticulosus.

254 1993 318 2032 Tu
347 2007 434 2033 non
462 1994 654 2034 auelleris
683 2008 709 2033 a
738 1997 954 2035 sentencia
982 2001 1060 2035 tua
1089 2010 1219 2048 quam
1247 1998 1484 2037 imbibisti:
1530 2002 1574 2037 et
1602 2010 1679 2050 ego
1709 2001 1859 2036 contra

255 2049 385 2087 animi
407 2050 664 2088 sententia-m
686 2063 736 2088 ea
757 2050 1000 2101 profitebor,
1025 2064 1134 2102 quae
1157 2052 1260 2091 mihi
1282 2057 1450 2103 praeter
1470 2051 1693 2091 infamiam
1715 2052 1856 2090 certis·

254 2102 409 2142 simum
441 2102 638 2142 adferant
669 2105 889 2144 exicium?
937 2105 1054 2145 Nihil
1086 2106 1189 2145 mihi
1220 2106 1385 2146 facilius
1417 2119 1547 2158 quam
1578 2107 1688 2146 hanc
1719 2107 1856 2145 vitam

255 2161 536 2204 contemnere,
569 2171 678 2208 quae
709 2159 938 2210 perpusilla
968 2165 1172 2211 superest,
1205 2174 1339 2213 eaque
1369 2165 1437 2200 tot
1467 2161 1626 2200 morbis
1656 2160 1856 2206 obnoxia,

175 2221 236 2254 190
254 2214 305 2249 vt
329 2223 440 2250 mors
464 2216 608 2262 posset
632 2226 721 2251 esse
744 2213 789 2251 in
813 2215 938 2261 votis,
965 2215 1001 2253 si
1024 2227 1191 2265 possem
1215 2215 1324 2254 hanc
1350 2216 1652 2255 conscientiam
1677 2214 1857 2266 probare

255 2264 434 2305 Christo.
489 2265 579 2305 Nec
605 2266 687 2305 alio
714 2272 912 2318 spectant
937 2268 1006 2307 vel
1032 2282 1125 2307 mea
1153 2271 1343 2309 contat-io
1370 2270 1438 2309 vel
1464 2270 1700 2309 moderatio
1726 2281 1857 2321 quam

255 2324 304 2359 vt
321 2320 491 2371 Vtrique
509 2321 622 2372 parti
641 2321 896 2372 prodessem.
945 2322 1027 2362 Odi
1044 2323 1309 2371 seditionem,
1329 2328 1373 2363 et
1391 2337 1417 2363 a
1434 2325 1614 2363 saeuitia
1632 2336 1796 2375 semper
1813 2326 1858 2361 et

255 2378 500 2413 constanter
524 2374 776 2414 dehortatus
802 2389 895 2415 sum
924 2377 1146 2428 principes.
1202 2377 1245 2417 Si
1274 2378 1401 2418 saluis
1430 2378 1673 2417 hominibus
1701 2390 1856 2429 queam

253 2428 443 2480 iugulare
477 2429 600 2476 vicia,
638 2429 802 2469 videres
837 2435 1025 2482 quantus
1062 2433 1141 2470 sim
1177 2431 1348 2471 fut-urus
1387 2432 1588 2480 carnifeX,
1628 2436 1698 2481 ἀφ’
1733 2433 1857 2473 ἑστίας

175 2492 231 2525 195
256 2484 463 2533 ἀρξόμενος.

309 2537 373 2576 Ι)0
401 2536 484 2576 fide
511 2541 589 2576 tua
616 2538 721 2577 nihil
749 2538 971 2586 addubito,
1001 2541 1176 2579 tametsi
1202 2540 1288 2579 iam
1317 2541 1447 2580 tocies
1476 2541 1679 2592 deceptus
1707 2540 1762 2579 ab
1791 2539 1856 2579 his

255 2591 409 2642 quibus
438 2591 506 2630 vel
534 2591 679 2631 decem
708 2594 821 2632 vitas
849 2607 965 2632 eram
994 2595 1242 2634 crediturus.
1300 2594 1383 2634 Sed
1411 2595 1615 2647 quiequid
1643 2594 1853 2640 scribitur,

256 2645 323 2684 vel
358 2648 683 2698 γραμματοφόρων
719 2647 895 2698 perfidia
929 2647 998 2687 vel
1032 2648 1114 2688 alio
1149 2650 1353 2701 quopiam
1389 2663 1488 2689 casu
1523 2649 1765 2701 profertur:
1820 2649 1855 2687 si

302 2735 374 2768 155.
400 2726 616 2760 Carolstadio
630 2727 675 2760 H.
754 2736 826 2769 157.
852 2728 994 2770 quidem
1008 2730 1083 2762 add.
1101 2729 1145 2761 H.
1257 2740 1328 2772 159.
1354 2731 1409 2762 H:
1438 2741 1558 2763 vereor
1573 2743 1603 2763 α.
1701 2733 1771 2763 161.
1798 2728 1855 2760 Η;

253 2770 454 2803 auscultent
470 2784 499 2802 α.
636 2774 709 2811 163.
735 2771 896 2804 Fortasse
911 2772 955 2804 H.
1094 2776 1165 2806 166.
1192 2773 1229 2805 H
1243 2785 1251 2806 ε
1279 2774 1375 2806 anini
1392 2786 1421 2806 α.
1597 2774 1633 2806 H
1649 2786 1656 2806 :
1684 2773 1804 2806 sedulo
1820 2783 1852 2803 α.

259 2815 374 2853 168-9.
401 2814 484 2846 mihi
500 2824 544 2846 ex
558 2815 697 2856 seriptis
711 2814 756 2847 H.
914 2825 985 2857 175.
1011 2817 1043 2848 ei
1058 2816 1093 2848 H
1108 2829 1116 2849 :
1146 2817 1189 2849 de
1207 2829 1236 2849 α.
1374 2821 1445 2851 180.
1472 2818 1508 2849 Η
1522 2830 1530 2850 z
1559 2817 1802 2860 pusillanimus
1820 2828 1853 2848 α.

256 2866 345 2936 ἶὲῗᾶς
357 2858 467 2932 &sm
486 2857 531 2889 H.
663 2859 793 2899 possim
813 2858 859 2892 H.
1012 2870 1082 2898 191.
1109 2861 1285 2901 spectauit
1305 2871 1382 2894 mea
1402 2861 1459 2893 vel
1479 2861 1524 2893 H.
1660 2870 1731 2902 195.
1758 2859 1854 2900 ἀρξᾶ·

303 3011 375 3044 154.
401 3003 589 3043 Lutherus]
604 3006 666 3037 See
680 3005 762 3037 LE2.
779 3008 819 3046 85
827 3016 854 3047 5.
1135 3011 1207 3049 183.
1232 3007 1400 3048 sarcinas]
1417 3009 1468 3042 Cf.
1487 3009 1553 3051 Ep.
1576 3011 1670 3049 1481.
1690 3009 1767 3049 38n.

304 3053 374 3084 171.
402 3046 555 3084 Pelidae]
574 3048 657 3079 Hor.
678 3048 715 3079 Ο.
740 3058 766 3080 1.
786 3051 817 3080 6.
837 3051 868 3081 6.
1135 3060 1206 3091 191.
1234 3054 1406 3092 contatio]
1422 3052 1472 3085 Cf.
1491 3053 1555 3094 Ep.
1576 3053 1671 3092 1384.
1689 3061 1768 3083 2011.
