2012 3370
174 106 297 156 1406]
632 105 791 146 FROM
821 105 976 145 OTHO
1006 105 1308 145 BRUNFELS
1690 106 1770 144 375

172 215 289 255 illam
305 215 420 268 apud
436 215 657 267 pontifices
671 215 1031 254 existimationem
1046 219 1182 254 tuam.
1227 214 1285 254 Et
1300 218 1344 253 te
1360 214 1532 266 quidem
1549 214 1770 254 audiemus

174 270 582 317 destomachantem,
624 269 968 316 rhetoricantem,
1009 270 1235 308 iacientem
1277 268 1487 320 ampullas
1528 268 1770 316 verborum,

176 324 288 364 vltro
318 326 509 377 citroque
537 324 694 364 amicos
721 324 956 363 iactantem
985 327 1030 363 et
1057 324 1297 375 principum
1325 324 1522 375 gratiam,
1551 323 1771 363 ludentem
1789 328 1851 366 265

176 382 220 418 et
246 380 533 431 periocantem
559 391 656 418 cum
683 377 911 429 Scripturis
937 379 1108 425 sanctis,
1136 379 1347 417 nitentem
1374 377 1592 418 confracto
1619 377 1772 417 baculo

175 432 374 485 Aegypti,
404 433 509 472 nihil
535 445 622 472 non
650 432 958 472 calumniarum
985 436 1261 484 regerentem‚
1291 431 1600 472 suffultientem
1629 444 1772 471 muros

176 486 410 539 Babylonis
437 491 482 527 et
510 487 738 538 collapsam
766 499 856 525 rem
884 486 1048 525 Romae
1075 487 1402 533 instaurantem,
1432 486 1772 538 triumphantem

175 542 221 580 in
249 542 440 581 curribus
467 545 512 581 et
537 542 582 581 in
609 541 741 592 equis.
813 540 901 580 Nos
930 553 1031 579 vero
1058 541 1104 579 'm
1129 541 1301 580 nomine
1329 539 1502 580 Domini
1530 541 1610 580 Dei
1637 541 1773 580 nostri

175 596 484 643 inuocabimus,
504 595 786 646 dabimusque
805 607 978 646 operam
993 598 1043 634 vt
1061 595 1381 646 quammaxime
1401 607 1501 634 vera
1520 599 1564 635 et
1582 595 1774 634 dicamus
1790 606 1856 639 270

177 654 222 689 et
248 650 482 690 scribamus
508 652 624 700 (nam
652 662 755 688 vera
782 652 826 688 et
854 648 1034 700 simplex
1062 652 1128 688 est
1155 650 1351 688 veritatis
1380 650 1558 698 oratio):
1592 650 1697 701 quin
1724 653 1774 688 vt

176 704 594 757 pseudoprophetam
618 703 949 755 prophetantem
971 704 1016 742 in
1045 702 1165 750 Baa1‚
1192 703 1366 742 tametsi
1389 703 1530 743 verbis
1554 716 1641 744 non
1667 703 1773 743 adeo

177 758 454 810 elegantibus,
494 763 641 798 tamen
682 758 955 810 Script<uris>
996 758 1155 796 sanctis
1196 757 1474 797 exturbemus
1515 757 1568 797 de
1610 758 1772 798 castris.

178 813 327 865 Neque
349 813 533 853 multum
551 813 793 852 curabimus
810 816 1023 864 quantum
1041 825 1119 851 nos
1138 811 1382 863 grauabunt
1403 812 1566 851 inuidia
1583 812 1774 863 quidam,

178 872 390 918 quantum
409 867 691 907 subsannabit
709 867 964 906 curtisanica
990 866 1074 914 fex,
1096 870 1309 917 quantum
1327 879 1497 918 quoque
1515 870 1566 905 tu
1583 866 1776 905 fabulam
1793 876 1856 910 275

177 934 255 961 nos
271 921 402 962 facies
418 926 463 961 et
487 921 762 973 opprobrium
781 925 826 960 et
845 922 1061 960 canticum
1079 925 1124 960 et
1142 920 1392 971 parabolam
1410 920 1502 959 orbi
1521 924 1566 960 et
1585 921 1775 960 omnium

178 977 252 1026 qui
283 989 371 1016 non
398 976 560 1015 habent
595 975 859 1028 signaculum
889 975 1008 1015 verbi
1044 976 1252 1026 scriptum
1284 976 1330 1014 in
1363 975 1578 1014 frontibus
1615 987 1775 1014 eorum.

178 1030 261 1070 Sed
286 1030 367 1070 hoc
392 1043 564 1083 agemus
584 1030 701 1082 quod
718 1043 795 1082 pro
821 1030 958 1070 officio
979 1033 1127 1069 nostro
1145 1029 1270 1069 nobis
1285 1029 1509 1077 incumbit,
1531 1033 1581 1069 vt
1600 1029 1777 1081 gloriam

179 1084 258 1123 Dei
274 1086 409 1125 nostri
428 1098 580 1136 puram
599 1089 644 1124 et
660 1085 851 1124 illaesam
870 1097 1099 1124 seruemus.
1156 1084 1275 1123 Vale.

597 1201 718 1239 1407.
781 1198 921 1240 FROM
951 1198 1085 1240 JOHN
1117 1196 1361 1239 ANGELUS.

226 1289 379 1324 Breslau
395 1289 470 1324 MS.
490 1288 610 1324 Rehd.
628 1299 648 1323 2
654 1297 710 1333 54.
733 1299 786 1323 10.
1490 1286 1636 1322 Meaux.

226 1347 318 1382 EE2.
344 1358 401 1382 22.
1404 1356 1414 1379 1
1438 1345 1608 1391 January
1629 1354 1729 1389 1524.

180 1469 185 1475 ⁸
223 1425 292 1467 [An
309 1424 456 1468 original
471 1425 586 1481 letter,
605 1425 802 1468 autograph
819 1424 1048 1468 throughout,
1089 1425 1161 1458 The
1177 1424 1449 1467 interpretation
1467 1423 1503 1456 of
1519 1423 1580 1456 the
1597 1423 1779 1465 year-date

177 1479 206 1501 ls
221 1469 543 1555 &fgqhkffffigglluss
550 1469 1144 1556 Idlsslyltignffigznnzefitltlgzilsllmown.
1184 1512 1238 1545 On
1254 1521 1270 1554 5
1287 1511 1407 1544 March
1429 1513 1533 1552 <1521
1552 1512 1599 1551 ‘.‘>‚
1615 1510 1705 1560 from
1720 1510 1781 1544 the

178 1556 315 1600 College
332 1556 369 1589 of
386 1556 549 1589 Cardinal
565 1556 729 1588 Lemoine
747 1560 786 1588 at
804 1556 911 1595 Paris,
931 1556 1043 1588 where
1061 1556 1104 1588 he
1122 1567 1192 1589 was
1210 1556 1373 1599 teaching
1392 1555 1515 1593 Greek,
1534 1555 1577 1587 he
1595 1554 1780 1587 dedicated

178 1611 225 1633 an
249 1601 382 1633 edition
404 1600 441 1632 of
465 1601 552 1633 Orus
575 1599 730 1642 Apollo⁷s
754 1600 789 1631 H
794 1599 1027 1641 ieroylyphica‚
1053 1600 1161 1639 Paris,
1188 1600 1225 1633 P.
1253 1600 1463 1637 Vidovaeus‚
1493 1607 1644 1640 1521—a
1670 1597 1782 1631 Greek

179 1647 258 1677 text
272 1644 358 1676 with
370 1655 390 1676 a
406 1644 511 1676 Latin
524 1644 817 1676 translation—to
832 1643 927 1676 John
950 1644 986 1676 of
1000 1644 1174 1682 Mauleon,
1194 1644 1250 1686 bp.
1269 1644 1305 1676 of
1321 1643 1540 1685 Comminges
1554 1643 1591 1675 in
1608 1642 1780 1683 Gascony,

179 1688 294 1721 whose
309 1691 502 1730 patronage
517 1687 560 1719 he
576 1687 646 1719 had
662 1687 805 1728 already
819 1687 970 1728 enjoyed
985 1688 1056 1719 and
1071 1688 1201 1720 wished
1217 1691 1256 1720 to
1271 1697 1389 1719 secure
1404 1698 1414 1725 ;
1443 1687 1552 1728 citing
1568 1696 1606 1718 as
1621 1685 1782 1727 example

180 1731 240 1764 the
260 1734 410 1773 support
427 1731 532 1773 given
554 1730 601 1772 by
622 1731 711 1772 Abp.
735 1731 900 1762 Tournon
921 1734 959 1763 to
980 1731 1022 1763 D.
1047 1730 1214 1763 Coronius
1237 1732 1306 1771 (see
1327 1730 1392 1772 Ep.
1420 1739 1514 1770 1319.
1537 1731 1620 1769 29n)
1642 1729 1713 1761 and
1735 1729 1782 1770 by

180 1775 244 1817 Bp.
271 1775 460 1816 Briconnet
483 1778 521 1806 to
545 1774 656 1806 Faber
676 1774 904 1816 Stapulensis,
930 1774 970 1806 G.
996 1774 1144 1806 Roussel
1167 1774 1200 1814 (L
1228 1776 1323 1814 92n),
1341 1773 1411 1805 and
1435 1773 1563 1806 others.
1610 1772 1717 1805 Later
1740 1773 1783 1804 he

179 1818 368 1850 succeeded
382 1819 419 1850 in
434 1817 616 1860 attaching
633 1817 771 1850 himself
785 1821 824 1850 to
840 1818 1030 1858 Briconnet
1044 1818 1115 1850 and
1129 1818 1240 1850 found
1255 1817 1385 1850 shelter
1399 1820 1439 1849 at
1452 1816 1589 1849 Meaux.
1631 1815 1663 1847 A
1677 1815 1784 1848 letter

178 1862 269 1894 from
288 1862 360 1894 him
378 1865 416 1894 to
435 1861 546 1900 FareL
565 1861 601 1893 of
618 1861 786 1903 precisely
804 1861 874 1893 this
892 1861 987 1899 date,
1004 1862 1034 1893 is
1052 1861 1192 1903 printed
1211 1861 1259 1903 by
1277 1860 1514 1901 Herminjard,
1532 1860 1604 1901 83.]

216 1949 393 1978 ERASMO
422 1948 742 1985 ROTERODAMO,
773 1948 879 1977 VIRO
909 1948 1049 1977 MODIS
1080 1947 1281 1977 OMNIBVS
1310 1947 1506 1983 MAXIMO,
1537 1945 1742 1975 ANGELvs

794 2003 1137 2033 FOELIGITATEM.

236 2048 343 2087 ETSI
368 2059 590 2098 nunquam
616 2046 672 2085 ad
698 2050 741 2085 te
767 2047 947 2086 scribere
974 2046 1180 2086 hactenus
1207 2059 1334 2085 ausus
1353 2045 1519 2091 fuerim,
1542 2057 1659 2084 meae
1686 2057 1782 2084 con-

181 2103 290 2141 scius
332 2101 570 2152 imperitiae
611 2101 873 2153 supinaeque
915 2101 1136 2140 cuiusdam
1178 2113 1227 2139 ac
1270 2112 1434 2139 crassae
1475 2100 1520 2138 in
1563 2098 1784 2138 scribendo

181 2156 458 2208 ignorantiae,
483 2156 731 2207 praesertim
755 2156 788 2194 si
813 2156 952 2194 virum
975 2155 1187 2206 respicias,
1211 2154 1292 2193 hoc
1316 2158 1380 2193 est
1403 2153 1644 2200 Erasmum,
1670 2153 1786 2192 omni

181 2210 427 2261 disciplinae
459 2223 609 2261 genere
643 2209 1020 2256 absolutissimum,
1056 2209 1197 2249 effecit
1230 2209 1407 2248 tandem
1441 2208 1647 2259 deprensa
1683 2207 1786 2246 meis

180 2264 433 2304 lectionibus
454 2265 499 2303 in
519 2268 589 2303 tot
610 2263 727 2303 libris
750 2264 966 2303 Erasmico
988 2264 1169 2316 ingenio,
1194 2263 1362 2315 placido
1383 2262 1544 2302 scilicet
1566 2262 1785 2301 et-amica-
1806 2272 1821 2306 5

184 2319 268 2366 bili,
303 2319 441 2365 editis,
475 2322 552 2357 tua
585 2318 839 2370 benignioris
870 2323 1051 2357 naturae
1083 2318 1266 2357 facilitas
1299 2321 1460 2368 tuaque
1492 2328 1658 2355 morum
1690 2317 1787 2368 plus

182 2386 318 2425 aequo
342 2372 587 2412 suauiorum
611 2374 802 2420 comitas,
827 2377 877 2412 vt
900 2372 1084 2425 Angelus
1107 2373 1344 2411 humanum
1367 2384 1453 2410 non
1474 2369 1785 2417 reformidaret,

182 2431 424 2467 terrestrem
468 2427 672 2474 coelestis,
711 2427 961 2479 implumem
1005 2427 1158 2474 alatus,
1204 2426 1324 2465 humi
1360 2429 1580 2476 repentem
1618 2424 1784 2463 aerius:

182 2482 299 2533 quod
331 2485 409 2528 est,
444 2481 479 2519 si
510 2482 640 2520 iocari
673 2481 876 2529 desinam,
912 2486 961 2520 vt
995 2481 1270 2532 eelphantum
1304 2493 1389 2519 non
1422 2479 1593 2518 horreat
1626 2491 1786 2526 musca,

182 2540 413 2587 gygantem
444 2536 634 2586 pumilio,
667 2549 720 2575 ne
752 2536 930 2576 dixerim
964 2536 1193 2575 Hectorem
1225 2534 1420 2573 Achilles.
1481 2533 1549 2571 Ad
1580 2532 1625 2570 id
1656 2532 1848 2571 etiamn>

183 2590 400 2629 intantum
430 2603 499 2628 me
527 2589 693 2640 pepulit
722 2590 898 2640 quidam
928 2590 1078 2636 Vasco,
1111 2590 1222 2628 clara
1254 2593 1365 2628 cert-e
1395 2591 1523 2626 natus
1553 2586 1787 2626 admodum

182 2643 359 2690 familia,
398 2643 701 2683 Condomensis
739 2644 940 2695 Episcopi
977 2657 1121 2694 nepos,
1154 2647 1198 2682 et
1232 2655 1418 2693 eousque
1447 2641 1786 2681 recalcitrantem

233 2738 328 2770 1406.
348 2738 423 2775 264.
441 2736 628 2778 ampullas]
636 2736 686 2768 Cf.
697 2737 781 2769 Hor.
791 2737 833 2768 A.
845 2737 883 2769 P.
892 2746 945 2776 97.
1016 2736 1210 2769 connexion
1226 2735 1312 2767 with
1327 2735 1426 2766 those
1442 2734 1598 2766 districts
1613 2746 1621 2765 ε
1652 2734 1788 2767 thouoh

229 2784 302 2822 269.
325 2782 363 2812 in
378 2780 549 2820 curribus]
565 2780 614 2812 Cf.
633 2781 687 2811 Ps.
710 2789 757 2819 19.
777 2781 806 2811 8.
1017 2780 1077 2811 the
1091 2779 1266 2811 Vascones
1279 2780 1315 2810 in
1329 2779 1470 2810 ancient
1485 2779 1587 2810 times
1602 2788 1689 2810 wore
1704 2759 1787 2820 otfiy

231 2836 303 2868 ²77·
327 2823 545 2866 signaculum
567 2823 678 2862 verbi]
694 2824 743 2855 Cf.
763 2824 849 2855 Rev.
869 2833 899 2863 9.
915 2833 948 2862 4,
1017 2833 1044 2855 s.
1065 2823 1102 2855 of
1120 2823 1179 2855 the
1198 2823 1380 2863 Pyrenees.

190 2877 238 2907 14.
263 2878 289 2899 1.
1068 2876 1115 2897 12.
1142 2866 1406 2906 Condomensis]
1448 2865 1498 2898 To
1540 2876 1605 2897 one
1648 2866 1786 2909 writing

232 2912 326 2944 1407.
358 2921 403 2942 11.
433 2910 559 2950 Vasco]
579 2910 662 2942 This
679 2910 707 2942 is
724 2910 872 2952 perhaps
891 2910 950 2942 the
1017 2910 1107 2942 from
1138 2910 1199 2942 tho
1228 2910 1346 2951 region
1377 2909 1413 2941 of
1444 2909 1540 2941 Paris
1571 2909 1642 2941 this
1673 2910 1786 2941 would

185 2955 291 2987 tribal
303 2965 430 2991 name;
458 2954 513 2986 for
527 2953 700 2985 Molinius'
717 2964 897 2996 eagerness
913 2958 951 2986 to
1020 2964 1121 2985 mean
1146 2953 1200 2985 Fr.
1227 2953 1390 2985 Molinius
1415 2954 1485 2992 (see
1509 2953 1598 2994 Epp.
1629 2962 1701 2993 3-’3-
1733 2963 1784 2994 711,

184 2998 306 3031 obtain
339 2998 498 3030 Condom
525 2998 594 3037 (see
622 3008 654 3038 p.
684 3000 764 3038 411)
791 3001 952 3040 suggests
1024 3001 1134 3037 1420),
1152 3000 1215 3028 not
1232 2997 1416 3029 Grossoles.
