2012 3370
588 122 660 161 TO
689 121 919 162 MARCUS
949 122 1215 163 LAURINU
1216 122 1244 162 S
1632 121 1710 160 207

121 123 243 172 1342]

171 232 252 270 Vbi
279 232 441 271 Tenam
470 233 606 278 venio,
637 231 884 270 Franciscus
913 231 1085 282 quidem
1115 231 1202 270 dux
1232 244 1318 270 non
1348 231 1510 277 aderat,
1540 244 1615 270 nec
1643 245 1711 269 ex-

114 286 370 337 pectabatur
389 300 397 333 ;
460 286 533 325 sed
574 285 723 324 aderat
764 298 918 337 magna
960 286 1025 324 Vis
1066 286 1264 332 militum,
1307 286 1465 336 partim
1504 285 1711 336 peditum,

114 341 272 391 partim
284 342 490 392 equitum,
499 340 656 391 partim
672 339 799 379 medii
811 341 984 391 generis,
994 341 1068 391 qui
1076 340 1278 391 praedam
1292 340 1398 391 bigis
1411 340 1711 391 deportabant,

114 407 200 433 vna
228 408 325 434 cum
353 395 512 434 claudis
536 408 584 433 ac
607 395 772 440 sauciis,
800 395 874 445 qui
897 394 976 432 sibi
999 407 1149 445 parum
1169 399 1372 433 cauerant
1389 395 1433 433 in
1452 394 1574 433 bello.
1622 393 1713 432 Hos

113 448 245 488 habui
266 450 440 488 comites
459 449 621 487 itineris
636 461 768 499 vsque
791 448 846 486 ad
868 448 1058 499 Spiram:
1088 448 1171 487 illic
1194 449 1440 487 transmisso
1463 449 1628 494 Rheno,
1652 461 1713 487 re-

111 502 258 554 linquo
286 503 378 542 illos
402 503 457 542 ad
481 503 709 542 sinistram.
762 502 927 541 Horum
948 502 1188 554 frequentia
1208 503 1414 542 hactenus
1435 503 1614 553 contigit
1634 504 1714 541 iter

112 558 388 596 tutissimum.

167 611 395 651 Decretum
421 615 513 650 erat
538 624 668 662 quam
695 611 918 649 minimum
945 611 1040 650 viae
1066 610 1335 661 dispendium
1361 611 1511 650 facere.
1567 610 1714 651 Solent

112 666 225 705 enim
252 666 376 705 officii
402 665 539 716 gratia
566 678 681 704 more
708 664 958 704 Germanico
985 665 1210 704 conuenire
1236 664 1514 711 sodalitates3
1558 678 1644 716 qua
1670 679 1714 704 re

111 720 216 758 nihil
244 719 467 759 iucundius
496 732 629 771 quum
657 723 798 766 vacat,
829 719 903 758 sed
930 719 1177 770 properanti
1205 723 1249 758 et
1275 718 1400 766 fesso,
1430 724 1524 758 tum
1552 720 1715 758 itineris

112 775 294 825 negociis
318 777 538 825 occupato,
563 773 667 812 nihil
690 773 894 812 inutilius.
948 772 1125 812 Interim
1149 772 1252 812 dum
1276 773 1513 812 salutamur
1536 778 1579 812 et
1603 773 1710 812 salu-

113 832 267 874 tamus,
293 829 391 879 equi
413 828 592 880 neglecti
615 828 811 866 morbum
835 827 1096 866 contrahunt
1119 831 1196 866 aut
1218 828 1289 866 siti
1312 832 1504 878 pereunt.
1557 827 1711 878 Itaque

113 882 167 920 ab
201 882 357 933 oppido
391 882 522 929 Dura,
557 886 673 922 recta
706 886 947 921 transcurro
981 881 1241 933 Sychimum,
1276 882 1423 921 relicta
1457 882 1511 920 ad
1544 881 1711 921 laeuam

112 936 285 976 Colonia
314 936 560 988 Agrippina.
620 937 683 976 Eo
715 937 783 976 die
812 936 942 975 ieiuni
971 936 1156 976 sedimus
1186 936 1231 975 in
1261 937 1380 988 equis
1410 941 1526 975 totas
1556 949 1711 975 nouem

112 991 249 1038 horas,
275 991 469 1042 gnauiter
492 991 661 1030 interim
686 992 941 1042 equitantes,
967 990 1084 1042 quod
1106 995 1298 1030 extrema
1322 991 1393 1029 via
1416 991 1579 1042 longior
1602 995 1713 1030 esset

112 1046 321 1096 opinione,
344 1058 579 1097 parumque
600 1050 698 1084 tuta
719 1045 774 1084 ob
795 1046 1006 1084 montium
1028 1058 1076 1084 ac
1098 1045 1268 1084 collium
1288 1044 1436 1084 flexus.

166 1099 374 1139 Postridie
392 1101 585 1139 venimus
603 1099 926 1147 Confluentiam,
946 1100 1050 1139 hora
1066 1099 1198 1138 ferme
1215 1099 1392 1139 decima.
1440 1099 1580 1147 Quum
1598 1099 1711 1138 illinc

111 1166 281 1205 quoque
303 1155 499 1205 gestirem
524 1154 638 1193 abire
661 1155 832 1200 tacitus,
856 1154 996 1193 nescio
1019 1167 1104 1205 quo
1129 1167 1228 1193 casu
1251 1154 1422 1193 resciuit
1444 1154 1623 1193 eximius
1646 1154 1712 1192 vir

110 1207 329 1255 Matthias,
362 1209 450 1247 eius
481 1209 598 1247 vrbis
629 1208 840 1255 Officialis,
873 1208 999 1247 homo
1030 1213 1149 1247 totus
1181 1208 1302 1247 bonis
1331 1208 1448 1246 libris
1479 1221 1528 1247 ac
1558 1208 1711 1246 virtuti

111 1261 293 1301 deditus.
352 1262 394 1300 Is
426 1262 557 1313 (quod
585 1262 674 1301 fore
704 1262 959 1311 diuinaram)
989 1275 1066 1301 nos
1096 1262 1286 1302 volentes
1315 1262 1506 1301 nolentes
1535 1261 1711 1301 domum

111 1317 332 1367 pertrahit,
358 1316 578 1355 confluunt
601 1316 778 1355 sodales.
831 1316 921 1355 Illic
945 1317 1130 1367 primum
1153 1321 1198 1355 et
1220 1316 1349 1355 didici
1372 1321 1416 1355 et
1439 1317 1712 1355 vehementer

111 1383 204 1409 sum
225 1370 472 1417 admiratus,
492 1371 538 1410 in
557 1370 783 1410 Germania
800 1370 929 1409 fuisse
948 1371 1022 1421 qui
1041 1371 1145 1409 mihi
1174 1371 1313 1409 nescio
1333 1371 1437 1422 quid
1456 1375 1708 1409 metuerent.

110 1424 192 1464 Sed
215 1424 326 1464 hunc
361 1427 516 1464 πανικὸν
545 1426 708 1474 θόρυβον
742 1424 882 1463 ridens
919 1426 1049 1463 etiam
1081 1425 1162 1463 illis
1185 1424 1336 1464 ademi.
1399 1424 1645 1463 Narrabant
1667 1429 1711 1463 et

111 1479 369 1530 Episcopum
394 1479 477 1518 mei
501 1478 779 1518 conueniendi
803 1478 1008 1518 desiderio
1032 1479 1323 1518 teneri—nam
1352 1483 1397 1518 et
1425 1479 1623 1518 Coloniae
1643 1492 1711 1518 me

110 1538 286 1572 vocarat
300 1533 355 1572 ad
369 1533 609 1585 prandium,
625 1533 698 1573 sed
713 1534 913 1572 excusaui
928 1533 1091 1572 coelum
1105 1533 1306 1584 pestilens
1321 1537 1364 1572 et
1377 1533 1709 1580 incommodum,

110 1588 309 1626 nimirum
327 1589 444 1639 prius
461 1588 622 1627 habens
641 1587 855 1627 consulere
873 1587 1111 1627 valetudini
1128 1601 1258 1639 quam
1277 1588 1454 1639 obsequi
1471 1588 1710 1639 principum

110 1641 325 1681 voluntati
344 1655 352 1682 ε
386 1655 533 1681 verum
550 1643 584 1681 is
601 1647 695 1682 tum
713 1642 874 1681 aberat.
919 1642 1062 1689 Porro,
1081 1643 1284 1693 quoniam
1301 1642 1500 1681 videbam
1518 1642 1621 1681 mihi
1637 1655 1712 1693 per

110 1697 266 1735 amicos
286 1696 540 1736 salutatores
557 1710 644 1736 non
662 1697 913 1748 permissum
931 1697 981 1735 iri
1000 1701 1050 1735 vt
1069 1710 1117 1736 eo
1137 1696 1204 1736 die
1224 1710 1290 1735 me
1309 1697 1421 1735 illinc
1441 1696 1710 1747 explicarem,

109 1764 162 1789 ne
180 1754 299 1790 totus
318 1752 406 1790 sine
424 1751 535 1790 linea
553 1752 708 1802 periret
727 1751 829 1798 dies,
850 1764 875 1790 a
893 1751 1072 1802 prandio
1091 1751 1327 1802 complures
1345 1751 1546 1802 epistolas
1565 1751 1712 1801 scripsi

110 1805 286 1844 diuersis
303 1806 461 1852 amicis,
480 1818 555 1857 per
571 1806 923 1845 humanissimum
940 1806 1080 1844 virum
1098 1805 1293 1844 Carolum
1311 1805 1533 1852 Harstum,
1552 1805 1626 1856 qui
1643 1817 1711 1844 me

110 1859 235 1898 officii
254 1860 391 1910 gratia
409 1859 550 1898 fuerat
569 1873 617 1899 eo
639 1860 880 1898 comitatus.

164 1913 286 1953 Prius
301 1927 431 1965 quam
447 1914 712 1965 Moguntiam
728 1914 1005 1964 peruenirem,
1022 1914 1067 1952 in
1081 1914 1231 1952 itinere
1247 1914 1426 1965 cognoui
1443 1913 1495 1952 R.
1514 1913 1566 1952 D.
1586 1913 1709 1953 Card.

110 1967 408 2019 Moguntinum
453 1968 599 2008 abesse
618 1981 626 2007 :
687 1969 833 2018 itaque
877 1968 1013 2006 solum
1058 1967 1308 2019 Capitonem
1353 1967 1408 2006 ad
1452 1967 1709 2018 colloquium

109 2023 299 2061 euocaui.
347 2022 481 2062 Simul
500 2027 630 2073 atque
650 2036 749 2062 vero
769 2027 813 2061 et
832 2022 944 2062 hunc
963 2022 1110 2062 abesse
1128 2023 1320 2074 cognoui,
1342 2023 1536 2073 accingor
1554 2022 1708 2061 itineri.

110 2075 296 2116 Comites
316 2090 338 2115 e
359 2077 445 2115 suis
466 2076 635 2116 famulis
657 2081 844 2115 armatos
865 2077 1023 2116 obtulit
1043 2077 1222 2116 eximius
1243 2077 1408 2116 iuuenis
1428 2076 1711 2127 Marquardus

111 2130 166 2169 ab
189 2130 431 2178 Hatsteino,
455 2132 681 2170 canonicus
703 2131 900 2170 ecclesiae
921 2131 1196 2182 Moguntinae
1216 2144 1225 2178 ;
1264 2131 1338 2182 qui
1360 2143 1494 2182 nuper
1516 2135 1710 2170 mortuus

110 2188 188 2231 est,
206 2184 332 2236 longa
349 2185 506 2236 alioqui
523 2186 614 2225 vita
631 2185 912 2237 dignissimus.
959 2185 1011 2224 Id
1027 2198 1161 2236 quum
1177 2198 1426 2232 recusarem,
1446 2185 1562 2236 quod
1579 2198 1629 2224 ea
1645 2198 1710 2224 res

110 2238 353 2290 frequenter
372 2240 501 2278 etiam
521 2240 679 2279 inuitat
698 2240 943 2291 praedoneS‚
965 2253 1143 2291 puerum
1163 2253 1287 2279 suum
1308 2241 1507 2279 comitem
1527 2239 1708 2279 addidit.

166 2293 455 2341 Vuormaciae,
487 2293 589 2333 dum
619 2294 852 2334 adornatur
880 2294 1120 2345 prandium,
1152 2294 1447 2334 Hermannum
1477 2293 1708 2333 Buschium

111 2359 388 2436 wlffiholgeneris
404 2360 462 2400 qui
482 2370 512 2391 α.
669 2362 741 2392 161.
767 2359 821 2391 H:
844 2359 965 2401 aequis
982 2373 1012 2392 α.
1150 2362 1222 2393 180.
1247 2372 1267 2390 α
1280 2360 1329 2392 N²
1343 2359 1426 2392 LB:
1462 2358 1707 2401 Maguntinum

160 2495 230 2526 152.
255 2484 404 2523 itineris]
419 2484 481 2517 See
500 2485 564 2526 Ep.
586 2494 666 2525 1242
684 2484 812 2516 introd.

159 2531 230 2570 156.
255 2527 474 2567 sodalitates]
491 2528 541 2560 Cf.
558 2528 592 2560 ll.
607 2537 685 2567 210,
702 2529 776 2563 216,
795 2537 871 2567 429.

159 2574 230 2614 158.
256 2571 464 2611 salutamur]
481 2571 549 2604 For
561 2571 735 2603 Erasmus'
750 2571 873 2603 dislike

113 2615 148 2646 of
164 2614 249 2646 such
265 2614 470 2646 formalities
486 2614 528 2646 cf.
548 2615 638 2656 Epp.
659 2623 731 2656 545.
755 2623 872 2655 15—17,

112 2667 187 2701 700.
210 2669 243 2698 4,
270 2667 364 2699 1512,
390 2661 494 2697 161o;
524 2658 594 2689 and
615 2658 650 2689 ll.
672 2661 770 2700 65-6,
797 2669 869 2700 175.

108 2710 185 2740 424,
201 2702 277 2732 668.

160 2748 230 2778 166.
257 2743 440 2784 Matthias]
463 2744 497 2776 of
520 2744 711 2786 Saarburg:
735 2754 789 2775 sce
809 2744 871 2785 Ep.

113 2790 187 2829 867.
208 2790 284 2829 5811.

160 2835 230 2872 169.
257 2832 467 2871 metuerent]
482 2830 525 2863 In
542 2832 640 2869 view,
657 2830 818 2872 perhaps,
834 2830 870 2861 of

113 2875 165 2907 his
215 2876 409 2907 connexion
454 2874 539 2906 with
585 2874 755 2906 Reuchlin
801 2874 871 2905 and

112 2918 260 2951 Luther:
285 2919 329 2951 cf.
346 2918 435 2960 Epp.
454 2921 547 2951 1006.
566 2929 662 2960 153n,
682 2928 774 2959 1155.
796 2919 870 2950 1811.

158 2973 229 3005 171.
257 2960 483 3003 Episcopum]
500 2961 653 2993 Richard
670 2961 704 2992 of
721 2960 871 2993 Greifen-

113 3004 206 3043 klau,
231 3005 319 3047 Abp.
346 3005 381 3037 of
404 3004 530 3037 Treves
564 3015 602 3046 14
634 3004 714 3046 May
747 3014 873 3045 1511—

947 2487 965 2520 ’ἱ-
982 2494 1020 2525 13
1043 2484 1160 2517 March
1187 2494 1279 2526 1531.
1328 2484 1395 2516 For
1420 2483 1478 2516 the
1500 2494 1561 2515 use
1585 2483 1621 2514 of
1647 2483 1706 2516 the

947 2528 1050 2560 lesser
1066 2528 1144 2559 title
1161 2528 1204 2560 cf.
1225 2529 1288 2569 Ep.
1307 2530 1381 2567 388.
1402 2530 1477 2568 58n.

1031 2572 1210 2612 Coloniae]
1232 2571 1274 2603 In
1299 2571 1389 2603 Nov.
1418 2581 1522 2613 1520;
1555 2581 1612 2603 see
1638 2570 1703 2612 Ep.

944 2626 1026 2657 1155
1042 2615 1171 2647 introd.

989 2662 1059 2691 1-6.
1087 2659 1159 2689 sine
1177 2656 1283 2697 linea]
1303 2657 1352 2689 Cf.
1372 2657 1477 2697 Adaq.
1497 2666 1581 2697 312;
1606 2660 1707 2699 quot-

942 2702 1001 2743 ing
1012 2680 1102 2733 inin.
1117 2701 1163 2732 Il.
1181 2701 1225 2733 N.
1241 2710 1292 2741 35.
1308 2703 1360 2740 84.

989 2756 1060 2787 177.
1088 2744 1272 2782 Harstum]
1289 2743 1350 2776 See
1368 2744 1431 2785 Ep.
1454 2753 1546 2784 1215.

988 2790 1059 2821 180.
1086 2787 1220 2826 abesse]
1233 2787 1324 2819 Both
1337 2787 1491 2828 theAbp.
1503 2787 1573 2819 and
1584 2787 1709 2828 Capito

942 2841 1030 2863 were
1052 2834 1091 2862 at
1112 2830 1214 2862 Halle
1240 2831 1275 2862 in
1300 2831 1388 2862 Nov.
1417 2839 1494 2871 1521
1515 2843 1522 2862 :
1568 2830 1610 2862 ef.
1638 2831 1703 2872 Ep.

947 2884 1023 2914 1241
1044 2874 1171 2905 introd.
1190 2874 1259 2905 and
1277 2874 1357 2905 LE2.
1373 2884 1451 2915 474,
1466 2883 1542 2916 475.

989 2920 1060 2950 182.
1087 2916 1331 2959 Marquardus]
1349 2916 1411 2950 See
1430 2918 1494 2959 Ep.
1517 2926 1610 2957 1109.
1626 2927 1702 2956 29n.

988 2962 1059 2999 183.
1085 2962 1209 3002 nuper]
1230 2969 1265 3000 13
1284 2961 1377 2993 June
1398 2970 1494 3001 1522.

989 3006 1058 3038 186.
1090 3003 1293 3044 Buschium]
1309 3004 1370 3037 See
1387 3005 1451 3047 Ep.
1470 3007 1544 3045 830.

1735 355 1795 388 150

1734 625 1793 658 Ῑ55

1733 890 1797 920 160

1733 1161 1791 1201 165

1732 1439 1794 1472 170

1730 1710 1790 1743 175

1730 1973 1794 2005 180

1730 2246 1787 2286 185
