2012 3370
128 114 249 164 1342]
595 109 667 149 TO
697 107 926 149 MARCUS
956 108 1250 149 LAURINUS
1639 110 1719 150 209

124 223 325 262 successit
343 220 538 267 calculus,
559 219 663 258 adeo
682 218 860 258 subinde
878 224 1115 259 recurrente
1134 220 1259 267 malo,
1279 223 1329 258 vt
1346 219 1485 258 nullus
1503 223 1613 258 esset
1631 219 1719 258 dies

123 278 228 329 quin
260 280 336 316 aut
368 276 640 326 conciperem,
675 277 751 312 aut
782 274 1048 325 parturirem,
1083 278 1159 313 aut
1190 286 1393 325 parerem,
1427 277 1503 312 aut
1535 286 1560 312 a
1591 277 1719 324 partu

123 331 431 376 decumberem,
452 327 812 380 quemadmodum
831 328 968 367 solent
986 341 1229 379 puerperae.
1277 328 1531 368 Stomachus
1549 327 1718 366 interim

123 386 181 425 sic
200 386 407 437 collapsus
424 388 474 422 vt
489 382 604 421 nullo
621 382 805 421 remedio
822 386 966 433 posset
982 382 1163 422 restitui.
1208 382 1312 421 Mihi
1329 386 1484 422 natura
1500 381 1637 420 letalis
1654 385 1720 420 est
1738 393 1800 428 235

121 440 291 487 inedia;
333 443 377 478 et
403 437 550 477 calculi
575 437 713 483 nixuS,
741 437 814 486 qui
840 449 964 488 saepe
990 437 1168 476 biduum
1195 436 1422 483 durabant,
1450 435 1555 475 nihil
1580 436 1719 474 minus

123 495 347 546 patiuntur
378 505 507 543 quam
540 491 694 530 cibum.
756 490 911 541 Itaque
942 504 1075 542 quum
1107 491 1226 530 dolor
1258 494 1368 530 esset
1399 491 1550 542 quauis
1583 494 1720 529 morte

123 549 302 600 grauior,
326 551 472 586 tamen
491 558 578 584 non
600 545 738 583 minus
760 549 853 583 erat
875 558 900 583 a
922 545 1141 584 stomacho
1165 544 1348 596 collapso
1371 544 1556 595 periculi.
1610 544 1720 591 Quid

124 602 268 642 multis
285 605 300 641 ⁶?
322 604 494 640 tantum
506 599 573 638 hic
587 602 679 638 erat
693 598 950 638 calamitatis
962 602 1013 638 vt
1027 599 1095 638 vel
1110 599 1286 639 Nicolao
1299 599 1577 638 Ecmondano
1591 598 1720 637 fuerit

123 657 226 696 satis
246 656 452 695 intusum.
1738 665 1805 698 240

178 711 237 749 At
265 710 435 749 interim
464 708 648 758 corporis
676 707 914 759 quamlibet
942 707 1105 758 magnis
1134 706 1257 746 malis
1285 720 1371 745 non
1401 707 1526 745 cessit
1554 706 1720 745 animus

123 764 342 804 infractus.
382 763 555 802 Praeter
570 762 652 800 alia
668 761 805 800 multa
820 761 984 800 absolui
998 761 1310 800 Annotationes
1325 761 1369 799 in
1389 761 1561 800 Nouum
1573 760 1720 799 Testa-

123 823 329 858 mentum.
359 817 588 868 Aggressus
612 829 706 854 sum
730 820 774 854 et
798 815 962 854 absolui
984 816 1099 854 intra
1122 815 1229 854 duos
1251 815 1383 854 ferme
1406 827 1570 854 menses
1594 814 1720 853 Para-

122 872 310 924 phrasim
333 872 378 910 in
396 871 665 910 Matthaeum
686 883 693 909 :
723 883 818 909 eam
839 870 1080 909 absolutam
1100 870 1227 908 mitto
1257 869 1436 916 Caesari,
1458 873 1638 919 excepta
1657 872 1722 907 est

123 939 276 979 magno
292 926 426 966 totius
442 925 563 964 aulae
577 924 737 963 fauore.
778 924 987 964 Exhibuit
999 937 1094 963 eam
1109 924 1291 963 Ioannes
1305 923 1486 974 Glapion
1497 924 1542 961 in
1555 922 1720 969 sacello,
1741 936 1803 969 245

122 981 416 1032 praesentibus
429 980 593 1030 aliquot
605 978 728 1018 aulae
740 979 1007 1030 primatibus,
1021 979 1133 1018 inter
1145 991 1252 1030 quos
1265 982 1357 1017 erat
1370 978 1423 1016 R.
1438 977 1485 1017 P.
1501 978 1722 1028 episcopus

123 1035 399 1081 Palentinus;
445 1046 626 1085 quorum
657 1033 955 1072 candidissimo
985 1033 1230 1072 testimonio
1260 1046 1378 1071 meae
1408 1032 1723 1071 lucubrationes

123 1090 395 1129 vehementer
423 1088 590 1128 Caesari
617 1087 940 1126 commendatae
968 1091 1082 1126 sunt.
1139 1086 1339 1126 Protinus
1367 1086 1543 1137 agnouit
1571 1085 1723 1125 Caesar

123 1144 363 1190 Erasmum,
394 1143 468 1194 qui
497 1142 715 1194 quondam
745 1142 858 1192 patri
888 1141 1084 1193 Philippo
1114 1142 1370 1193 porrexisset
1400 1140 1721 1191 Panegyricum,

121 1199 202 1250 ipsi
225 1198 388 1249 pridem
410 1197 566 1236 librum
590 1196 653 1235 De
676 1196 871 1247 Principe
894 1196 1132 1235 Christiano
1153 1209 1160 1234 :
1201 1209 1250 1234 ac
1274 1208 1428 1234 munus
1451 1194 1531 1234 sibi
1554 1198 1723 1245 gratum
1744 1207 1809 1240 250

122 1253 263 1299 fuisse,
296 1252 428 1291 literis
459 1252 590 1290 etiam
621 1263 708 1289 non
739 1251 879 1289 minus
911 1254 1105 1289 amanter
1136 1263 1266 1301 quam
1298 1248 1525 1288 honorifice
1557 1248 1726 1299 scriptis

121 1311 307 1346 testatus
337 1309 413 1345 est.
471 1305 635 1344 Testati
664 1308 766 1343 sunt
793 1304 906 1343 idem
934 1304 1067 1343 literis
1096 1305 1181 1343 suis
1210 1303 1514 1342 humanissime
1542 1302 1724 1353 seriptis,

121 1374 255 1412 quum
285 1360 356 1399 alii
386 1359 622 1411 complures
651 1363 746 1398 tum
775 1359 865 1409 ipse
895 1357 1090 1409 Glapion,
1122 1358 1175 1397 N.
1208 1359 1429 1409 episcopus
1459 1356 1737 1403 Palentinusr-

122 1415 382 1455 Mercurinus
397 1413 683 1459 cancellarius,
709 1412 912 1464 Georgius
927 1412 1149 1459 Haloinus‚
1167 1412 1220 1451 R.
1246 1412 1292 1451 P.
1318 1411 1500 1451 Ioannes
1522 1409 1722 1450 Carondi-

121 1470 245 1517 letus,
279 1468 620 1520 archiepiscopus
654 1467 996 1513 Panormitanus‚
1028 1466 1241 1506 Antonius
1271 1465 1456 1506 Suketus
1484 1466 1596 1504 inter
1625 1477 1721 1503 con·
1744 1478 1806 1511 255

123 1525 298 1563 siliarios
318 1523 563 1562 autoritatis
582 1523 847 1573 praecipuae,
868 1521 1183 1560 Maximilianus
1202 1522 1313 1560 inter
1333 1520 1579 1560 secretarios
1598 1519 1725 1570 primi

123 1579 317 1618 nominis.
374 1577 515 1625 Quum
540 1576 751 1628 plerisque
777 1576 999 1627 pensiones
1025 1575 1094 1614 vel
1119 1575 1409 1615 adimerentur
1434 1574 1503 1613 vel
1529 1574 1721 1613 decurta-

122 1636 282 1680 rentur,
313 1632 416 1671 mihi
444 1631 621 1683 polliciti
650 1634 751 1670 sunt
779 1643 918 1669 meam
946 1629 1201 1669 incolumem
1230 1643 1279 1669 ac
1309 1629 1488 1668 solidam
1516 1628 1722 1675 futuram,

122 1687 318 1727 iubentes
339 1690 388 1725 vt
410 1687 570 1725 maiora
591 1686 721 1724 etiam
743 1698 768 1724 a
789 1684 978 1724 Caesaris
999 1684 1263 1735 benignitate
1285 1696 1497 1735 sperarem
1518 1683 1563 1721 in
1583 1685 1722 1733 poste-

123 1754 232 1781 rum.
283 1741 395 1789 Quin
415 1741 504 1792 ipse
526 1739 678 1779 Caesar
698 1739 827 1790 paulo
848 1743 947 1790 post
968 1752 1065 1777 cum
1087 1738 1319 1789 Anglorum
1343 1738 1457 1788 Rege
1479 1737 1724 1776 conuiuium
1745 1741 1813 1773 260

124 1797 304 1848 agitanS,
327 1795 439 1834 vltro
459 1794 561 1833 fecit
580 1793 856 1833 honorificam
877 1794 959 1832 mei
980 1794 1252 1839 ment-ionem,
1276 1793 1379 1832 satis
1400 1791 1618 1830 declarans
1639 1803 1725 1841 quo

125 1854 235 1890 esset
262 1851 307 1889 in
334 1863 401 1889 me
429 1850 585 1888 animo.
643 1848 696 1887 Id
723 1852 839 1887 certo
868 1848 1086 1899 cognitum
1114 1847 1251 1886 habeo
1279 1860 1332 1886 ex
1360 1846 1425 1885 his
1453 1846 1527 1897 qui
1555 1857 1726 1884 mensae

124 1905 339 1944 astabant.

179 1958 274 1999 Scio
301 1959 388 1998 iam
417 1957 579 1997 dudum
607 1956 718 1995 rides
745 1958 1006 2007 θρασωνισμὸν
1030 1968 1185 2002 meum,
1213 1955 1286 1994 sed
1310 1955 1392 1994 huc
1418 1966 1484 1993 me
1510 1952 1724 2004 compellit

125 2013 488 2065 sycophantarum
504 2011 771 2062 impudentia
790 2024 800 2050 z
834 2014 878 2050 et
894 2015 1040 2050 tamen
1058 2010 1279 2061 aliquanto
1296 2011 1436 2048 minus
1452 2021 1577 2047 narro
1595 2019 1725 2058 quam
1747 2014 1809 2053 265

126 2081 192 2106 res
206 2067 350 2114 habet,
367 2070 540 2106 tantum
557 2065 678 2104 abest
694 2069 744 2104 vt
759 2066 989 2116 quicquam
1005 2065 1257 2104 admentiar.
1302 2064 1415 2103 Nam
1430 2076 1506 2102 nec
1522 2067 1567 2101 te
1582 2061 1726 2112 fugere

127 2126 233 2173 puto
256 2134 385 2172 quam
407 2133 493 2159 non
514 2121 594 2158 sim
616 2119 858 2159 huiusmodi
880 2119 1150 2172 gloriolarum
1172 2123 1391 2170 appetens.
1442 2117 1600 2157 Verum
1621 2115 1726 2154 illud

126 2177 297 2215 interim
323 2175 637 2215 calumniantur
662 2174 778 2224 quod
802 2178 895 2213 tam
921 2174 993 2213 diu
1020 2174 1225 2213 haeserim
1252 2172 1456 2219 Basileae‚
1484 2170 1600 2222 quod
1626 2174 1726 2209 ante

126 2230 315 2270 Caesaris
330 2229 494 2268 abitum
512 2242 598 2268 non
613 2228 835 2275 adfuerim,
853 2228 1090 2279 quamlibet
1105 2229 1315 2267 inuitatus
1331 2227 1563 2266 amicorum
1579 2225 1726 2264 literis

128 2284 209 2324 Hic
237 2284 388 2324 vellem
422 2283 631 2334 equidem,
662 2283 928 2322 ornatissime
955 2283 1109 2329 Marce,
1138 2282 1241 2321 mihi
1270 2294 1443 2321 causam
1470 2293 1559 2319 esse
1587 2280 1727 2317 minus
1747 2290 1811 2324 ²70

126 2340 283 2379 iustam
300 2351 430 2389 quam
447 2342 524 2377 est.
569 2337 697 2389 Apud
713 2337 933 2377 Caesarem
948 2337 1053 2376 nihil
1069 2337 1288 2387 agebatur,
1306 2336 1386 2375 nisi
1402 2335 1455 2374 de
1470 2334 1643 2373 fortuna
1660 2332 1727 2370 vel

126 2392 462 2433 constabilienda
478 2405 587 2443 quae
603 2393 852 2443 contigerat,
870 2391 938 2430 vel
954 2391 1148 2442 augenda
1168 2406 1177 2439 ;
1208 2395 1252 2430 et
1268 2403 1345 2441 ego
1361 2391 1445 2429 iam
1461 2393 1586 2440 parta
1602 2386 1727 2438 plane

687 2465 760 2503 263·
786 2473 805 2492 α
820 2462 892 2493 N²z
923 2461 1114 2493 adstabant
1130 2461 1207 2492 NH,

173 2572 247 2603 232.
274 2559 440 2599 calculus]
457 2561 518 2594 See
535 2561 599 2602 Ep.
621 2562 714 2602 1267.
735 2571 812 2594 1on.
966 2560 1029 2600 Ep.
1054 2569 1147 2597 1299.
1169 2559 1245 2600 3811.

173 2608 246 2646 236.
265 2602 396 2643 inedia]
409 2604 459 2636 Cf.
475 2605 565 2646 Epp.
584 2606 657 2643 296.
681 2606 799 2645 17-18,
816 2605 890 2646 867.
1006 2614 1077 2644 253.
1106 2601 1166 2640 N.]
1182 2601 1231 2633 Cf.
1251 2601 1316 2642 Ep.
1337 2608 1430 2640 1127.
1448 2599 1506 2629 tit.
1524 2608 1557 2629 n.

133 2650 273 2690 168—7o‚
296 2656 388 2678 1211.
409 2658 527 2691 150—7.
1005 2658 1078 2688 254.
1106 2642 1334 2682 Mercurinus]
1349 2643 1397 2673 Cf.
1416 2642 1480 2683 Ep.
1502 2649 1592 2681 1299.
1614 2651 1691 2683 3911.

173 2702 246 2733 243.
267 2690 484 2729 duosferme]
495 2690 617 2723 Butef.
629 2690 693 2731 Ep.
708 2692 890 2731 1255.82n.
1052 2687 1238 2726 Haloinus]
1259 2687 1320 2719 See
1341 2686 1403 2726 Ep.
1430 2686 1523 2722 1269.

173 2746 247 2776 245.
276 2733 439 2774 Glapion]
460 2734 521 2766 See
542 2734 605 2775 Ep.
633 2743 725 2775 1275.
1007 2743 1080 2773 255.
1109 2729 1274 2768 Suketus]
1292 2730 1352 2761 See
1370 2730 1434 2770 Ep.
1457 2737 1549 2768 1331.
1571 2738 1646 2768 1511.

173 2789 246 2820 247.
276 2776 494 2816 palentinus]
510 2777 571 2809 See
588 2777 652 2817 Ep.
674 2786 766 2817 1273.
1005 2779 1079 2816 256.
1117 2771 1392 2812 Maximilianus]
1429 2771 1726 2813 Transsyluanus3

172 2832 246 2863 249.
274 2819 540 2861 Panegyricum]
553 2820 614 2852 See
625 2820 715 2861 Epp.
731 2829 804 2860 179,
818 2821 886 2851 180.
959 2829 1016 2850 sec
1033 2819 1098 2859 Ep.
1119 2828 1214 2859 1553.

174 2875 247 2906 250.
276 2864 327 2895 1)6
343 2863 517 2905 Principe]
533 2863 595 2896 See
611 2863 675 2905 Ep.
693 2872 766 2903 393.
1008 2865 1079 2894 260.
1108 2859 1246 2898 Caesar]
1263 2859 1312 2891 Of.
1333 2859 1397 2900 Ep.
1422 2868 1514 2899 1302.
1534 2869 1631 2900 55-7.

174 2919 248 2949 251.
274 2906 400 2945 literis]
419 2907 483 2948 Ep.
508 2916 601 2948 1270.
1006 2909 1080 2945 269.
1105 2915 1174 2936 non
1184 2901 1371 2941 adfuerim]
1384 2902 1451 2933 For
1462 2902 1515 2933 his
1526 2906 1727 2942 attemptto

174 2962 249 2992 252.
266 2949 390 2989 literis]
402 2950 502 2983 Some
514 2950 548 2982 of
557 2950 653 2981 these
662 2959 747 2981 were
755 2948 891 2981 clicitcd
965 2952 1081 2979 return
1093 2948 1129 2979 in
1141 2947 1239 2989 April
1254 2956 1333 2987 1522
1350 2956 1404 2978 sec
1419 2946 1483 2987 Ep.
1504 2955 1585 2986 1273
1598 2944 1725 2977 introd.

130 2994 219 3026 later
249 2993 296 3035 by
322 2994 411 3036 Epp.
448 3003 544 3036 1275,
581 3003 675 3035 1273,
704 2996 809 3035 1270:
848 2993 890 3024 cf.
1052 2990 1239 3030 inuitatus]
1257 2990 1307 3023 Cf.
1330 2990 1394 3031 Ep.
1418 2990 1512 3029 1269.
1534 2997 1651 3023 10-12.

186 3065 284 3098 452·5
918 3059 946 3090 P
