2012 3370
156 124 276 174 1347]
611 122 683 162 To
713 121 965 162 Jonoous
997 120 1287 161 GAVERIUS
1669 121 1743 158 241

151 246 275 272 suum
305 233 424 281 obiit,
454 233 606 279 virum,
637 235 687 270 vt
715 231 843 277 nosti,
874 231 1069 269 habitum
1090 234 1133 269 et
1152 231 1270 281 pium
1297 234 1341 268 et
1360 230 1584 280 integrum,
1613 242 1745 280 quum

151 288 327 327 sentiret
353 286 646 339 corpusculum
673 286 839 337 grauari
868 285 1128 331 lassitudine,
1157 284 1269 323 vnde
1296 284 1546 323 conjiciebat
1565 287 1746 322 mortem

152 346 407 389 secuturam,
429 341 600 381 solitum
619 340 730 378 inter
749 353 846 378 suos
867 339 1015 385 dicere,
1041 339 1050 354 ⁶
1068 339 1243 378 Vtinam
1263 338 1392 385 Deus,
1414 338 1487 376 vbi
1507 338 1646 376 visum
1666 338 1747 388 ipsi

149 395 291 442 fuerit,
315 396 412 435 hinc
434 409 500 435 me
522 394 664 434 subito
686 393 824 440 tollat,
847 407 900 432 ne
922 393 1069 432 morbo
1093 393 1258 432 diutino
1281 393 1420 443 grauis
1442 393 1521 431 sim
1542 392 1747 430 fratribus

151 450 253 488 meis
274 450 281 488 !
303 449 312 465 '
360 450 477 489 Adeo
497 449 563 487 vir
582 448 717 487 bonus
737 461 823 486 non
843 447 938 486 vult
958 448 1156 498 cuiquam
1176 448 1219 485 in
1240 448 1332 485 vita
1352 446 1554 485 molestus
1575 459 1676 492 esse,
1698 450 1748 485 vt

150 516 203 542 ne
228 508 364 543 morte
390 503 560 555 quidem
587 515 663 541 sua
688 502 792 541 velit
811 501 944 540 Vllum
970 502 1149 552 grauari.
1206 501 1329 548 Quod
1355 505 1528 552 optarat
1554 501 1745 552 contigit.

152 557 215 596 Eo
246 558 314 597 die
343 571 427 609 quo
458 557 684 596 defunctus
714 560 791 601 est,
824 556 888 594 bis
918 555 1059 594 fuerat
1090 556 1376 601 concionatus,
1409 559 1628 606 peregerat
1657 568 1745 594 rem

150 611 353 659 diuinam,
388 611 640 650 interfuerat
669 610 831 649 solenni
860 610 1068 660 liturgiae.
1128 609 1422 648 Accumbebat
1458 610 1503 647 in
1536 609 1744 659 prandi03

150 666 229 704 sub
256 665 383 705 finem
410 665 577 717 prandii
604 665 730 716 petiit
758 663 943 703 abeundi
970 664 1152 709 veniam,
1183 663 1325 702 dicens
1353 676 1396 701 se
1424 664 1578 701 sentire
1595 664 1745 702 nescio

148 720 252 770 quid
274 733 467 759 nauseae.
519 719 638 758 Abiit
661 718 772 757 solus
794 719 839 757 in
861 717 1068 764 cellulam,
1093 717 1277 756 creditus
1301 721 1365 755 est
1387 718 1611 767 quiescere.
1664 717 1746 756 Vbi

149 774 222 813 diu
242 788 328 813 non
347 774 548 825 prodiret,
564 773 738 824 ingressi
757 774 858 811 sunt
878 772 1043 817 fratres,
1066 776 1109 810 et
1129 776 1405 822 reppererunt
1424 772 1469 809 in
1488 771 1597 810 lecto
1618 772 1745 810 vesti-

148 832 243 867 tum
263 841 312 866 ac
339 832 570 874 mortuum,
601 826 674 866 sed
701 826 931 866 dormienti
952 826 1145 864 similem.
1207 825 1310 872 Quis
1331 838 1425 864 eam
1446 829 1629 864 mortem
1659 839 1746 864 non

146 882 353 922 iudicaret
374 882 601 921 feliciorem
623 895 753 933 quam
774 881 934 920 lentam
958 881 1292 932 aegrotationem
1309 882 1324 917 ⁶?

204 936 212 951 ⁶
232 936 314 976 Sed
326 936 484 975 absunt
496 936 769 983 ceremoniae,
787 949 900 986 aqua
916 948 1048 982 sacra,
1067 947 1236 973 caereus
1253 947 1381 981 sacer,
1397 934 1562 980 crisma,
1580 934 1746 985 signum

148 991 294 1037 crucis,
316 991 445 1030 turba
466 990 796 1030 acclamantium
817 993 893 1028 aut
913 990 1043 1028 etiam
1065 988 1345 1028 eiulantium.'
1395 988 1494 1027 Non
1518 988 1656 1027 dicam
1678 988 1745 1027 hic

149 1044 265 1095 quod
285 1045 390 1084 haec
412 1045 640 1096 aliquoties
666 1044 773 1083 nihil
797 1043 914 1083 aliud
935 1056 1066 1094 quam
1086 1043 1238 1082 mortis
1258 1043 1502 1081 molestiam
1524 1042 1743 1093 condupli-

145 1103 275 1145 cant;
315 1099 421 1138 illud
444 1103 616 1139 tantum
641 1098 917 1150 respondeb0‚
944 1097 1060 1149 quod
1084 1098 1142 1136 sic
1168 1098 1413 1148 baptizatus
1438 1101 1503 1136 est
1528 1097 1746 1136 eunuchus

146 1152 214 1192 ille
240 1153 454 1192 Candaces
482 1153 663 1204 reginae.
717 1153 805 1192 Nec
835 1152 958 1191 aliter
987 1152 1169 1190 arbitror
1199 1152 1440 1202 baptizatos
1469 1164 1575 1201 quos
1605 1151 1743 1202 bapti-

146 1208 263 1246 zauit
282 1207 512 1258 Apostolus
532 1207 702 1246 Paulus.
758 1207 873 1246 Num
893 1206 988 1245 ideo
1008 1211 1152 1245 noster
1178 1206 1416 1256 baptismus
1443 1205 1614 1252 felicior,
1644 1206 1745 1256 quia

146 1265 214 1300 tot
250 1262 494 1300 ceremoniis
530 1262 746 1313 peragitur
766 1264 782 1299 ἵ)
846 1261 1046 1299 Miserum
1083 1264 1160 1306 est,
1198 1261 1411 1310 inquiunt,
1450 1260 1556 1298 mori
1593 1259 1743 1298 solum.

145 1315 278 1366 Atqui
298 1316 495 1355 morienti
515 1315 669 1354 sufficit
689 1328 797 1354 vnus
818 1315 1003 1366 angelus,
1025 1315 1099 1365 qui
1120 1314 1351 1353 animulam
1372 1314 1560 1364 elapsam
1581 1313 1745 1352 deferat

144 1370 188 1408 in
223 1369 398 1408 coelum.
462 1369 632 1408 Adsunt
666 1382 974 1419 nonnunquam
1008 1369 1083 1419 qui
1117 1368 1268 1407 solatio
1303 1368 1390 1406 sint
1423 1368 1633 1414 morienti,
1671 1368 1744 1406 sed

144 1423 407 1474 frequentius
438 1423 596 1462 adsunt
632 1424 706 1474 qui
744 1423 931 1462 dolorem
962 1422 1126 1461 addant
1156 1426 1200 1461 et
1230 1421 1592 1473 desperationem:
1637 1434 1745 1460 vxor

145 1490 324 1525 morosa,
356 1477 476 1517 liberi
505 1477 809 1524 inobedientes,
843 1477 1007 1516 sodales
1038 1477 1167 1524 aleae,
1199 1476 1475 1516 temulentiae
1507 1489 1554 1515 ac
1587 1480 1743 1515 scorta-

144 1532 324 1579 tionum,
347 1532 595 1579 eoncubina,
617 1532 812 1571 inimicus
833 1532 907 1582 qui
926 1531 1035 1570 lesit.

199 1586 324 1625 Nosti
366 1591 605 1626 senatorem
645 1587 765 1625 illum
807 1586 1163 1632 Mechliniensem,
1207 1584 1394 1624 sodalem
1437 1589 1481 1624 et
1523 1585 1743 1636 aequalem
1788 1598 1802 1628 J

144 1640 328 1692 Bogardi
350 1641 502 1680 medici
522 1655 530 1688 3
569 1654 669 1680 nam
692 1645 870 1691 vterque
893 1641 1003 1679 vixit
1025 1653 1158 1691 vsque
1181 1639 1237 1679 ad
1259 1639 1518 1690 decrepitam
1542 1644 1742 1679 aetatem.

143 1693 385 1734 Gronsellus
405 1699 549 1734 autem
571 1695 640 1734 ille
660 1695 889 1746 superabat
909 1695 1039 1734 etiam
1063 1694 1227 1745 aliquot
1251 1695 1385 1741 annis,
1407 1698 1457 1733 vt
1480 1707 1532 1732 ex
1555 1695 1743 1744 ipsorum

144 1749 352 1801 colloquio
383 1749 524 1789 didici.
582 1749 722 1789 Huius
751 1750 936 1800 hospitio
966 1762 1060 1788 sum
1089 1761 1191 1788 vsus
1220 1748 1449 1799 aliquando
1479 1748 1742 1789 Mechliniae.

190 1839 262 1870 105.
288 1827 381 1858 nosti
398 1839 441 1858 cz:
473 1827 538 1858 scis
555 1830 589 1863 β.
714 1832 784 1861 106.
812 1830 961 1858 mortem
983 1829 1182 1858 secuturam
1201 1838 1243 1858 a:
1269 1825 1429 1858 morbum
1453 1829 1683 1867 sequuturum
1708 1829 1740 1861 β.

145 1874 215 1905 108.
242 1870 382 1903 diutino
397 1870 519 1902 morbo
531 1873 564 1906 β.
631 1874 701 1905 118.
728 1871 853 1902 crisma
869 1882 933 1903 om.
952 1873 985 1905 β.
1058 1882 1128 1913 123.
1156 1869 1344 1911 Apostolus
1361 1880 1423 1901 om.
1444 1873 1477 1904 β.
1550 1881 1620 1913 127.
1648 1873 1684 1900 et
1702 1882 1741 1901 a:

143 1924 183 1945 ac
200 1917 234 1948 β.
329 1918 400 1948 128.
428 1924 468 1946 ae
485 1915 560 1947 add.
580 1918 613 1950 β.
710 1927 779 1957 131.
808 1913 957 1955 Bogardi
975 1917 997 1949 β
1014 1926 1020 1945 :
1052 1913 1193 1946 bocardi
1211 1926 1241 1944 (ι.
1339 1925 1409 1955 132.
1436 1916 1480 1948 B:
1507 1912 1693 1944 Gronselus
1711 1927 1741 1944 α.

147 1970 217 2000 133.
244 1957 450 1999 aliquandiu
470 1960 503 1992 β.

139 2062 296 2103 sanctity
319 2062 354 2093 of
376 2062 429 2093 his
451 2061 510 2093 life
534 2062 711 2100 Erasmus,
735 2062 812 2094 who
835 2073 905 2094 saw
972 2061 1100 2103 schrift,
1127 2063 1239 2101 Bonn,
1262 2063 1286 2100 i,
1316 2065 1423 2103 18753
1462 2062 1504 2094 R.
1533 2062 1682 2101 Ernsing
1708 2063 1742 2093 in

139 2105 212 2136 him
230 2109 268 2136 at
287 2106 419 2146 Bergen
437 2116 464 2137 0.
489 2115 615 2145 Ι493-4
635 2108 704 2146 (see
722 2106 812 2147 App.
834 2115 848 2147 5
870 2107 906 2137 in
974 2106 1063 2137 Uist.
1111 2106 1294 2144 Jahrbuch,
1339 2106 1493 2144 Munich,
1539 2106 1597 2142 xii,
1648 2108 1741 2143 1801.

141 2148 208 2180 vol.
233 2149 271 2189 i),
294 2149 390 2190 gives
413 2159 434 2180 a
457 2149 554 2180 vivid
577 2150 711 2190 picture
734 2150 769 2180 in
794 2150 904 2181 Lond.
973 2160 1031 2191 pp.
1059 2151 1190 2190 56-68;
1229 2149 1476 2186 Hamelmann‚
1501 2150 1611 2181 Illust.
1643 2148 1740 2180 1176ςί-

141 2192 247 2223 xxvii.
272 2201 301 2233 5,
324 2192 393 2224 LB.
419 2202 511 2232 1230.
557 2192 646 2233 Abp.
670 2192 849 2224 Hermann
871 2193 905 2224 of
972 2193 1109 2233 plzaliae
1153 2193 1230 2230 viri,
1269 2193 1324 2224 ed.
1371 2193 1414 2224 K.
1461 2193 1596 2229 Loffler,
1646 2195 1739 2227 1008.

140 2234 289 2275 Cologne
317 2235 387 2267 had
415 2246 436 2266 a
463 2238 561 2276 great
589 2236 710 2276 regard
739 2236 792 2267 fer
820 2236 903 2273 him,
974 2248 1005 2278 p.
1030 2238 1117 2274 1611;
1148 2236 1218 2268 and
1235 2236 1342 2268 ADB.
1360 2238 1405 2267 iv.
1427 2238 1545 2276 386-8.

139 2278 210 2310 and
229 2279 266 2310 in
291 2288 374 2319 1497
395 2279 588 2320 persuaded
610 2279 682 2310 him
705 2283 742 2311 to
764 2279 904 2311 become
1023 2289 1094 2310 121.
1121 2280 1187 2319 siel
1205 2290 1248 2310 sc.
1265 2280 1340 2311 sine
1357 2279 1571 2311 ceremoniis.

139 2321 318 2354 Guardian
331 2322 367 2353 of
379 2322 438 2353 the
452 2322 658 2354 Franciscan
673 2323 779 2354 house
792 2323 905 2364 newly
1020 2334 1090 2365 131.
1119 2323 1285 2362 Rogardi]
1308 2324 1355 2355 Cf.
1384 2324 1447 2364 Ep.
1472 2334 1545 2363 032.
1575 2331 1649 2362 5411.

139 2364 293 2397 founded
311 2369 350 2397 at
370 2365 475 2397 Bruhl
493 2378 500 2403 ;
534 2366 672 2397 whence
692 2366 815 2398 Coelde
835 2377 905 2398 was
1019 2377 1090 2408 132.
1118 2366 1331 2405 Gronsellus]
1354 2367 1527 2398 Gerardus
1550 2367 1591 2397 (16
1615 2366 1739 2397 Grons-

140 2408 351 2440 transferred
380 2419 419 2440 as
449 2409 627 2441 Guardian
658 2413 696 2441 to
726 2410 904 2451 Antwerp,
974 2410 1039 2442 selt
1052 2411 1085 2450 (†
1098 2421 1116 2451 7
1129 2410 1208 2441 Feb.
1228 2413 1336 2451 1514).
1352 2410 1518 2449 belonged
1532 2414 1568 2441 to
1582 2418 1601 2438 a
1619 2409 1742 2450 family

141 2455 178 2483 to
192 2452 390 2483 Bodenthal
402 2462 486 2484 near
503 2452 658 2484 Brussels
671 2453 706 2484 in
724 2462 818 2494 1503,
834 2454 903 2485 and
974 2454 1084 2485 which
1109 2453 1258 2495 perhaps
1284 2454 1478 2493 originnted
1502 2453 1590 2484 from
1614 2454 1740 2483 (110113-

139 2496 174 2527 in
202 2497 285 2536 1506
310 2499 347 2527 to
371 2495 541 2533 Louvain,
566 2496 677 2527 where
702 2497 743 2527 he
767 2496 858 2528 died.
973 2497 1036 2528 felt
1053 2508 1090 2528 or
1106 2497 1312 2534 Gronsveld,
1329 2507 1354 2528 s.
1376 2497 1411 2527 of
1427 2497 1644 2528 Maastrieht.
1678 2496 1741 2527 His

184 2538 903 2579 T1·ithemius‚whoknewhimat(⁴010gn0.
972 2540 1157 2580 father('?)‚
1189 2542 1244 2571 Jo.
1279 2540 1320 2571 dc
1353 2540 1532 2572 Gronsselt
1560 2542 1625 2579 (†o
1649 2540 1740 2570 June

141 2581 314 2614 mentions
351 2592 446 2613 some
489 2582 646 2623 writings
683 2582 819 2621 (Trith1.
861 2584 901 2615 1⁰.
977 2586 1086 2623 1463),
1101 2594 1170 2615 was
1183 2594 1203 2614 a
1216 2584 1353 2615 famous
1366 2583 1494 2623 lawyer
1506 2588 1543 2614 at
1557 2583 1715 2615 Louvain
1731 2595 1739 2615 ε

141 2627 181 2656 u‘
204 2629 256 2662 νο,
278 2625 400 2656 Trith2.
426 2625 447 2657 f.
473 2627 552 2666 67);
593 2626 652 2657 the
678 2626 752 2657 best
778 2626 904 2657 known
973 2627 1043 2658 and
1062 2627 1103 2658 hc
1124 2627 1261 2657 himself
1281 2637 1354 2657 rose
1375 2630 1412 2657 to
1433 2626 1473 2657 be
1493 2637 1513 2657 a
1533 2627 1687 2658 member
1706 2627 1741 2657 of

141 2668 176 2699 of
200 2667 311 2699 which
335 2669 364 2699 is
388 2679 409 2699 a
432 2668 530 2699 small
557 2669 649 2700 book
674 2668 708 2699 of
737 2670 904 2700 devotion
973 2670 1032 2701 tho
1056 2670 1197 2701 Coum-il
1223 2670 1257 2701 of
1280 2669 1434 2701 Malines.
1484 2670 1545 2701 See
1570 2670 1644 2702 Val.
1671 2670 1738 2701 An-

138 2712 175 2742 in
212 2711 270 2742 the
307 2711 523 2750 vernacular,
554 2711 831 2751 C'hristenspieqel
868 2723 906 2743 or
974 2714 1073 2744 dreas
1098 2724 1129 2753 p.
1159 2722 1229 2752 170.

142 2753 307 2786 illanuale
337 2753 556 2794 simplicium,
591 2755 666 2786 first
697 2755 836 2796 printed
867 2760 905 2786 at
1019 2756 1194 2787 Erasmus’
1225 2756 1397 2787 residenee
1425 2757 1459 2787 in
1488 2756 1541 2787 his
1568 2757 1675 2788 house
1703 2761 1741 2788 at

141 2797 301 2839 Cologne,
315 2797 464 2838 perhaps
482 2797 597 2829 before
617 2807 711 2839 1477,
726 2799 795 2829 and
812 2799 902 2829 four·
974 2799 1117 2830 Malines
1132 2809 1213 2839 may
1226 2799 1397 2840 probably
1411 2799 1451 2829 he
1465 2800 1569 2831 dated
1581 2800 1692 2832 either
1704 2801 1739 2831 in

142 2844 221 2872 teen
250 2841 352 2872 times
380 2840 468 2872 later
495 2841 620 2881 during
651 2841 804 2872 Coelde's
832 2842 903 2873 lifc-
979 2852 1118 2883 1502—3.
1137 2852 1175 2872 or
1191 2843 1226 2873 in
1245 2851 1326 2883 1500
1341 2841 1396 2879 (ef.
1417 2842 1481 2883 Ep.
1500 2847 1562 2876 216
1580 2843 1736 2883 introd.).

141 2885 238 2922 time,
259 2883 323 2916 but
344 2894 422 2916 now
444 2894 528 2925 very
550 2895 624 2916 rare
642 2885 751 2924 (Hain
777 2887 904 2924 14068-
1021 2896 1090 2926 133.
1118 2885 1322 2926 aliquando]
1346 2886 1417 2918 The
1443 2887 1584 2928 reading
1612 2888 1647 2919 of
1681 2887 1739 2918 the

142 2936 196 2967 70,
221 2927 399 2968 Campbell
435 2930 573 2969 1585-0,
600 2927 781 2968 Reichling
810 2931 903 2966 1908.
975 2938 1030 2959 MS.
1051 2929 1079 2959 is
1098 2929 1308 2969 preferable:
1341 2929 1397 2960 for
1415 2930 1511 2961 there
1528 2931 1557 2961 is
1575 2941 1621 2962 no
1640 2930 1739 2962 other

144 2969 288 3002 Proctor
302 2971 336 3002 ii.
361 2973 489 3012 10550).
975 2972 1137 3003 evidence
1168 2976 1205 3003 10
1231 2973 1326 3003 show
1355 2973 1433 3004 that
1463 2973 1627 3005 Erasmus
1659 2984 1741 3005 ever

187 3013 249 3046 See
266 3014 298 3046 J.
321 3014 358 3046 B.
380 3014 552 3046 Nordhoff
567 3015 603 3046 in
622 3014 736 3046 Pick‘s
756 3015 906 3047 Monam-
978 3016 1078 3047 made
1092 3026 1112 3047 a
1126 3016 1204 3057 long
1218 3020 1298 3057 stay
1311 3020 1344 3047 at
1365 3016 1518 3048 Malines.
1548 3018 1600 3048 Hc
1615 3017 1738 3059 passed

197 3083 296 3115 45²·5
922 3083 949 3111 R

1768 241 1824 274 105

1769 512 1830 534 110

1769 784 1825 816 115

1768 1054 1830 1077 120
