2012 3370
230 150 281 187 74
704 152 956 192 LETTERS
989 153 1060 194 or
1095 154 1352 194 ERASMUS
1703 157 1824 205 [1522

284 257 484 298 Gratulor
516 261 595 299 tibi
627 265 717 299 tam
750 262 1020 300 commodum
1052 262 1282 311 inimicum,
1317 265 1435 303 cuius
1466 265 1689 312 industria,
1723 265 1825 305 dum

174 326 208 359 15
229 313 348 364 cupit
367 313 581 362 lacessere,
604 316 767 366 optimo
789 316 940 367 cuique
961 321 1004 356 te
1025 318 1277 368 comprobat
1296 332 1305 365 ;
1342 319 1421 358 hoc
1442 323 1519 366 est,
1542 319 1616 370 qui
1637 320 1692 358 sis
1705 320 1825 359 velut

227 366 271 405 in
290 367 493 407 tabellam
513 369 717 420 depingit,
739 374 950 421 quatenus
971 371 1081 410 oculi
1107 372 1352 424 concipiunt
1381 373 1624 413 mediocres.
1667 373 1825 414 Luthe-

228 434 353 460 ranos
384 423 527 462 hostes
552 424 725 463 minime
750 425 1085 465 contemnendos
1110 427 1308 466 sensisses
1331 427 1577 479 propediem
1602 428 1657 467 ob
1687 428 1825 468 editas

227 475 427 527 epistolas
462 482 505 516 ct
538 476 692 517 librum
728 478 854 530 Regis
884 479 1072 531 Angliae,
1108 494 1194 519 non
1223 481 1467 529 admodum,
1500 483 1565 521 vti
1595 482 1823 529 affirmant,

227 543 252 568 a
283 534 359 569 tua
389 531 531 581 phrasi
562 536 606 571 et
635 533 732 571 stilo
763 533 1051 574 dissidentem.
1111 535 1286 575 Stunica
1315 537 1561 588 imprudens
1589 537 1683 575 illos
1713 550 1824 576 00111-

118 621 126 630 ,
168 599 210 621 :o
227 583 416 635 placauit
450 586 573 625 vnico
606 586 759 634 libello,
795 588 964 639 qualem
999 589 1228 641 aliquando
1262 591 1422 630 amicus
1460 591 1611 642 aliquis
1648 605 1700 630 ex
1738 592 1824 630 tuis

227 639 517 679 consarcinare
541 645 714 681 coactus
736 641 898 682 fuisset.
953 642 1127 683 Gaudeo
1151 645 1346 696 equidem
1368 659 1374 684 :
1416 646 1483 685 cui
1506 645 1610 684 nihil
1635 645 1826 685 acerbius

226 705 356 743 quam
396 694 540 733 videre
579 695 804 735 Erasmum
844 698 947 736 atris
985 698 1135 737 libellis
1173 703 1218 738 ct
1256 700 1558 750 superuicturis
1597 700 1821 751 proscindi.

225 746 435 787 Felicibus
464 749 575 788 enim
605 751 781 802 ingeniis
811 752 1047 800 abundant,
1079 753 1420 804 resipiscentibus
1449 755 1618 806 genium
1649 754 1824 805 posteri-

226 802 342 849 tatis,
369 806 413 841 et
438 805 617 843 materia
640 805 894 854 fauorabili3
935 807 970 845 si
994 811 1136 847 tecum
1161 808 1205 846 in
1230 808 1308 847 hac
1334 822 1462 848 arena
1487 809 1824 860 congredientur,

165 869 204 903 25
224 857 519 906 praestabunt,
544 859 701 898 nedum
724 874 899 900 numero
924 865 1048 901 erunt
1071 862 1316 913 superiores.
1369 863 1565 902 Seculum
1588 864 1723 902 instat
1746 863 1825 902 hoc

225 910 361 950 multo
401 911 576 961 felicius,
618 915 735 966 quod
775 916 964 954 animum
1005 916 1085 955 sibi
1126 920 1394 956 constantem
1436 921 1567 969 atque
1606 918 1821 970 ingenium

222 963 376 1004 litteris
409 966 666 1007 instructum
700 969 823 1009 iuxta
856 974 1000 1021 ponet,
1036 984 1121 1009 non
1154 975 1245 1010 tam
1279 971 1497 1010 Musarum
1531 973 1659 1011 sacris
1692 985 1823 1023 quam

222 1019 452 1059 excolendo
468 1022 633 1061 Christo
648 1024 828 1064 nauabit
841 1038 1013 1075 operam
1034 1038 1042 1063 :
1072 1026 1134 1064 ita
1148 1039 1191 1064 sc
1206 1026 1349 1064 omnia
1363 1025 1597 1077 proferunt,
1613 1030 1824 1077 quantum

222 1086 274 1112 ex
299 1086 344 1113 re
368 1081 589 1125 praesente
614 1078 802 1117 conjicio.
859 1079 997 1126 Quare
1022 1092 1192 1118 oramus
1217 1080 1458 1131 quicunque
1483 1080 1564 1119 tibi
1588 1080 1824 1128 studemus,

163 1142 204 1174 jo
222 1127 313 1166 ocio
334 1132 464 1180 atque
484 1131 618 1181 quieti
637 1132 843 1179 consulas,
864 1132 1064 1184 fugiendo
1083 1133 1193 1172 hanc
1212 1134 1489 1186 tragoediam,
1510 1147 1596 1173 non
1615 1135 1824 1186 magnati·

224 1181 302 1220 bus
315 1187 464 1222 contra
477 1185 608 1224 animi
620 1187 877 1226 sententiam
891 1187 1170 1235 commendo,
1184 1201 1321 1240 neque
1335 1189 1465 1228 etiam
1478 1189 1712 1228 orientibus
1723 1193 1825 1241 post

221 1240 278 1282 te,
299 1236 430 1277 immo
451 1252 503 1278 ex
523 1243 600 1279 tua
620 1253 753 1280 messe
773 1242 983 1281 subnatae
1002 1242 1147 1294 segeti,
1169 1243 1459 1294 repugnando.
1506 1243 1603 1282 Alia
1617 1243 1697 1283 tibi
1712 1244 1822 1283 ratio

220 1291 432 1331 scribendi
461 1292 654 1334 fortassis
685 1309 771 1334 non
802 1295 913 1343 fuit;
963 1297 1127 1344 modus,
1162 1301 1211 1336 vt
1241 1297 1326 1336 fert
1356 1298 1539 1349 pectoris
1571 1298 1740 1338 bonitas
1772 1311 1821 1337 ac

221 1345 319 1393 stili,
349 1346 474 1399 longe
502 1348 609 1388 alius
637 1354 714 1389 est.
777 1350 871 1398 Qua
900 1351 1030 1402 igitur
1061 1352 1132 1390 via
1162 1352 1321 1391 eisdem
1351 1353 1611 1404 argumentis
1640 1352 1819 1392 eandem

162 1414 200 1446 35
220 1412 393 1439 causam
416 1402 461 1440 in
484 1402 566 1442 alio
589 1404 863 1455 improbabis,
888 1409 1114 1456 propterea
1137 1406 1253 1457 quod
1275 1407 1554 1446 inconsultius
1578 1407 1821 1458 maioreque

220 1455 408 1505 periculo
429 1457 561 1507 egerit
580 1459 829 1508 posthabita
849 1460 915 1498 sui
934 1460 1174 1500 securitate.

275 1508 449 1549 Iactant
467 1511 534 1551 hic
553 1511 742 1552 libellum
762 1513 929 1553 Erasmi
948 1514 1175 1554 aduersum
1194 1515 1443 1555 Lutherum.
1491 1516 1695 1555 Nondum
1716 1515 1818 1562 vidi,

220 1575 358 1615 neque
393 1565 517 1604 credo
548 1566 593 1605 id
624 1571 667 1606 te
700 1581 851 1607 ausum
889 1568 1005 1620 quod
1042 1570 1087 1608 in
1124 1582 1191 1608 me
1228 1570 1566 1621 reprehenderes.
1628 1570 1820 1610 Consulit

220 1616 420 1670 Princeps
443 1633 561 1659 meus
584 1634 638 1660 ne
660 1622 716 1661 ad
739 1622 960 1662 Stunicam
982 1624 1237 1675 respondeas
1257 1637 1266 1670 ;
1305 1624 1417 1664 idem
1442 1638 1518 1676 ego
1541 1629 1585 1664 te
1609 1625 1819 1664 cohortor.

157 1686 202 1717 4o
222 1671 371 1711 Vtram
390 1674 434 1713 in
454 1679 620 1725 partem
640 1676 872 1724 deflexeris,
892 1678 1066 1717 alterius
1085 1678 1165 1717 erit
1184 1678 1329 1717 odium
1353 1679 1662 1718 sustinendum.
1711 1679 1822 1719 Sunt

219 1726 294 1777 qui
319 1727 472 1767 malint
497 1729 552 1768 ad
578 1731 792 1770 meliorem
821 1744 952 1783 quam
980 1732 1208 1772 feliciorem
1234 1737 1400 1784 partem
1430 1733 1673 1780 declinares,
1704 1733 1820 1785 quod

219 1780 296 1820 hec
328 1781 508 1822 fluctuet
539 1783 753 1837 dubiaque
786 1786 842 1825 sit
874 1787 1030 1834 animo,
1062 1787 1134 1825 illa
1166 1791 1311 1827 autem
1343 1788 1429 1827 suis
1459 1788 1562 1827 nixa
1592 1788 1819 1834 radicibus,

218 1834 401 1875 fundata
436 1837 480 1876 in
515 1843 682 1889 petram
718 1840 945 1889 Christum,
983 1854 1026 1880 se
1060 1842 1197 1892 ipsam
1232 1842 1277 1880 in
1312 1841 1401 1882 dies
1430 1843 1590 1882 viribus
1619 1846 1820 1894 superet3

219 1891 392 1929 tametsi
417 1891 597 1932 liberum
624 1898 669 1933 et
693 1894 927 1935 immunem
954 1909 1043 1935 esse
1069 1900 1113 1935 et
1139 1903 1261 1935 extra
1288 1896 1362 1936 teli
1387 1897 1548 1936 iactum
1574 1898 1712 1936 tutius
1739 1900 1819 1944 est,

159 1956 198 1990 45
218 1943 253 1982 si
273 1944 445 1995 quidem
466 1960 542 1986 nos
562 1949 705 1999 potius
726 1962 856 2000 quam
876 1950 1176 2001 reipu<blicae>
1195 1950 1377 1990 salutem
1397 1952 1657 2002 respicimus.

272 1998 391 2039 Haec
432 2001 532 2040 boni
571 2003 741 2043 consule
761 2017 770 2050 ;
826 2017 927 2043 nam
967 2008 1069 2044 sunt
1107 2005 1308 2056 simplicis
1348 2006 1479 2045 animi
1517 2010 1561 2045 te
1600 2005 1817 2057 impendio

218 2051 497 2102 obseruantis,
520 2069 630 2107 quae
650 2062 921 2098 extorserunt
941 2060 1214 2110 grauissimae
1234 2060 1443 2099 bonorum
1464 2059 1516 2100 de
1537 2064 1581 2100 te
1602 2073 1816 2107 censurae,

217 2111 437 2157 praeterea
464 2112 807 2161 praesentissima
835 2113 964 2152 seculi
992 2114 1190 2152 mutatio.
1253 2114 1473 2161 Quantum
1497 2114 1553 2154 ad
1574 2114 1817 2166 religionem

217 2161 388 2209 attinet,
408 2168 485 2202 aut
502 2165 582 2204 erit
598 2165 710 2205 orbis
727 2170 871 2206 noster
888 2167 1150 2207 Christianus
1169 2172 1245 2207 aut
1261 2172 1401 2208 totam
1418 2169 1574 2209 Christi
1589 2169 1818 2221 imaginem

160 2227 202 2261 50
217 2215 446 2266 explodet:
496 2231 583 2258 non
615 2223 680 2259 est
712 2221 901 2260 tertium.
964 2221 1067 2261 Vale
1099 2222 1144 2260 in
1177 2222 1361 2262 Domino
1395 2227 1439 2262 et
1471 2223 1686 2263 Christum
1719 2236 1816 2263 cum

217 2269 389 2320 publica
408 2284 525 2323 pace,
547 2274 658 2314 sicut
677 2274 794 2322 facis,
817 2288 928 2322 ama,
950 2276 1010 2315 mi
1029 2276 1217 2316 Erasme.

271 2324 557 2378 Nombergae.
607 2337 630 2378 5
653 2328 766 2368 Iunii
785 2343 855 2369 an.
879 2339 941 2381 15.
965 2341 1030 2370 22.

995 2385 1210 2424 Fabritius
1228 2385 1379 2437 Capito
1396 2390 1498 2425 tuus
1514 2399 1566 2426 ex
1584 2386 1739 2425 animo.

272 2450 602 2503 Incomparabili
620 2453 712 2493 viro
732 2453 784 2493 D.
806 2454 983 2494 Erasmo
1004 2455 1293 2495 Roterodamo
1313 2469 1403 2503 suo,
1424 2460 1633 2507 tanquam
1652 2455 1820 2507 parenti

155 2519 197 2550 55
218 2504 408 2545 colendo.

833 2564 886 2597 26.
912 2565 1113 2606 ingenuum,
1129 2565 1200 2598 LB.

267 2654 315 2685 18.
339 2654 520 2696 epistolas]
549 2655 704 2697 Perhaps
733 2656 885 2698 Hem-y‘s
914 2660 984 2689 two
1049 2657 1103 2689 for
1119 2657 1156 2689 F.
1175 2657 1260 2690 Gess
1275 2657 1387 2689 shows
1404 2657 1529 2698 (Aleten
1544 2657 1615 2690 und
1630 2656 1745 2698 Briefe
1758 2667 1818 2689 zur

218 2697 384 2736 prefaceS,
412 2698 582 2737 undated,
609 2702 647 2731 to
674 2699 745 2732 Leo
771 2709 797 2732 x
824 2700 896 2732 and
923 2700 984 2732 the
1048 2700 1321 2742 Kirchenpolitik
1342 2701 1410 2733 ΗΖ.
1427 2701 1547 2742 Georqs
1570 2711 1634 2734 von
1654 2700 1815 2738 Sachsen,

218 2739 349 2778 reader,
391 2742 505 2774 which
546 2752 605 2774 are
645 2743 801 2785 prefixed
843 2747 881 2776 to
923 2744 983 2776 the
1052 2753 1146 2786 1905,
1163 2754 1223 2786 pp.
1238 2754 1318 2786 499,
1335 2745 1412 2785 500)
1428 2744 1510 2776 that
1524 2744 1606 2776 that
1619 2754 1690 2777 was
1705 2743 1812 2776 dated

218 2783 368 2816 Assertio
407 2785 487 2827 (Ep.
532 2795 626 2827 1227.
670 2788 751 2827 5n):
815 2790 879 2819 not
929 2787 983 2819 his
1046 2787 1138 2820 from
1154 2787 1368 2826 Greenwich,
1384 2799 1427 2821 20
1441 2787 1522 2820 Jan.
1542 2796 1637 2829 1523.

217 2825 376 2858 undated
393 2827 508 2867 letter,
527 2829 641 2861 which
656 2829 687 2861 is
705 2830 817 2862 found
832 2830 870 2862 in
888 2840 984 2862 some
1136 2830 1279 2871 librum]
1295 2831 1357 2864 See
1374 2832 1439 2872 Ep.
1460 2840 1554 2873 1227.
1574 2840 1628 2872 5n.

217 2868 409 2945 ρὲἷᾶῗέἐεέἔ
433 2871 492 2946 ῗὲῗ
511 2872 585 2947 5ξέ
605 2873 984 2949 ffikss‘sswoiiggssffls'
1097 2883 1146 2914 ¹9·
1171 2873 1798 2958 {323³}ss{Eaeissssi13256sssszn'ssp

218 2922 300 2997 {ipis
351 2956 588 2990 admonitoria
601 2958 623 2996 ‘‚
677 2960 832 3002 warning
886 2928 983 2993 theiii
1051 2926 1147 3003 12ξέ
1169 2972 1247 2994 2011.
1802 2941 1809 2949 ⁸

217 2998 357 3040 against
385 3000 517 3033 Luther
544 3001 616 3034 and
644 3003 766 3045 urging
795 3003 893 3036 them
921 3007 986 3036 not
1096 3013 1146 3043 39.
1172 3005 1336 3045 Princeps
1377 3003 1489 3043 meus]
1529 3002 1602 3036 The
1642 3003 1734 3046 Abp.
1778 3003 1813 3036 of

221 3046 258 3075 to
285 3042 385 3076 allow
411 3043 484 3076 him
513 3047 550 3077 to
576 3045 746 3077 translate
772 3046 833 3078 the
861 3047 960 3079 Bible
975 3058 984 3084 ;
1051 3048 1188 3079 Mainz:
1219 3048 1262 3079 cf.
1283 3049 1347 3089 Ep.
1371 3056 1463 3088 1241.
1485 3055 1602 3087 ²9-32·
