2012 3370
133 154 256 205 1364]
610 154 682 193 To
713 153 894 192 ΕΝΝΙΟ
926 151 1247 192 FILONARDI
1647 148 1725 186 285

132 264 365 315 nugacibus
392 265 494 303 meis
519 263 649 302 literis
675 262 950 313 interpellem.
1007 262 1144 300 Hodie
1171 261 1466 300 commendaui
1491 259 1571 298 tibi
1597 271 1726 309 quen·

132 317 232 357 dam
255 332 307 357 ex
330 319 466 357 aliena
487 317 785 369 predicatione,
810 321 860 355 vt
881 329 1002 367 spero
1024 329 1110 354 non
1133 329 1257 354 vana.
1309 315 1368 354 Et
1389 315 1447 353 sic
1469 318 1534 353 est
1557 312 1727 352 Germa·

133 385 284 411 norum
317 373 545 424 ingenium,
580 371 654 410 vbi
687 370 791 422 quid
824 371 1096 409 vehementer
1129 371 1320 421 cupiunt,
1355 382 1441 408 non
1474 368 1617 407 ferunt
1651 366 1730 404 sibi

134 427 290 477 negari.
342 427 429 466 Nec
453 425 720 477 perpendunt
743 425 847 475 quid
870 425 1004 476 possit
1026 425 1061 463 is
1085 438 1110 463 a
1133 437 1218 475 quo
1241 424 1439 475 flagitant
1462 420 1729 462 commenda-

134 480 308 527 tionem,
338 481 412 520 sed
439 480 543 531 quid
570 483 722 530 optent
748 479 842 530 ipsi.
899 478 1094 518 Ceterum
1123 478 1236 517 hunc
1263 479 1460 517 iuuenem
1489 475 1730 516 Com-adum

136 534 469 574 Heresbachium
505 547 557 573 ex
593 546 685 572 meo
721 533 852 584 ipsius
888 533 1030 571 animo
1067 532 1316 572 commendo
1353 536 1426 570 tue
1463 529 1729 570 celsitudini:

135 589 240 639 quid
277 593 421 631 autem
459 588 574 635 velit,
613 601 665 626 ex
701 587 792 638 ipso
831 600 1067 638 cognosces.
1133 586 1328 637 Friburgi
1365 586 1542 624 honesto
1581 584 1732 622 salario

136 643 361 694 profitetur
387 643 566 682 Graecas
591 642 747 681 literas,
804 641 978 692 Ingenio
1006 645 1070 679 est
1096 640 1374 686 foelicissimo,
1403 639 1517 677 docti
1529 640 1597 677 ina
1622 650 1731 683 rara,

135 697 291 736 iudicio
326 710 492 748 magno,
529 696 625 735 stilo
660 696 763 734 mire
798 695 908 734 felici
943 708 992 734 ac
1027 698 1192 746 parato,
1228 707 1304 733 nec
1340 693 1426 732 Vlla
1462 692 1733 731 affectatione

136 751 314 790 molesto
334 765 343 790 :
378 756 473 790 tum
492 751 678 789 moribus
699 749 804 788 adeo
824 750 941 801 puris
960 754 1010 788 vt
1028 749 1133 787 nihil
1152 749 1292 799 optari
1311 749 1445 798 possit
1464 760 1541 785 nec
1561 746 1734 785 suauius

137 818 213 844 nec
234 805 464 845 modestius
484 819 560 844 nec
580 804 812 844 candidius
861 804 950 842 Aut
970 817 1037 842 me
1056 803 1180 854 plane
1200 802 1311 841 fallit
1330 802 1460 840 animi
1479 801 1733 851 presagium,

138 864 215 898 aut
233 860 300 899 hic
320 859 548 911 aliquando
567 860 677 898 inter
696 871 872 909 magnos
891 862 934 897 et
954 858 1135 897 celebres
1154 857 1324 895 futurus
1344 860 1421 895 est.
1471 855 1631 906 Opinor
1650 867 1735 892 non

138 927 227 953 esse
257 915 400 965 magni
429 914 633 952 momenti
663 913 779 964 quod
810 912 886 951 abs
916 917 959 951 te
989 916 1137 963 petet,
1183 912 1228 950 in
1257 923 1343 962 quo
1374 910 1501 949 velim
1531 913 1575 948 te
1604 908 1735 947 talem

139 968 380 1019 experiatur
408 967 577 1019 qualem
607 980 682 1019 ego
711 971 754 1006 te
783 967 922 1006 iudico
952 966 1219 1018 predicoque.
1279 965 1483 1016 Optarem
1513 963 1617 1002 mihi
1646 961 1738 1001 dari

139 1022 401 1061 occasionem
435 1036 521 1073 qua
556 1035 622 1061 me
656 1021 863 1060 declarem
898 1034 1031 1059 vnum
1065 1033 1154 1059 esse
1187 1033 1240 1059 ex
1275 1032 1419 1058 eorum
1454 1030 1629 1057 numero
1664 1016 1737 1067 qui

138 1076 393 1116 sublimitati
413 1081 513 1115 tuae
534 1077 710 1127 cupiant
729 1089 804 1126 per
823 1075 967 1114 omnia
986 1074 1226 1126 gratificari.

195 1130 346 1170 Nescio
370 1131 464 1182 quis
488 1144 630 1169 rumor
653 1143 822 1181 sparsus
845 1134 911 1168 est
934 1129 1049 1180 apud
1073 1128 1305 1168 Germanos
1329 1141 1396 1166 me
1420 1126 1565 1165 stilum
1590 1137 1738 1164 acuere

140 1185 184 1223 in
210 1184 473 1224 Lutherum:
516 1185 631 1236 quod
657 1197 733 1236 ego
760 1197 859 1223 sane
886 1197 961 1222 nec
987 1183 1110 1229 facio,
1138 1196 1213 1222 nec
1241 1182 1373 1221 Vllum
1401 1181 1524 1219 video
1550 1179 1738 1219 fructum

140 1239 175 1278 si
205 1238 373 1285 faciam,
405 1239 485 1277 nisi
515 1239 631 1290 quod
661 1238 873 1277 tumultus
903 1237 1224 1277 incrudesceret.
1285 1237 1343 1275 Et
1372 1236 1457 1274 iam
1489 1247 1601 1273 nunc
1633 1233 1738 1272 adeo
1758 1248 1774 1270 2

140 1293 329 1332 fremunt
356 1293 530 1344 quidam
559 1297 608 1331 vt
636 1292 739 1331 mihi
766 1292 983 1331 decretum
1011 1293 1067 1330 sit
1095 1291 1345 1330 Germaniae
1373 1301 1617 1341 supremum
1645 1287 1740 1326 vale

141 1347 277 1386 dicere
297 1360 306 1385 :
344 1360 591 1398 quanquam
614 1351 658 1386 et
679 1347 758 1386 hoc
781 1351 825 1385 et
847 1350 947 1385 ante
969 1345 1186 1384 decretum
1209 1348 1313 1384 erat.
1365 1344 1408 1384 Si
1430 1347 1530 1395 peto
1553 1342 1738 1387 Italiam,

141 1401 236 1440 istic
254 1400 418 1451 aliquot
435 1401 523 1440 dies
540 1401 657 1439 fruar
674 1401 943 1440 humanitate
960 1404 1037 1439 tua
1057 1413 1064 1438 ε
1099 1399 1228 1450 quod,
1247 1411 1381 1450 quum
1399 1410 1532 1436 essem
1550 1396 1741 1448 proxime

143 1454 430 1502 Constantiae,
464 1468 537 1506 per
568 1455 764 1494 morbum
795 1468 881 1493 non
911 1454 1080 1493 licebat.
1140 1453 1231 1505 Ego
1263 1452 1427 1492 nullum
1458 1451 1582 1491 video
1614 1450 1742 1489 finem

142 1509 266 1548 huius
284 1509 509 1556 tumultus,
528 1510 608 1548 nisi
625 1510 659 1548 si
677 1510 886 1560 principes
904 1508 1132 1547 ostendent
1148 1521 1192 1547 se
1210 1508 1329 1547 breui
1346 1519 1456 1558 equa
1474 1509 1741 1557 sequuturOS,
1763 1519 1779 1533 0

143 1576 191 1603 ac
221 1563 462 1603 sublaturos
492 1576 542 1602 ea
570 1563 623 1602 de
652 1563 806 1614 quibus
836 1563 1021 1602 mundus
1051 1563 1201 1602 merito
1231 1562 1435 1613 queritur.
1494 1560 1588 1599 Hac
1618 1559 1670 1598 de
1699 1571 1743 1597 re

143 1618 385 1669 scripsimus
416 1618 608 1657 nonnihil
639 1631 805 1657 summo
838 1617 1063 1664 Pontifici3
1112 1621 1156 1656 et
1188 1616 1376 1656 Caesaris
1408 1615 1595 1654 edictum
1627 1613 1743 1664 quod

143 1685 278 1723 nuper
302 1672 575 1723 aeuulgatum
599 1676 678 1719 est,
702 1672 788 1711 tale
811 1671 1029 1723 quoddam
1054 1671 1225 1710 videtur
1248 1670 1483 1710 ostendere.
1535 1668 1744 1708 Dominus

142 1725 260 1766 Iesus
280 1726 332 1764 R..
353 1727 400 1765 T.
422 1727 474 1765 D.
496 1731 635 1765 seruet
653 1727 920 1766 incolumem.

199 1780 361 1819 Datum
385 1780 575 1819 Basileae
599 1781 807 1819 Postridie
830 1780 1129 1819 Penthecostes
1152 1780 1232 1818 An.
1257 1778 1474 1818 M.D.xxiii.

455 1913 576 1952 1365.
641 1911 708 1951 To
741 1911 938 1952 ALBERT
971 1922 1030 1952 OF
1062 1910 1454 1951 BRANDENBURG.

196 1993 309 2027 Ratio
324 2004 432 2027 verae
446 1993 678 2037 Theologiae,
702 1991 866 2037 (1523),
884 1993 928 2027 f...
948 1992 997 2026 Α2
1014 1996 1067 2029 v0.
1507 1989 1625 2025 Baslc.

195 2049 268 2083 LB.
284 2049 366 2093 655.
1447 2057 1459 2080 1
1481 2046 1696 2089 ι1111101523.

196 2121 240 2161 [A
259 2121 396 2163 preface
415 2121 555 2152 written
573 2120 627 2152 for
644 2131 665 2152 a
684 2131 758 2153 new
776 2121 911 2153 edition
930 2121 965 2153 of
985 2121 1044 2152 the
1063 2120 1163 2152 Ratio
1182 2130 1274 2152 verae
1295 2117 1490 2159 Theoloqiae
1509 2120 1579 2158 (see
1598 2118 1663 2159 Ep.
1682 2127 1742 2159 743

151 2165 308 2205 introd.)‚
328 2168 365 2196 to
383 2164 496 2196 which
515 2164 681 2196 Erasmus
699 2164 770 2196 had
789 2165 938 2206 perhaps
958 2164 1045 2196 been
1061 2163 1227 2205 impelled
1246 2163 1292 2205 by
1313 2161 1454 2195 Beatus'
1472 2161 1639 2194 ill-timed
1656 2161 1747 2193 issue

150 2211 189 2240 at
205 2208 306 2240 Basle
322 2207 406 2240 with
423 2208 483 2239 the
499 2207 698 2240 dedication
715 2211 752 2240 to
767 2209 862 2241 John
878 2208 991 2240 Faber
1006 2208 1064 2248 (cf.
1084 2208 1173 2249 Epp.
1191 2215 1231 2248 95
1237 2217 1270 2248 3,
1285 2208 1375 2248 976).

195 2251 238 2284 In
258 2251 318 2284 the
338 2261 492 2283 summer
512 2251 547 2283 of
571 2260 666 2293 1524,
687 2251 787 2284 when
807 2251 958 2293 revising
978 2251 1031 2283 his
1053 2251 1232 2291 Cataloyus
1252 2249 1535 2282 Lucubrationum
1558 2247 1612 2279 for
1632 2258 1653 2279 a
1673 2258 1748 2279 new

148 2294 240 2327 issue
259 2295 316 2336 (cf.
338 2295 403 2337 Ep.
428 2304 511 2336 1474
528 2294 686 2336 introd.)‚
706 2295 872 2327 Erasmus
890 2295 1005 2327 added
1023 2305 1044 2326 a
1060 2294 1121 2328 list
1140 2298 1174 2326 οῖ’
1193 2294 1246 2326 his
1264 2293 1388 2332 works,
1408 2292 1578 2333 arranged
1594 2291 1631 2323 in
1650 2291 1750 2323 order

149 2339 203 2371 for
225 2349 247 2370 a
268 2338 436 2371 collected
457 2338 613 2376 edition;
650 2339 720 2370 and
742 2339 905 2380 specified
927 2348 1055 2380 among
1077 2338 1184 2378 them,
1208 2336 1390 2378 evidently
1411 2346 1449 2368 as
1472 2336 1532 2367 the
1555 2335 1637 2367 final
1660 2338 1748 2371 text,

285 2428 314 2459 7.
342 2414 619 2447 Horesbachium
640 2414 719 2447 MS.
856 2426 908 2456 25.
935 2414 1119 2447 ostendent
1139 2412 1286 2453 scripsi:
1319 2410 1518 2443 ostenderet
1538 2410 1615 2442 MS.

198 2531 226 2553 2.
253 2518 444 2560 quendam]
462 2518 512 2551 Cf.
533 2519 598 2560 Ep.
622 2522 714 2559 1303.
736 2528 764 2558 3.
991 2519 1085 2558 1654,
1103 2527 1161 2558 pp.
1182 2518 1335 2557 515-26:
1365 2515 1458 2547 cited
1477 2514 1522 2556 by
1539 2515 1571 2545 J.
1592 2514 1627 2546 C.
1646 2513 1749 2550 Wirz‚

198 2575 228 2606 7.
253 2561 544 2601 Heresbachium]
564 2562 625 2594 See
644 2572 677 2603 p.
704 2571 774 2604 131.
986 2561 1101 2593 Ennio
1144 2559 1336 2597 Famam-di,
1385 2560 1480 2599 1894,
1524 2568 1582 2599 pp.
1629 2566 1750 2597 29-30,

200 2608 229 2637 8.
255 2606 341 2647 quid
367 2610 487 2638 autem
514 2605 614 2644 velit]
642 2605 796 2646 Perhaps
823 2615 917 2635 some
990 2605 1105 2644 108-9.

153 2650 231 2681 title
248 2650 283 2681 of
298 2650 456 2687 honour;
484 2650 558 2689 just
573 2660 611 2680 as
627 2649 766 2681 Jerome
782 2648 916 2679 Froben
1033 2659 1082 2680 21.
1110 2647 1187 2678 vale
1206 2645 1334 2684 dicere]
1354 2645 1404 2677 Cf.
1426 2645 1491 2686 Ep.
1517 2653 1609 2684 1353.
1634 2653 1731 2686 254¹]-

154 2693 225 2724 and
250 2693 326 2725 Nic.
353 2693 561 2734 Episcopius
585 2696 678 2724 went
704 2696 741 2723 to
766 2692 859 2723 Chur
883 2692 918 2721 in
1033 2702 1084 2732 23.
1109 2689 1205 2729 istic]
1218 2694 1255 2721 at
1268 2690 1486 2726 Const=ance3
1513 2688 1556 2719 cf.
1572 2688 1637 2729 Ep.
1656 2690 1749 2727 1363.

155 2737 235 2769 Jan.
259 2745 344 2777 1520
361 2740 399 2768 to
417 2736 539 2768 obtain
556 2736 616 2767 tho
634 2736 756 2776 degree
775 2735 810 2766 of
827 2734 917 2766 MA.
993 2743 1045 2765 1n.

155 2781 246 2812 from
263 2780 347 2812 Ant.
367 2779 471 2811 Pucci
489 2779 610 2819 (BRE.
635 2788 708 2819 149,
731 2780 816 2819 152).
854 2778 922 2809 For
1074 2775 1246 2817 proxime]
1258 2776 1294 2807 in
1308 2775 1403 2816 Sept.
1421 2784 1502 2815 1522
1520 2787 1526 2806 :
1554 2784 1609 2806 see
1622 2784 1655 2815 p.
1679 2782 1753 2816 131.

156 2824 216 2855 the
237 2833 369 2865 powers
391 2823 426 2854 of
446 2833 467 2854 a
490 2822 648 2863 ‘legatus
668 2822 710 2853 de
730 2821 839 2853 latere
854 2822 861 2834 ²
885 2825 923 2852 to
1033 2832 1083 2863 27.
1109 2818 1325 2861 scripsimus]
1343 2819 1408 2860 Ep.
1431 2827 1467 2858 13
1475 2827 1524 2859 52.

156 2867 276 2900 confer
311 2867 451 2908 degrees
488 2866 558 2897 and
596 2869 633 2897 to
670 2869 785 2896 create
822 2868 923 2905 pocts
1075 2863 1246 2902 edictum]
1283 2863 1356 2894 The
1387 2861 1552 2904 Imperial
1584 2861 1689 2893 Edict
1719 2861 1754 2892 of

157 2911 325 2949 laureate,
351 2909 502 2941 ‘milites
525 2909 664 2946 aurati,⁷
696 2907 800 2950 papal
823 2912 922 2939 nota·
987 2910 1009 2940 6
1042 2907 1162 2938 March
1200 2916 1295 2948 1523,
1329 2905 1442 2938 which
1475 2905 1661 2937 embodied
1695 2904 1754 2936 the

157 2955 236 2993 ries,
254 2954 325 2986 and
343 2953 510 2996 acolytes,
529 2963 584 2984 see
603 2963 624 2984 a
644 2952 738 2984 Bricf
756 2952 791 2983 of
810 2951 880 2983 Leo
898 2961 922 2983 x
988 2950 1207 2983 conclusione
1231 2951 1266 2982 of
1290 2949 1350 2982 the
1374 2949 1457 2981 Dict
1481 2949 1516 2981 of
1539 2948 1755 2989 Nuremberg

159 3002 197 3030 to
221 2998 412 3036 Filonardi,
438 2998 457 3028 8
483 2998 560 3029 Oct.
591 3005 685 3038 1514,
710 2995 850 3037 printed
876 2995 922 3036 by
987 2995 1024 3025 in
1043 3005 1177 3026 answer
1194 2998 1232 3026 to
1250 2994 1382 3026 Adrian
1402 3002 1461 3025 VI:
1494 3003 1549 3024 see
1568 2992 1753 3033 Creighton

159 3042 181 3074 ,J
212 3042 258 3075 H.
276 3042 477 3083 Hottinger,
502 3041 643 3073 Dissert.
668 3040 761 3072 misc.
789 3039 922 3076 neruis,
988 3049 1021 3071 v.
1039 3048 1114 3079 225.

1750 434 1765 465 5

1756 704 1795 726 10

1760 975 1793 1007 15

1765 1789 1807 1820 30
