2012 3370
264 133 343 171 460
737 132 989 172 LETTERS
1021 132 1092 172 or
1123 132 1386 172 ERAswms
1735 136 1858 183 [1524

265 242 461 282 omnibus
485 243 562 281 tibi
588 242 858 293 persuadebis
882 242 1071 293 profecto
1096 256 1168 293 per
1194 257 1258 282 me
1283 244 1334 282 dc
1359 248 1433 282 tua
1458 243 1636 294 epistola
1659 244 1731 282 illa
1754 244 1857 283 nihil

266 311 434 348 prorsus
455 297 605 335 saltem
627 297 814 347 potuisse
836 296 984 336 efferri.

321 351 431 398 Quid
453 352 581 401 igitur
601 353 617 388 ’ἔ
657 350 700 389 Si
722 363 858 402 neque
881 350 1062 402 Sapidus
1083 351 1173 402 ipse
1194 364 1330 403 neque
1353 364 1428 403 ego
1452 352 1680 402 quicquam
1703 351 1782 399 hic,
1808 355 1857 391 vt

264 405 413 443 leuiter
438 405 589 450 dicam,
617 404 796 451 effutiui,
824 405 935 444 vnde
961 404 1108 444 tibica
1136 407 1348 457 suspicio?
1404 406 1595 456 Denique
1623 419 1695 444 cur
1714 409 1856 446 tecum

203 478 247 507 40
265 458 553 509 expostulauit
570 458 895 510 Ephendorpius
916 463 932 498 ‘l
978 459 1157 499 Aliunde
1175 464 1280 507 orta,
1300 460 1402 498 mihi
1420 459 1552 507 crede,
1569 459 1642 498 illa
1658 464 1854 511 expostu-

264 513 366 551 latio
400 512 495 559 fuit,
532 517 661 564 atque
696 527 748 552 ex
782 526 832 552 eo
864 513 1056 553 fortassis
1090 514 1205 565 quod
1240 514 1396 561 Simon,
1433 515 1689 553 necessarius
1724 527 1854 561 meuS,

263 567 389 606 homo
408 567 487 606 tibi
505 580 591 606 non
608 568 790 618 ignotus,
811 568 927 615 mihi,
948 569 1193 620 priusquam
1213 569 1328 620 apud
1346 568 1551 619 Sapidum
1569 572 1618 607 tu
1637 568 1689 607 de
1707 568 1855 607 eadem

261 621 333 660 illa
351 621 530 673 epistola
549 625 756 673 tanquam
776 634 927 673 parum
947 622 1167 674 diligenter
1187 623 1350 661 caelata
1370 626 1544 673 questus
1571 635 1692 669 esses,
1714 623 1854 662 rescri-

262 676 360 725 psit.
411 675 581 714 Etenim
598 689 729 727 quum
749 676 809 715 illi
825 678 960 716 amico
976 690 1069 716 meo
1085 677 1286 716 nonnulla
1302 690 1410 728 quae
1426 677 1646 728 vtriusque
1663 680 1855 716 nostrum

201 749 241 780 45
261 731 506 777 intererant,
530 731 800 782 scripsissem,
825 744 873 770 ac
894 732 1064 770 interim
1085 732 1362 771 necessariam
1385 732 1643 770 mentionem
1664 731 1854 770 fecissem

263 783 564 835 Ephendorpii,
584 785 699 836 quod
716 786 752 823 is
771 785 930 825 Simoni
949 798 1096 824 aureos
1115 786 1278 836 aliquot
1296 798 1492 825 nummos
1510 785 1649 824 adhuc
1667 785 1852 832 deberet,

263 838 622 890 ostendissemque
653 852 719 878 me
749 839 888 879 dolere
918 841 1053 879 vicem
1082 840 1205 887 illius⁷
1237 840 1347 890 quo<¹
1380 841 1545 879 iuuenis
1573 839 1644 879 illo
1673 840 1853 891 ingenio,

263 897 352 931 tam
384 892 532 932 dexter
563 893 719 945 alioqui
751 898 795 933 et
825 898 916 932 tam
948 894 1094 941 ciuilis,
1128 895 1302 933 consilia
1332 895 1450 946 sequi
1473 894 1682 934 diceretur
1704 907 1855 946 parum

261 947 476 995 salutaria,
495 947 609 999 quod
624 948 668 987 in
683 949 864 999 gratiam
879 948 1013 987 redire
1029 953 1171 987 tecum
1188 953 1369 988 cessaret
1388 962 1397 995 ;
1428 953 1522 987 tum
1537 948 1854 987 formidandum

204 1021 243 1052 50
260 1001 319 1040 illi
350 1015 438 1040 esse
469 1002 629 1053 stylum
660 1006 783 1040 tuum
815 1002 1126 1053 significassem,
1158 1003 1221 1041 ita
1252 1016 1318 1041 me
1349 1003 1495 1041 audire
1526 1016 1578 1041 ex
1609 1003 1767 1049 amicis,
1800 1002 1855 1041 ad

261 1055 545 1106 eloquentiam
572 1070 657 1107 qua
682 1057 770 1095 sine
796 1058 1082 1096 controuersia
1108 1057 1267 1096 valeres
1292 1057 1413 1108 longe
1440 1058 1623 1096 maxime
1648 1058 1851 1104 omnium,

262 1111 482 1149 materiam
504 1123 672 1162 quoque
693 1111 773 1149 tibi
793 1111 963 1150 abunde
983 1115 1220 1163 suppetere,
1243 1111 1451 1162 siquando
1471 1113 1515 1150 in
1534 1111 1655 1150 illum
1675 1111 1854 1150 scribere

260 1165 492 1211 statuisses,
525 1169 569 1203 et
598 1178 687 1204 esse
716 1165 797 1204 tibi
826 1178 912 1217 quo
940 1165 1059 1204 illum
1089 1166 1229 1217 ipsum
1259 1169 1465 1205 tractares
1494 1178 1624 1217 quam
1654 1165 1852 1205 dolentis-

260 1219 363 1257 sime
383 1232 391 1265 ;
432 1219 514 1257 huc
538 1219 795 1258 addidissem
819 1220 1010 1259 homines
1033 1221 1278 1272 integritate
1302 1220 1427 1259 simul
1451 1224 1496 1259 et
1519 1220 1712 1259 doctrina
1736 1233 1852 1271 prae-

202 1293 238 1325 55
260 1273 439 1312 stanteis
466 1277 510 1312 et
538 1274 611 1324 qui
639 1273 941 1326 Ephendorpio
967 1275 1218 1326 neutiquam
1247 1274 1356 1314 male
1383 1274 1554 1322 vellent,
1582 1276 1645 1314 ita
1673 1287 1851 1322 censere,

259 1326 380 1378 longe
396 1331 440 1366 et
457 1327 605 1366 melius
621 1332 665 1367 et
681 1328 760 1367 sibi
776 1328 923 1368 Vtilius
939 1328 1152 1368 facturum
1171 1329 1531 1380 Ephendorpium,
1550 1330 1584 1368 si
1600 1330 1686 1368 aeri
1702 1329 1851 1376 alieno,

260 1381 375 1432 quod
401 1383 547 1433 ingens
575 1387 698 1429 esset,
727 1383 996 1422 dissoluendo
1024 1396 1196 1435 operam
1225 1383 1358 1430 daret,
1388 1396 1518 1434 quam
1546 1384 1581 1422 si
1607 1384 1853 1422 inimicicias

259 1439 400 1474 tecum
415 1436 580 1475 odiosas
594 1437 825 1476 exercendo
840 1437 1021 1488 denique
1036 1451 1278 1476 mucronem
1293 1437 1395 1488 styli
1407 1439 1452 1477 in
1466 1451 1509 1476 se
1522 1438 1587 1476 tui
1601 1437 1823 1476 lacesseret
1842 1451 1850 1483 ;

258 1490 302 1528 in
334 1489 406 1529 1110
438 1491 549 1529 0111111
583 1496 931 1530 conseruaturum
964 1493 1103 1543 ipsum
1136 1493 1495 1531 existimationem
1527 1505 1661 1539 suam,
1696 1493 1740 1531 in
1772 1492 1851 1530 hoc

197 1559 240 1589 60
257 1545 465 1583 iacturam
487 1544 626 1584 famae
649 1559 748 1584 suae
770 1546 886 1584 haud
908 1546 1160 1585 mediocrem
1182 1546 1396 1585 facturum
1413 1559 1479 1584 :—

313 1598 453 1646 Quum
474 1600 603 1650 igitur
625 1599 784 1639 Simoni
806 1600 1013 1639 Mineruio
1035 1613 1129 1640 meo
1150 1600 1195 1640 id
1216 1613 1346 1651 genus
1369 1600 1586 1651 complura
1607 1600 1659 1638 de
1683 1600 1849 1651 Ephen-

257 1652 417 1703 dorpio,
447 1657 558 1692 certe
585 1654 700 1693 nullo
727 1655 816 1693 eius
843 1654 940 1693 odio
967 1668 1115 1693 verum
1143 1655 1350 1694 charitate
1377 1654 1590 1706 singulari,
1618 1658 1764 1693 tamen
1791 1655 1849 1693 sic

257 1707 512 1758 scripsissem
531 1712 593 1755 vt,
614 1709 649 1746 si
668 1708 770 1759 quid
789 1709 886 1747 inde
905 1709 961 1747 ad
979 1722 1076 1747 eum
1095 1713 1397 1760 permanasset,
1417 1709 1530 1747 idem
1550 1708 1653 1747 mihi
1671 1708 1849 1748 fortasse

256 1760 398 1812 aliquo
416 1762 504 1800 iure
522 1766 665 1813 posset
681 1763 817 1810 irasci,
836 1767 1051 1814 postremo
1068 1764 1198 1802 etiam
1217 1764 1530 1814 quaesiuissem,
1551 1763 1728 1802 sciretne
1747 1763 1849 1814 quid

195 1832 234 1870 05
255 1815 365 1854 inter
384 1829 460 1855 vos
486 1819 581 1854 tum
606 1820 830 1868 gereretur,
852 1817 998 1857 Simon
1016 1817 1071 1856 ad
1091 1817 1170 1856 hoc
1191 1817 1390 1856 vltimum
1411 1817 1515 1856 mihi
1539 1817 1759 1868 respondit
1784 1817 1848 1856 his

257 1869 394 1908 verbis
415 1883 422 1909 :
465 1870 474 1885 ⁶
492 1870 597 1909 Mihi
617 1884 749 1922 quum
770 1871 837 1910 hic
857 1885 990 1923 nuper
1014 1876 1137 1919 esset,
1160 1871 1389 1919 Conradus,
1412 1871 1629 1923 quondam
1650 1871 1846 1918 Huttem‘,

255 1937 367 1963 nunc
391 1924 681 1976 Ephendorpii
709 1927 912 1972 minister,
938 1927 1130 1965 narrauit
1154 1926 1503 1978 Ephendorpium
1527 1939 1601 1977 per
1623 1925 1848 1977 epistolam

256 1991 350 2016 eum
384 1978 560 2018 Erasmo
591 1980 880 2031 expostulasse
901 1980 923 2019 ³.
983 1981 1184 2020 Caussam
1216 1994 1349 2032 quum
1380 1993 1636 2032 quaererem,
1670 1980 1847 2018 arduam

255 2045 342 2071 esse
364 2034 594 2084 respondit.
647 2035 821 2085 Uunque
844 2035 1004 2074 diutius
1027 2036 1267 2086 quaerendo
1289 2036 1568 2086 persisterem,
1584 2036 1620 2074 is
1635 2035 1737 2073 mihi
1753 2047 1846 2074 eam

193 2112 235 2141 70
255 2099 375 2137 aegre
389 2087 511 2127 dixit.
557 2088 565 2102 ‘'
585 2088 909 2140 Ephendorpius
930 2089 1104 2141 'inqujt,
1123 2089 1132 2104 ⁶
1151 2103 1203 2128 ex
1217 2091 1449 2129 amicorum
1462 2093 1506 2129 et
1518 2090 1846 2128 necessariorum

253 2140 384 2179 literis
417 2141 472 2179 ad
504 2155 546 2180 se
578 2155 630 2180 ex
662 2143 801 2193 patria
834 2144 971 2182 missis
1002 2148 1271 2195 perspectum
1303 2143 1434 2183 habet
1466 2157 1509 2182 se
1541 2156 1629 2182 esse
1663 2143 1846 2195 Principi

254 2207 327 2244 per
352 2195 576 2234 Erasmum
601 2197 709 2235 male
735 2197 1108 2236 commendatum?
1178 2198 1340 2246 Quibus
1364 2212 1416 2237 ex
1441 2197 1580 2237 verbis
1604 2202 1652 2236 tu
1677 2210 1846 2249 quoquc

254 2249 443 2301 colligere
466 2254 601 2301 potes,
627 2251 813 2298 Erasme,
840 2264 892 2290 ex
915 2251 1007 2291 aliis
1030 2265 1160 2304 quam
1184 2252 1252 2291 vel
1274 2266 1326 2291 ex
1351 2266 1417 2292 me
1441 2252 1509 2292 vel
1531 2265 1553 2291 e
1577 2252 1734 2303 Sapido
1757 2265 1846 2290 esse

254 2307 403 2342 natum
435 2304 541 2342 illud
575 2305 689 2356 quod
722 2318 796 2356 per
827 2305 972 2345 literas
1005 2310 1147 2345 tecum
1181 2307 1472 2358 expostulauit
1505 2306 1842 2358 Ephendorpius.

191 2382 231 2414 75
254 2357 387 2405 Quem
413 2371 489 2410 ego
515 2371 615 2397 sane
641 2363 735 2398 toto
760 2360 839 2399 hoc
865 2373 977 2399 anno
1002 2373 1087 2412 quo
1114 2360 1281 2399 Basilea
1300 2361 1464 2407 absum,
1485 2373 1706 2412 nunquam
1726 2360 1815 2399 vidi
1835 2373 1842 2398 :

250 2411 393 2451 literas
429 2413 591 2453 interea
628 2426 734 2453 vnas
770 2418 956 2460 tantum,
994 2419 1040 2454 et
1075 2428 1145 2455 eas
1182 2415 1434 2465 perbreueis,
1472 2415 1516 2453 in
1553 2414 1707 2466 quibus
1743 2415 1846 2465 ipsis

253 2467 412 2506 mentio
433 2466 485 2505 de
507 2471 551 2506 te
572 2480 741 2519 prorsus
763 2468 879 2507 nulla
901 2468 1032 2516 fieret,
1056 2468 1113 2508 ad
1132 2468 1252 2507 illum
1274 2468 1385 2516 dedi,
1409 2472 1460 2508 vt
1480 2469 1664 2520 primum
1687 2467 1843 2519 Argen-

253 2521 382 2559 torati
413 2521 572 2560 scilicet
602 2535 690 2561 esse
720 2522 840 2561 illum
870 2524 1033 2570 resciui,
1066 2523 1201 2562 multo
1233 2527 1464 2574 antequam
1496 2535 1590 2561 eam
1620 2522 1844 2574 epistolam

251 2587 335 2624 qua
358 2574 410 2613 de
432 2588 545 2614 nunc
567 2577 719 2627 agitur,
745 2577 800 2615 ad
823 2576 1027 2628 Sapidum
1049 2581 1099 2616 tu
1122 2578 1316 2616 misisses.
1369 2577 1427 2616 Et
1450 2577 1642 2616 Basileae
1664 2589 1713 2616 00
1736 2580 1842 2615 tem-

189 2645 233 2676 80
250 2641 349 2679 pore
365 2628 583 2669 familiaris
600 2630 900 2683 Ephendorpio
915 2631 991 2679 fui,
1009 2644 1094 2683 quo
1108 2632 1228 2671 illum
1244 2631 1324 2671 tibi
1339 2632 1384 2671 in
1399 2632 1546 2683 primis
1561 2635 1731 2683 gratum
1748 2643 1840 2670 esse

251 2682 509 2735 charumque
529 2686 720 2736 cognoui.

304 2736 385 2777 Vbi
413 2739 597 2789 primum
627 2739 822 2779 Hutteno
855 2740 1122 2779 Milthusium
1150 2740 1340 2793 profecto
1369 2740 1562 2780 simultas
1589 2741 1700 2780 inter
1728 2743 1772 2779 te
1799 2743 1844 2778 et

292 2902 344 2930 41.
371 2893 504 2932 Simon]
523 2894 572 2926 Cf.
593 2894 657 2936 Ep.
682 2896 774 2935 1285.
797 2896 873 2935 5611.
1123 2905 1174 2935 71.
1200 2895 1365 2937 Principi]
1378 2895 1479 2928 Duke
1493 2895 1624 2937 George
1634 2895 1841 2936 ofSaxony;

293 2937 346 2967 66,
371 2936 563 2976 Conradus]
586 2938 659 2970 Not
680 2938 862 2970 otherwise
883 2938 1010 2970 known
1078 2938 1122 2970 ci.
1141 2939 1205 2980 Ep.
1229 2941 1323 2979 1448.

251 2983 287 3010 to
304 2989 369 3010 me.
1125 2984 1176 3014 82.
1202 2983 1435 3022 Milthusium]
1452 2984 1514 3015 See
1537 2982 1625 3023 Epp.
1649 2990 1739 3021 1331.
1762 2991 1840 3023 57n,

294 3024 345 3061 07.
371 3023 570 3063 epistolam]
586 3024 657 3057 Not
671 3028 807 3057 extant.
1084 3034 1176 3066 1437.
1196 3034 1247 3066 39.
