2012 3370
69 114 190 164 1297]
598 113 758 153 FROM
785 112 966 152 JAMEs
997 111 1122 152 Piso
1606 115 1655 152 81

62 223 118 262 ad
148 236 215 262 me
245 224 442 275 pertinet,
475 235 551 274 ego
580 222 660 261 hac
690 223 734 261 in
763 236 808 261 re
839 223 942 261 satis
973 235 1039 261 me
1070 222 1233 261 felicem
1265 224 1452 273 satisque
1483 223 1657 262 beatum

65 279 377 324 existimauero,
392 278 426 316 si
442 277 596 316 veteris
612 277 825 316 amicitiae
839 276 932 316 1000
948 289 1014 315 1116
1030 289 1115 315 11011
1132 278 1313 316 1110116118
1329 291 1337 323 ;
1369 290 1495 328 quem
1511 290 1659 316 reuera
1683 289 1722 312 10

63 332 126 371 ita
154 343 319 383 semper
351 336 395 371 et
427 331 596 370 seruaui
628 335 673 370 et
706 334 954 370 seruaturus
993 344 1099 377 sum,
1135 335 1184 370 vt
1215 344 1312 370 cum
1351 332 1488 370 vitam
1527 332 1659 370 etiam

63 387 201 437 ipsam
231 386 464 432 deseruero,
496 385 616 424 illum
644 389 791 424 tamen
819 398 1039 436 nunquam
1070 385 1216 424 videar
1245 385 1487 424 deserturus
1516 385 1659 432 fuisse,

66 441 313 491 praesertim
336 441 370 479 si
390 439 493 490 quid
513 438 610 478 fidei
630 440 710 478 erit
730 439 959 490 aliquando
978 439 1110 478 literis
1130 443 1229 490 post
1249 440 1406 478 cineres
1426 453 1435 486 ;
1464 452 1550 479 non
1573 441 1658 478 iam

64 495 180 541 meis,
195 494 352 546 alioqui
363 493 695 533 illiteratioribus
708 506 837 543 quam
851 497 900 532 vt
914 493 1006 532 illas
1019 493 1122 532 mihi
1138 497 1282 545 optem
1295 507 1383 533 esse
1396 494 1657 545 superstites,

63 548 137 588 sed
156 561 300 588 eorum
319 549 393 599 qui
412 548 743 587 constantissimi
762 549 844 586 mei
862 548 906 586 in
925 552 968 586 te
987 548 1118 586 animi
1136 548 1428 587 testimonium
1448 548 1561 587 Vltro
1579 548 1659 587 tibi
1682 558 1718 591 15

63 604 380 654 praestiterunt,
417 601 562 653 quales
597 602 713 641 111616
747 615 834 641 11011
868 602 992 652 pauci
1028 602 1182 652 quibus
1217 615 1358 641 meum
1394 602 1446 641 de
1481 603 1660 641 Erasmo

61 657 264 696 iudicium
278 669 363 696 non
377 656 604 707 displicuit.
647 656 835 696 Accessit
848 657 898 694 iis
913 660 956 695 et
970 655 1112 695 Velius
1126 659 1282 703 noster,
1299 670 1321 695 6
1335 657 1453 695 0111118
1468 658 1657 696 oratione

63 715 107 750 te
143 711 289 750 scribis
326 711 570 762 cognouisse
606 724 673 750 me
709 714 916 762 perpetuo
954 711 1035 749 mei
1073 710 1251 749 similem
1288 724 1376 749 esse
1413 715 1457 750 et
1494 711 1661 749 Erasmi

61 769 290 817 patronum
303 766 552 804 acerrimum
565 778 699 816 agere.
746 764 839 812 Qua
850 765 894 803 in
906 778 950 803 re
963 764 1067 815 quid
1079 768 1295 816 praestare
1307 765 1387 803 tibi
1400 766 1558 816 possim
1573 777 1659 804 non

62 819 199 867 video,
220 833 245 858 a
262 819 564 858 laudatissimis
582 821 644 858 ita
662 819 838 858 laudato
857 819 957 858 viris
976 822 1026 858 vt
1045 819 1214 858 curione
1232 818 1361 866 nullo,
1382 818 1488 858 adeo
1506 832 1592 858 non
1610 822 1660 857 vt
1679 830 1721 852 20

63 873 226 921 Pisone,
243 887 449 925 praecone
465 887 599 925 egeas.
650 873 780 913 Porro
795 874 1021 912 Erasmum
1042 874 1246 924 priuatim
1267 873 1395 912 semel
1415 877 1459 912 et
1479 874 1596 912 intus
1617 877 1660 912 et

61 929 106 967 in
120 932 216 967 cute
230 928 333 967 mihi
348 929 564 980 cognitum
579 942 652 967 cur
666 941 751 967 non
765 941 850 967 Vno
865 941 1029 979 semper
1043 941 1113 967 016
1127 927 1294 979 publice
1308 927 1491 974 laudem,
1509 927 1659 975 colam,

62 996 235 1022 venerer
252 984 266 1022 2
312 982 376 1021 De
393 996 478 1033 quo
494 982 598 1034 quid
614 983 792 1033 quisque
809 982 980 1030 sentiat,
998 995 1073 1033 per
1092 995 1158 1021 me
1175 983 1327 1032 cuique
1344 982 1399 1021 sit
1414 982 1594 1020 liberum
1611 995 1659 1020 30

61 1037 286 1088 integrum.
333 1037 424 1088 Ego
441 1037 486 1076 id
503 1038 577 1076 vni
593 1037 653 1076 illi
670 1037 814 1076 tribuo
832 1036 947 1088 quod
965 1049 1050 1075 non
1067 1037 1117 1075 iis
1136 1049 1242 1087 quos
1260 1036 1430 1088 legerim
1449 1036 1658 1076 omnibus.

62 1091 125 1130 De
146 1092 197 1130 iis
218 1091 367 1142 loquor
387 1092 622 1138 neotericis,
645 1092 719 1142 qui
741 1091 1003 1131 Christianae
1024 1090 1262 1142 theologiae
1283 1095 1397 1130 recte
1419 1091 1660 1130 consultum
1679 1102 1698 1125 2
1705 1102 1718 1133 3

62 1145 288 1185 voluerunt
307 1159 316 1193 ;
366 1159 391 1184 a
424 1145 612 1185 factiosis
646 1146 758 1185 enim
790 1146 883 1184 istis
926 1145 1104 1197 ingeniis
1146 1148 1190 1184 et
1232 1144 1463 1184 scolasticis
1497 1158 1661 1196 semper

62 1199 275 1238 abhorrui.
325 1199 468 1251 Atque
483 1201 649 1239 vtinam
665 1213 690 1239 a
711 1201 855 1251 paruis
876 1199 976 1239 olim
997 1199 1101 1238 mihi
1121 1200 1165 1238 in
1186 1199 1289 1239 haec
1311 1212 1444 1250 vsque
1466 1203 1661 1251 tempora

61 1254 177 1292 nulla
195 1255 239 1292 in
257 1255 307 1292 iis
326 1254 409 1292 alia
427 1267 558 1305 quam
577 1254 795 1293 Erasmica
813 1254 939 1293 lectio
958 1254 1144 1293 venisset
1161 1254 1206 1292 in
1224 1266 1399 1292 manum
1420 1254 1428 1292 1

114 1307 247 1359 Atqui
266 1308 346 1347 erit
364 1308 432 1347 hic
452 1309 523 1359 qui
544 1321 610 1347 me
630 1308 746 1347 dicat
765 1308 848 1346 alia
866 1321 952 1346 non
970 1307 1130 1358 legisse.
1179 1307 1321 1346 Pauca
1340 1308 1433 1359 legi,
1454 1307 1605 1354 fateor,
1626 1308 1660 1346 si

60 1362 247 1401 fructum
271 1362 465 1413 expendo
485 1376 493 1409 ;
534 1363 599 1401 sin
621 1362 815 1401 laborum
840 1365 884 1401 et
906 1362 1110 1413 temporis
1133 1362 1355 1408 iacturam,
1381 1362 1506 1400 nimis
1531 1374 1659 1412 quam
1682 1373 1722 1404 30

60 1416 210 1456 multa.
277 1416 389 1455 Illud
427 1417 539 1456 enim
577 1417 723 1468 genius
761 1416 864 1455 mihi
902 1429 1021 1455 meus
1059 1429 1223 1467 semper
1261 1415 1526 1467 suggerebat,
1566 1415 1661 1467 plus

60 1472 259 1510 nimirum
288 1471 586 1510 ostentationis
613 1472 658 1510 in
686 1470 840 1510 Christi
870 1470 1150 1522 Euangelium
1178 1483 1253 1522 per
1280 1470 1505 1509 nonnullos
1532 1471 1660 1509 inter-

59 1529 211 1577 pretes,
232 1539 284 1565 ne
303 1525 442 1564 dicam
462 1526 719 1565 coniectores
737 1529 781 1564 et
799 1525 965 1572 ariolos,
984 1526 1203 1564 inuectum
1222 1524 1350 1564 fuisse
1369 1538 1499 1576 quam
1519 1524 1660 1563 candi-

59 1580 231 1619 dissima
253 1593 327 1631 per
349 1593 392 1619 se
414 1580 572 1619 veritas
594 1579 865 1631 postulasset.
919 1579 1029 1627 Quid
1050 1580 1096 1618 in
1117 1579 1198 1618 illis
1219 1579 1468 1631 profecerim
1490 1580 1631 1618 nescio
1651 1593 1660 1625 ;

60 1635 139 1674 hoc
160 1648 292 1673 vnum
312 1635 437 1686 plane
459 1635 556 1681 scio,
579 1648 646 1673 1116
666 1634 762 1686 plus
783 1634 1042 1674 condimenti
1063 1647 1115 1673 ex
1136 1647 1222 1673 vna
1242 1637 1319 1673 aut
1339 1633 1474 1673 altera
1495 1633 1661 1672 Erasmi
1683 1645 1698 1676 3
1706 1644 1719 1676 3

59 1689 247 1728 hausisse
262 1689 417 1740 pagina
434 1702 563 1739 quam
579 1702 665 1728 non
681 1703 703 1728 e
719 1688 880 1740 plaenis
896 1692 965 1728 tot
979 1689 1149 1728 interim
1167 1689 1466 1740 magistrorum
1482 1688 1660 1727 volumi-

59 1743 197 1782 nibus.
250 1743 314 1782 De
338 1757 431 1782 meo
455 1743 605 1794 loquor
627 1743 787 1794 palato,
813 1747 863 1782 vt
886 1744 921 1782 is
943 1744 1114 1782 interim
1138 1742 1207 1782 Vel
1230 1756 1256 1781 a
1279 1742 1446 1781 duobus
1470 1743 1661 1781 conuiuis

59 1799 211 1837 tertius
230 1797 451 1837 dissentire
468 1797 536 1837 vel
554 1811 576 1837 e
595 1797 805 1837 diametro
823 1797 1033 1837 videatur.
1083 1797 1176 1844 Qua
1193 1798 1238 1836 in
1254 1810 1299 1836 re
1316 1798 1379 1836 ita
1397 1797 1478 1836 mei
1496 1809 1662 1847 semper

59 1852 121 1891 fui
136 1852 295 1899 similis,
312 1856 362 1891 vt
376 1865 597 1903 nunquam
612 1865 697 1891 vno
713 1852 837 1891 simul
853 1865 922 1891 ore
938 1855 982 1890 et
997 1851 1181 1890 calidum
1196 1850 1387 1890 flauerim
1403 1855 1446 1890 et
1461 1851 1661 1902 gelidum,

59 1907 148 1946 siue
174 1906 219 1945 id
245 1906 412 1958 publice
440 1907 529 1946 siue
556 1907 759 1958 priuatim
787 1920 866 1945 vsu
894 1906 1092 1945 venisset.
1151 1905 1274 1953 Quod
1300 1906 1363 1944 ita
1390 1906 1475 1944 iam
1503 1905 1661 1956 vbique
1680 1917 1723 1948 40

58 1961 262 2012 gentium,
285 1961 538 2012 quibuscum
560 1961 718 2000 versari
739 1961 842 1999 mihi
864 1960 1031 2012 obtigit,
1054 1961 1098 1998 in
1120 1959 1310 1999 confesso
1331 1963 1410 2006 est,
1432 1963 1482 1998 vt
1503 1960 1537 1998 si
1558 1959 1661 2010 quid

59 2016 103 2054 in
120 2015 171 2054 iis
190 2028 444 2066 quacunque
463 2016 593 2054 etiam
613 2029 665 2054 ex
685 2028 812 2054 causa
831 2014 972 2062 velim,
993 2014 1108 2053 nulla
1128 2018 1275 2053 tamen
1293 2014 1460 2053 valeam
1480 2018 1660 2057 mutare,

58 2070 138 2108 nisi
164 2068 275 2108 forte
302 2071 384 2108 mei
412 2073 557 2121 optem
585 2069 796 2108 dissimilis
823 2068 940 2108 fieri:
985 2082 1071 2120 quo
1097 2068 1202 2107 nihil
1230 2081 1420 2119 vnquam
1448 2068 1551 2107 mihi
1579 2067 1662 2107 fuit

59 2123 275 2163 aliaenius.
321 2123 561 2163 Audierunt
577 2125 660 2163 ista
677 2137 730 2163 ex
748 2137 814 2163 me
830 2137 960 2175 regeS,
979 2122 1214 2175 pontifices,
1233 2124 1457 2175 principes,
1476 2135 1660 2174 praeser-

61 2179 140 2217 tim
168 2191 268 2217 vero
295 2191 417 2229 pares
445 2179 582 2224 amici,
612 2178 767 2229 quibus
794 2191 880 2218 non
908 2179 1041 2229 magis
1070 2178 1236 2216 Erasmi
1264 2177 1503 2217 doctrinam
1531 2190 1661 2228 quam
1682 2187 1724 2217 45

62 2232 287 2271 Erasmum
304 2233 444 2283 ipsum
462 2232 718 2284 praedicaui.
768 2233 848 2280 Qui
860 2246 947 2272 non
959 2233 1107 2272 tamin
1120 2245 1214 2271 mea
1230 2232 1361 2271 verba
1374 2245 1504 2282 quam
1517 2232 1561 2270 in
1572 2245 1660 2270 rem

58 2287 194 2338 ipsam
222 2288 355 2326 amice
384 2289 684 2335 coniurarunt:
733 2288 863 2327 etiam
891 2288 925 2326 si
951 2287 1130 2326 subinde
1156 2300 1243 2325 non
1269 2286 1463 2325 deessent
1490 2287 1576 2336 qui,
1612 2290 1661 2324 vt

58 2340 219 2392 reliqua
243 2341 523 2392 plausibiliter
547 2341 790 2393 probarent,
817 2342 880 2381 ita
903 2341 1116 2392 indignius
1141 2340 1248 2380 ferre
1274 2340 1520 2380 viderentur
1545 2341 1660 2391 quod

59 2395 216 2434 Lutero
249 2397 368 2446 (pace
400 2400 477 2435 tua
508 2395 703 2445 dixerim)
737 2400 886 2435 auctor
917 2395 1045 2435 fuisse
1077 2396 1287 2447 putareris
1319 2399 1369 2434 vt
1400 2398 1468 2433 tot
1500 2393 1660 2432 mundo

62 2449 229 2489 fabulas
247 2454 428 2501 pareret.
476 2449 528 2489 Id
547 2454 591 2490 et
610 2464 635 2489 a
654 2450 800 2489 multis
818 2451 897 2489 tibi
917 2451 1091 2501 appingi
1110 2463 1197 2489 non
1215 2450 1249 2488 is
1268 2449 1443 2488 inficias,
1682 2461 1722 2490 ,ω

118 2503 248 2543 Porro
282 2517 334 2543 ne
370 2508 516 2544 vetera
550 2508 594 2544 et
620 2505 872 2556 iampridem
901 2518 987 2543 non
1015 2504 1143 2544 semel
1170 2504 1320 2543 audita
1346 2507 1551 2554 repetam,
1581 2502 1659 2541 hoc

59 2557 209 2597 saltem
224 2572 357 2597 vnum
372 2562 524 2610 vtpote
536 2572 697 2598 nouum
712 2572 895 2599 assuam.
938 2559 1187 2598 Cacnabant
1201 2558 1361 2609 Pragae
1376 2570 1471 2596 cum
1487 2556 1602 2607 Rege
1616 2561 1660 2594 et

59 2612 222 2664 Regina
235 2613 345 2653 forte
360 2626 495 2665 nuper
508 2613 699 2653 Andreas
715 2614 894 2665 Burgus,
912 2613 1100 2653 Caesaris
1115 2616 1271 2660 orator,
1287 2625 1383 2650 raro
1398 2612 1464 2650 vir
1477 2611 1659 2662 ingenio,

106 2763 159 2787 20.
185 2754 339 2793 curione]
358 2755 408 2787 Cf.
430 2755 533 2787 Mart.
554 2764 570 2786 τ).
593 2755 700 2796 praef.
894 2754 990 2796 Sept.
1019 2756 1187 2796 1505—18
1223 2754 1300 2786 Oct.
1342 2754 1452 2794 1558),
1488 2753 1590 2784 sister
1627 2752 1662 2783 of

107 2807 160 2830 21.
185 2796 296 2836 intus]
313 2798 363 2830 Cf.
384 2798 475 2829 Pers.
498 2808 527 2838 3.
547 2808 599 2838 30.
896 2797 1035 2830 Chflrles
1072 2807 1117 2832 v:
1166 2797 1267 2835 later,
1301 2796 1495 2828 Governess
1531 2796 1567 2828 of
1602 2794 1661 2827 the

106 2842 159 2881 38.
184 2840 381 2880 dissentire]
395 2841 445 2874 Cf.
462 2841 546 2873 Hor.
565 2842 627 2881 E'p.
644 2850 674 2873 2.
691 2850 721 2873 2.
737 2842 827 2880 61,2.
895 2840 1141 2879 Netherlands,
1164 2848 1258 2881 1530.
1302 2840 1375 2872 Her
1394 2840 1562 2879 marriage
1583 2849 1662 2870 oon-

110 2893 160 2925 52.
186 2884 340 2924 assuam]
358 2885 409 2918 Cf.
429 2884 513 2917 Hor.
534 2886 575 2916 A.
594 2884 632 2916 P.
656 2886 704 2916 16.
896 2884 1033 2916 tracted
1059 2887 1098 2916 at
1124 2884 1259 2916 Vienna
1284 2893 1324 2915 22
1354 2883 1440 2924 July
1470 2891 1563 2924 1515,
1593 2883 1663 2914 had

148 2927 258 2970 Rege]
288 2928 393 2961 Louis
425 2936 453 2960 11
477 2929 511 2961 cf
542 2928 736 2969 Hungary:
772 2937 827 2959 sec
895 2928 970 2966 just
991 2927 1077 2960 been
1101 2927 1297 2960 celebrated
1318 2930 1357 2959 at
1380 2926 1493 2963 Buda,
1520 2935 1556 2966 13
1580 2926 1660 2958 Jan.

67 2971 131 3012 Ep.
150 2973 224 3012 850.
248 2973 322 3004 18n.
900 2980 981 3009 1522
999 2984 1007 3005 ε
1037 2981 1092 3002 sco
1112 2971 1183 3003 BN.
1205 2971 1275 3003 xiii.
1293 2972 1422 3012 673-85

111 3022 162 3054 53.
188 3014 337 3057 Regina]
376 3015 476 3057 Mary
516 3015 552 3047 01
590 3015 732 3048 Austria
771 3016 824 3055 (15
985 3013 1135 3057 Burgus]
1168 3015 1222 3047 An
1257 3014 1385 3048 Italian
1418 3014 1494 3046 who
1526 3023 1594 3045 was
1625 3013 1660 3044 in

123 3080 216 3112 452·5
846 3075 874 3104 G
