2012 3370
237 104 317 144 200
707 100 962 140 LETTERS
993 101 1065 141 OF
1095 101 1359 142 ERASMUS
1708 104 1831 154 [1523

293 215 351 254 Et
366 215 566 266 quoniam
583 213 764 258 difficile,
781 225 833 250 nc
849 211 988 250 dicam
1004 212 1195 258 ἀδύνατον,
1211 216 1276 250 est
1292 212 1482 250 animum
1497 211 1541 249 in
1556 224 1606 250 ea
1621 224 1730 263 quae
1745 225 1831 252 non

178 283 221 316 30
237 270 351 309 noris
363 267 658 321 amplectenda
676 266 891 313 inclinare,
912 266 946 305 si
958 277 1080 304 nosse
1099 265 1164 304 vis
1183 267 1277 316 quis
1297 267 1389 312 sim,
1406 266 1459 304 D.
1482 265 1663 305 Ioannes
1682 266 1831 314 Faber,

239 322 618 371 Constantien<sis>
646 321 842 367 vicarius,
873 320 947 371 qui
982 319 1233 358 iamdudum
1269 321 1379 359 istuc
1416 321 1655 372 peruenisse
1691 320 1833 368 debet,

237 382 282 417 te
304 379 524 417 certiorem
545 376 683 415 facere
705 375 888 427 poterit:
927 375 1100 426 quicum
1121 373 1189 413 hic
1209 374 1373 425 aliquot
1395 387 1559 414 menses
1581 375 1833 414 coniunctis-

238 433 341 471 sime
364 432 465 478 vixi,
488 435 532 470 et
554 443 679 482 saepe
700 430 752 469 de
775 429 952 468 Erasmo
974 429 1144 479 Vtrique
1165 432 1358 467 nostrum
1380 429 1625 468 charissimo
1646 429 1833 468 libentis-

239 487 342 526 sime
366 486 570 536 loquutus
593 497 700 523 sum.
755 483 889 531 Quem
913 495 990 534 ego
1013 482 1227 522 hominem
1252 483 1423 522 mirifice
1448 483 1576 534 diligo
1600 483 1655 522 ob
1678 484 1834 535 ingenii

179 555 218 588 35
239 540 465 580 candorem
491 552 540 578 ac
565 538 832 585 modestiam,
859 536 1136 589 multiplicem
1162 537 1399 576 doctrinam
1425 542 1469 576 et
1496 537 1628 588 (quod
1652 541 1834 589 vtroque

238 594 369 646 pluris
392 593 519 642 facio)
544 606 669 632 verae
692 592 790 631 fidei
814 591 950 631 zelum
974 604 1023 631 ac
1047 591 1315 631 Lutheranae
1338 591 1592 643 perfidiaene
1615 591 1755 631 dicam
1779 605 1835 631 an

237 649 427 688 insaniae
451 648 779 687 detestationem
800 660 807 684 :
848 660 934 697 qua
956 646 1095 685 nescio
1118 659 1174 684 an
1197 647 1424 697 quicquam
1448 646 1676 687 habuerint
1698 646 1835 686 multa

238 706 451 742 retroacta
468 702 608 741 secula
623 701 843 748 infelicius,
863 701 1152 747 monstrosius,
1172 701 1396 739 exitialius.
1443 701 1570 740 Cuius
1586 701 1645 740 rei
1663 714 1834 740 causam

240 757 367 796 aliam
401 757 598 796 estimare
631 769 717 795 non
750 755 872 795 valeo
904 756 984 794 nisi
1018 755 1133 806 quod
1166 756 1419 794 iustissimus
1453 755 1569 794 Deus
1602 755 1657 794 ob
1689 756 1837 807 grauia

177 827 223 859 40
238 811 472 858 hominum,
490 824 577 851 non
593 812 732 850 minus
744 810 1120 849 ecclesiasticorum
1134 822 1263 860 quam
1277 809 1492 857 laicorum,
1507 809 1676 856 scelera,
1694 810 1837 849 omnia

239 867 298 905 sic
317 865 519 905 confundi
537 866 742 917 patiatur,
763 869 813 903 vt
842 864 910 902 vel
940 864 1166 902 vexatione
1195 866 1477 914 πεπαιδευμένοι
1521 864 1577 903 ad
1605 864 1838 903 Dominum

239 920 378 960 Deum
402 933 526 959 suum
548 923 831 966 reuertamur,
863 918 1113 968 discantque
1138 931 1282 956 omnes
1311 931 1441 968 quam
1467 931 1659 958 amarum
1689 919 1745 957 sit
1767 931 1839 958 eos

240 975 455 1026 reliquisse
472 974 653 1013 eundem
670 974 903 1012 Dominum
920 972 1058 1011 Deum
1076 985 1213 1010 suum.
1260 972 1312 1010 Id
1329 972 1444 1023 quod
1461 985 1537 1024 ego
1554 973 1657 1012 mihi
1674 986 1839 1024 semper

240 1043 293 1068 ex
308 1030 388 1068 hac
402 1042 543 1068 rerum
559 1029 749 1067 omnium
765 1026 1085 1078 perturbatione
1101 1030 1157 1072 et,
1176 1030 1226 1065 vt
1241 1027 1299 1065 sic
1315 1026 1467 1074 dicam,
1485 1027 1840 1078 praeposteritate

178 1099 220 1132 45
240 1083 416 1123 tandem
436 1083 631 1122 futurum
652 1082 704 1120 de
724 1083 930 1120 immensa
952 1080 1031 1119 Dei
1052 1080 1246 1119 bonitate
1266 1085 1311 1119 et
1331 1081 1522 1132 plurimis
1543 1085 1839 1121 anteactorum

240 1141 482 1189 temporum
527 1136 731 1188 exemplis
777 1135 990 1187 pollicitus
1035 1147 1143 1173 sum.
1218 1135 1367 1186 Neque
1412 1136 1642 1187 quicquam
1687 1136 1840 1175 dubito

240 1191 474 1231 Martinum
489 1191 737 1237 Lutherum,
758 1190 832 1241 qui
850 1202 962 1228 nunc
981 1193 1153 1228 tantum
1172 1202 1258 1228 non
1276 1202 1353 1241 pro
1371 1189 1450 1229 deo
1469 1190 1633 1238 colitur,
1654 1194 1699 1229 et
1716 1203 1842 1242 super

240 1246 386 1285 cedros
401 1246 554 1285 Libani
573 1245 801 1291 exaltatus,
818 1248 863 1283 et
881 1257 1012 1296 prope
1032 1245 1174 1282 omnia
1193 1244 1249 1283 ad
1267 1245 1452 1295 seipsum
1472 1246 1652 1284 traxisse
1671 1245 1843 1284 videtur

241 1301 513 1352 maximaque
530 1301 769 1339 animarum
787 1303 926 1350 strage
943 1298 1141 1345 laetatur,
1162 1299 1259 1345 cito,
1279 1300 1359 1338 nisi
1376 1300 1610 1350 resipuerit,
1630 1312 1727 1338 cum
1744 1303 1840 1338 toto

181 1370 226 1405 50
241 1368 363 1407 grege
383 1355 628 1406 sequacium
648 1366 820 1393 suorum
841 1353 1095 1404 dissipatum
1113 1353 1177 1399 iri,
1200 1354 1310 1392 sicut
1329 1353 1547 1404 puluerem
1567 1357 1668 1393 ante
1687 1353 1839 1392 faciem

241 1410 373 1456 venti,
400 1413 444 1448 et
466 1409 512 1448 in
535 1409 622 1447 ima
645 1408 768 1447 inferi
793 1407 1109 1446 deturbandum
1130 1420 1138 1445 :
1180 1407 1314 1446 veluti
1337 1408 1388 1446 iis
1413 1409 1486 1458 qui
1510 1407 1714 1459 dogmata
1737 1408 1841 1447 haec

242 1464 390 1503 eadem
407 1463 547 1513 (multi
561 1463 673 1502 enim
688 1463 744 1509 hi,
761 1466 810 1500 vt
824 1463 916 1508 scis,
932 1461 1065 1510 fuere)
1081 1461 1148 1500 vel
1162 1461 1245 1500 alia
1258 1462 1323 1500 his
1337 1462 1489 1500 similia
1503 1462 1559 1501 ad
1572 1462 1842 1514 popularium

242 1519 409 1557 aurium
442 1518 654 1569 pruritum
688 1516 1011 1555 accommodata
1044 1529 1226 1554 asserere
1259 1520 1304 1555 et
1336 1516 1516 1568 probare
1549 1518 1692 1556 conati
1726 1521 1840 1563 sunt,

241 1584 406 1624 semper
434 1573 622 1611 euenisse
650 1571 840 1623 legimus.
897 1570 1104 1621 Nunquid
1132 1571 1245 1608 enim
1273 1583 1359 1609 non
1386 1571 1530 1609 lumen
1557 1571 1767 1618 tenebras,
1798 1575 1843 1610 et

185 1641 222 1675 55
243 1626 512 1666 mendacium
535 1627 706 1672 veritas,
731 1630 775 1664 et
797 1625 1007 1675 sapientia
1030 1624 1241 1662 maliciam
1264 1625 1320 1663 ad
1341 1629 1580 1664 extremum
1603 1627 1777 1664 vincent
1799 1629 1844 1664 et

242 1681 506 1733 superabunt
527 1683 542 1718 ’ἲ
589 1680 843 1730 Quanquam
858 1680 1020 1717 interea
1035 1678 1139 1717 nihil
1155 1679 1441 1718 omittendum
1456 1680 1586 1718 estiis
1601 1680 1844 1731 quicunque

242 1735 446 1774 aduersus
471 1735 710 1774 carcinoma
738 1734 817 1772 hoc
846 1737 938 1772 tam
962 1733 1049 1771 late
1074 1746 1244 1784 serpens
1267 1733 1442 1772 remedii
1466 1733 1627 1785 ahquid
1649 1733 1844 1783 affe<rre>

244 1793 435 1842 possunt,
453 1790 556 1840 quin
570 1788 921 1840 perniciosissimo
934 1792 977 1826 et
990 1787 1160 1826 funesto
1172 1787 1270 1827 111110
1283 1788 1431 1827 morbo
1443 1801 1530 1827 non
1541 1789 1627 1827 iam
1641 1789 1841 1835 venienti,

245 1844 319 1883 sed
346 1844 391 1883 in
419 1844 581 1883 viscera
609 1843 795 1882 nationis
823 1846 993 1881 nostrae
1022 1843 1277 1893 penetranti,
1308 1855 1385 1894 pro
1414 1842 1575 1882 viribus
1604 1847 1841 1882 occurrant.

182 1907 229 1938 60
246 1898 297 1937 In
326 1898 481 1950 quibus
509 1911 642 1949 quum
671 1902 720 1937 tu
755 1897 873 1943 scias,
905 1897 939 1935 si
973 1910 1025 1935 ex
1058 1896 1312 1946 modesti<a>
1345 1897 1608 1936 dissimulare
1642 1910 1729 1937 non
1762 1898 1842 1945 vis,

245 1965 372 2003 quem
393 1952 533 1992 locum
561 1956 607 1991 et
633 1964 761 2003 quem
789 1951 887 1990 belli
915 1963 992 2002 pro
1020 1950 1187 1990 Christo
1206 1951 1377 2002 gerendi
1397 1956 1654 2003 apparatum
1681 1956 1841 1998 teneas,

244 2007 349 2046 1111111
365 2006 516 2046 dubito
531 2007 636 2057 quin
649 2007 735 2045 iam
750 2018 951 2057 magnum
968 2009 1012 2044 et
1023 2018 1167 2044 rarum
1181 2010 1226 2045 et
1240 2018 1437 2058 praesens
1452 2006 1614 2058 aliquid
1628 2006 1813 2046 moliaris
1833 2018 1841 2044 :

244 2061 360 2112 quod
379 2061 422 2099 hi
443 2060 552 2100 oculi
581 2061 820 2112 gestientes,
851 2072 986 2112 spero,
1016 2059 1238 2107 videbunt,
1269 2064 1501 2112 antequam
1525 2060 1649 2100 multi
1678 2073 1842 2100 menses

246 2115 416 2154 abeant.

183 2175 225 2217 65
300 2169 383 2209 Sed
404 2168 502 2208 vide
524 2181 609 2220 quo
632 2181 698 2207 me
720 2168 910 2219 rapuerit
931 2167 1071 2207 feruor
1094 2181 1224 2215 meus,
1249 2182 1382 2220 quum
1404 2170 1526 2208 initio
1550 2169 1841 2209 breuissimarn

246 2227 418 2262 tantum
446 2223 669 2274 epistolam
697 2223 876 2261 scribere
904 2223 1139 2261 statuerim.
1198 2223 1453 2275 Quanquam
1480 2224 1585 2262 nihil
1611 2224 1714 2263 haec
1742 2228 1844 2263 sunt

246 2277 307 2316 ad‘
329 2291 379 2317 ea
405 2291 514 2328 quae
542 2277 719 2316 Erasmo
748 2290 842 2316 meo
871 2289 1013 2315 coram
1040 2276 1177 2316 dicere
1204 2277 1383 2316 vellem:
1428 2278 1543 2328 quod
1569 2279 1604 2317 si
1630 2278 1747 2325 1111111,
1777 2279 1843 2317 vti

248 2345 381 2383 spero,
404 2332 622 2383 continget
642 2335 693 2370 vt
711 2331 882 2382 possim,
904 2331 949 2369 in
967 2330 1184 2370 felicitatis
1204 2344 1321 2370 meae
1341 2345 1427 2371 non
1447 2345 1581 2383 parua
1601 2336 1713 2371 sorte
1733 2333 1842 2384 posi-

246 2391 369 2425 turus
386 2399 493 2424 sum.
540 2385 622 2425 Sed
639 2385 742 2436 quid
760 2385 812 2424 de
829 2398 896 2424 me
914 2385 1008 2424 dico
1025 2387 1041 2422 ⁶?
1075 2386 1161 2424 imo
1176 2399 1252 2424 nec
1266 2386 1306 2425 S.
1322 2386 1374 2425 D.
1389 2386 1442 2425 N.
1457 2399 1534 2425 1160
1547 2390 1762 2437 quotquot
1774 2386 1842 2426 1110

187 2456 230 2489 70
248 2444 349 2479 sunt
364 2440 464 2479 boni
479 2444 523 2479 et
538 2440 653 2479 docti
668 2441 760 2486 viri,
779 2444 879 2478 sunt
893 2440 1085 2491 posituri.
1129 2439 1355 2491 Vtcunque
1371 2444 1515 2479 autem
1531 2441 1623 2487 erit,
1641 2440 1843 2480 Erasmus

249 2507 366 2534 meus
393 2508 460 2533 me
486 2499 629 2533 totum
657 2507 780 2533 suum
807 2493 875 2532 vel
901 2495 1085 2532 amicum
1112 2494 1180 2532 vel
1206 2495 1454 2534 seruitorem
1480 2495 1548 2534 vel
1573 2495 1842 2534 fortunarum

248 2562 420 2588 suarum
450 2552 766 2600 procuratorem
797 2552 1003 2599 perpetuo
1033 2552 1098 2587 est
1126 2548 1378 2588 habiturus:
1426 2562 1552 2600 quem
1583 2549 1656 2588 diu
1686 2550 1843 2597 viuere,

248 2603 387 2641 valere
408 2616 457 2642 ac
476 2603 720 2642 mortalium
740 2604 879 2654 generi
898 2602 1095 2654 prodesse
1115 2604 1251 2654 cupio.

303 2657 466 2696 Romae
486 2661 610 2696 XXVt-‘1
634 2657 701 2696 die
721 2656 909 2696 Ianuarii
930 2666 1047 2706 1522.

189 2741 228 2774 75
721 2728 850 2775 Tuus,
875 2727 1107 2778 quantulus
1130 2731 1195 2767 est
1216 2729 1349 2767 eritue
1372 2741 1574 2780 vnquam,
1599 2729 1646 2769 T.
1671 2729 1841 2777 Hezius,

257 2838 299 2841 —
337 2838 390 2841 Q·
434 2839 573 2841 -*--r
937 2780 977 2819 S.
1000 2781 1053 2820 D.
1070 2782 1123 2821 N.
1149 2781 1292 2834 Papae
1316 2784 1620 2833 secr<etarius>.

296 2871 346 2901 30.
374 2839 499 2901 Faber]
517 2840 650 2904 CfsEp.
671 2872 766 2904 1324.
788 2874 886 2897 121n.
1125 2866 1178 2907 48.
1205 2863 1366 2903 traxisse]
1384 2864 1431 2896 Cf.
1451 2863 1546 2896 John
1565 2873 1613 2895 12.
1633 2872 1684 2903 32.

294 2913 348 2943 40.
370 2905 696 2945 ecclesiasticorum]
708 2907 757 2939 Cf.
772 2908 836 2948 Ep.
853 2917 947 2948 1324.
962 2918 1013 2950 72.
1123 2917 1179 2947 49.
1204 2907 1289 2946 cito]
1307 2907 1355 2940 Cf.
1374 2908 1438 2949 Ep.
1459 2916 1554 2948 1324.
1571 2909 1623 2948 85.

253 2957 349 3024 8153?
374 2949 607 2989 summm
620 2949 758 2989 Libani]
772 2951 820 2983 Cf.
837 2951 900 2992 ΕΡ·
919 2960 1013 2991 ¹³²⁴·
1123 2959 1178 3034 ἐξ·
1205 2952 1296 3025 {2⁰15}
1304 2950 1774 3032 .1³.¹{¹¹.1?3{ff.3„0{{·01}?·ff:‚⁴12.⁵2.
1791 3003 1843 3034 30.
