2012 3370
189 118 310 167 1451]
650 115 722 154 TO
751 113 1007 153 WILLIAM
1036 113 1297 154 WARHAM
1702 117 1778 156 467

243 224 365 271 Quod
395 229 539 262 autem
568 227 659 262 tam
688 221 902 273 placidum
930 223 1145 274 ingenium
1176 222 1278 261 mihi
1307 222 1429 262 dabis
1459 227 1508 263 vt
1537 224 1779 265 huiusmodi

189 278 310 317 malis
350 278 593 317 lacessitum
631 289 718 316 non
758 276 1042 316 exardescat?
1112 277 1170 315 Et
1209 282 1356 317 tamen
1396 278 1430 317 si
1471 279 1566 329 quis
1605 280 1779 331 propius

189 333 388 384 inspiciat
433 331 730 383 expendatque
774 330 901 369 libros
944 332 988 369 in
1032 331 1186 382 quibus
1229 335 1325 370 tota
1366 332 1564 372 libertate
1608 334 1778 373 videtur
1798 341 1840 373 80

187 387 231 426 in
244 386 452 438 quosdam
464 385 620 432 inuehi,
635 385 753 424 velut
765 385 810 424 in
824 384 1114 436 Vigilantium,
1128 387 1173 423 in
1188 385 1419 433 Ruffinum,
1435 388 1479 426 in
1493 386 1777 436 Iouinianum,

186 442 222 480 is
250 441 563 480 animaduertet
590 439 726 478 multo
754 439 849 489 plus
878 439 1047 478 subesse
1075 438 1324 478 festiuitatis
1353 453 1483 490 quam
1512 442 1776 489 virulentiae,

187 499 231 534 et
256 497 300 534 in
328 495 476 533 mediis
499 494 580 533 illis
607 494 806 533 conuiciis
832 493 1119 544 deprehendet
1145 493 1438 534 humanissimi
1463 496 1619 546 ingenii
1645 497 1777 535 mani-

186 549 296 588 festa
327 550 518 600 vestigia.
578 547 630 586 In
661 547 888 587 comoediis
919 547 1079 586 Demea
1110 560 1243 598 quum
1275 553 1423 587 contra
1453 554 1652 589 naturam
1684 550 1779 590 vult

186 615 275 642 esse
302 605 432 642 comis
458 616 506 641 ac
532 601 723 649 festiuus,
752 606 898 641 tamen
925 601 1160 640 blandiciae
1187 614 1356 653 quoque
1382 602 1543 643 habent
1569 609 1778 656 agrestem
1796 612 1835 653 85

186 658 538 696 amarulentiam:
581 660 728 695 contra
754 669 887 707 quum
913 655 1036 695 Mitio
1062 660 1229 706 praeter
1255 669 1380 696 suum
1405 658 1633 708 ingenium,
1661 659 1777 710 quod

187 711 373 750 habebat
405 712 520 758 mite,
554 710 750 762 obiurgat
781 710 1026 757 Eschinum,
1059 715 1204 749 tamen
1235 711 1328 761 ipsa
1359 713 1562 751 seueritas
1593 713 1777 752 multum

187 765 318 805 habet
344 766 545 805 lenitatis.
602 764 718 804 Nihil
746 769 891 804 autem
921 764 1159 804 Christiana
1188 765 1395 804 charitate
1424 766 1636 814 mellitiuS,
1668 781 1777 819 quae

186 833 318 871 quum
340 821 524 859 maxime
545 820 693 866 saeuit,
718 819 884 858 obtinet
905 823 1051 858 tamen
1072 832 1194 858 suam
1214 820 1409 858 natiuam
1431 820 1709 869 dulcedinem,
1733 827 1778 861 et

185 875 273 913 vini
289 875 565 914 necessariam
581 874 855 913 acrimoniam
872 873 952 913 0101
966 873 1142 912 lenitate
1158 878 1383 925 temperat.
1428 874 1558 914 Porro
1575 877 1775 927 quemad·
1793 892 1837 922 90

186 928 360 967 modum
383 928 440 968 M.
464 927 625 968 Tullius
647 941 859 979 nusquam
882 932 948 967 est
970 927 1258 967 admirabilior
1279 929 1324 967 in
1347 928 1527 968 dicendo
1550 942 1679 981 quam
1704 930 1777 970 vbi

184 982 302 1022 dolor
329 996 404 1022 ceu
432 983 567 1022 calcar
593 982 716 1021 addit
741 982 1006 1034 eloquentiae
1032 982 1207 1030 viribus,
1234 984 1297 1022 ita
1323 982 1448 1022 diuus
1475 983 1775 1036 Hieronymus,

184 1050 316 1088 quum
346 1050 558 1089 nusquam
588 1049 674 1076 non
704 1038 761 1076 sit
791 1037 994 1084 eruditus,
1025 1050 1238 1088 nusquam
1268 1050 1354 1076 non
1385 1037 1598 1089 eloquens,
1630 1044 1776 1078 tamen

183 1091 299 1130 haud
319 1091 419 1131 alibi
434 1092 538 1131 dicit
558 1091 706 1130 melius
727 1104 857 1142 quam
877 1091 951 1130 vbi
971 1091 1186 1131 maledicit
1205 1091 1428 1130 haereticis
1448 1097 1525 1132 aut
1545 1093 1774 1132 calumnia-

183 1145 374 1185 toribus:
427 1147 462 1185 si
496 1150 641 1185 tamen
677 1146 755 1185 hoc
791 1150 856 1185 est
892 1145 1152 1194 maledicere,
1190 1145 1305 1197 quod
1340 1159 1488 1185 verum
1524 1152 1589 1186 est
1624 1149 1776 1188 acriter
1792 1164 1833 1196 95

183 1199 420 1240 defendere.

236 1253 402 1293 Primus
433 1255 562 1305 igitur
593 1259 736 1293 tomus
767 1254 890 1293 nobis
922 1254 1116 1294 exhibuit
1148 1254 1458 1306 Hieronymum
1491 1255 1772 1307 eloquentem,

180 1308 248 1348 hic
274 1308 492 1347 exhibebit
516 1307 815 1347 fulminantem
841 1321 890 1347 30
915 1313 1153 1348 tonantem.
1208 1308 1284 1348 Ille
1310 1309 1543 1348 declarauit
1568 1312 1774 1362 insignem

180 1362 362 1401 hominis
377 1363 714 1409 sanctimoniam,
731 1363 798 1401 hic
814 1362 1046 1402 declarabit
1060 1363 1269 1402 inuictum
1285 1364 1415 1402 animi
1429 1363 1558 1402 robur
1573 1365 1775 1404 aduersus

179 1428 325 1456 omnes
354 1416 560 1456 malorum
589 1417 786 1455 assultus.
845 1417 911 1457 Sic
939 1421 1095 1456 natura
1124 1422 1419 1468 comparatum
1448 1422 1514 1457 est
1543 1424 1592 1457 vt
1620 1421 1776 1459 eximia
1797 1435 1858 1458 100

180 1471 316 1510 virtus
353 1483 440 1510 non
477 1471 665 1522 proferat
703 1471 968 1522 splendorem
1006 1484 1132 1510 suum
1168 1472 1250 1510 nisi
1288 1471 1409 1510 malis
1448 1474 1661 1520 exercita;
1716 1475 1774 1513 sic

179 1537 329 1564 aurum
349 1526 494 1576 purius
513 1524 624 1564 redit
647 1539 699 1564 ex
721 1527 808 1577 igni
827 1539 836 1572 ;
875 1526 934 1564 sic
955 1525 1040 1564 ilex
1063 1530 1236 1565 attonsa
1259 1525 1374 1565 duris
1398 1525 1651 1578 bipennibus
1674 1527 1772 1567 den·

178 1580 285 1618 siore
309 1592 523 1619 ramorum
549 1584 760 1631 prouentu
786 1580 999 1632 syluescit,
1025 1584 1081 1628 et,
1109 1580 1225 1632 quod
1250 1581 1312 1620 ait
1337 1580 1555 1629 Horatius,

1205 1653 1260 1692 ab
1278 1655 1371 1705 ipso

666 1708 794 1746 Ducit
814 1720 914 1760 opes
934 1709 1208 1759 animumque
1228 1707 1350 1747 ferro.
1795 1721 1852 1753 103

179 1780 483 1820 Gubernatoris
512 1786 556 1820 ct
585 1785 720 1820 artem
750 1786 793 1820 et
823 1783 1012 1820 animum
1042 1782 1259 1821 declarant
1288 1786 1578 1833 tempestates.
1637 1784 1774 1824 Nemo

179 1848 368 1886 vnquam
400 1837 510 1874 inter
543 1848 716 1887 magnos
749 1836 876 1875 duces
908 1836 1080 1876 habitus
1112 1841 1178 1875 est
1208 1836 1290 1875 nisi
1321 1838 1439 1875 cuius
1471 1838 1677 1877 virtutem
1708 1852 1773 1877 res

179 1889 380 1929 aduersae
413 1894 651 1941 spectatam
683 1890 914 1930 reddidere.
977 1890 1035 1929 Et
1067 1891 1102 1929 si
1134 1890 1200 1930 fas
1232 1895 1297 1930 est
1330 1891 1490 1942 aliquid
1523 1905 1545 1930 e
1579 1897 1773 1932 veterum

178 1944 334 1983 fabulis
372 1944 601 1983 admiscere
640 1946 700 1983 rei
738 1946 882 1991 seriae,
924 1944 1031 1984 Iuno
1071 1945 1174 1984 dum
1214 1945 1440 1984 Herculem
1479 1948 1594 1985 omni
1633 1949 1773 1998 generi

178 1998 458 2049 periculorum
499 1998 657 2045 obiicit,
699 1999 803 2038 nihil
843 1999 959 2038 aliud
999 2012 1129 2050 quam
1170 2000 1376 2038 virtutem
1415 1999 1527 2039 illius
1566 2001 1772 2041 illustrem
1795 2015 1856 2038 110

178 2052 375 2099 reddidit,
398 2057 442 2092 et
462 2054 542 2103 ipsi
563 2053 729 2092 diuinos
750 2054 928 2092 honores
949 2055 1131 2105 parauit.
1182 2053 1249 2094 Sic
1270 2058 1314 2093 et
1334 2054 1543 2093 Dominus
1564 2055 1772 2095 athletam

177 2120 301 2146 suum
326 2106 404 2146 Iob
428 2106 611 2146 Satanae
634 2107 878 2147 vexandum
901 2109 1106 2159 permisit,
1131 2112 1181 2147 vt
1203 2121 1277 2160 per
1298 2108 1419 2148 illum
1442 2108 1564 2147 nobis
1587 2110 1772 2150 inuictae

177 2162 409 2213 patientiae
434 2166 604 2213 pararet
628 2162 869 2213 exemplum
890 2176 898 2209 3
940 2164 998 2202 sic
1023 2163 1213 2202 tentauit
1235 2162 1439 2202 dilectum
1465 2163 1695 2212 Abraham,
1724 2171 1772 2205 vt

178 2216 361 2254 mundus
390 2216 596 2267 insignem
627 2217 808 2256 hominis
838 2230 936 2268 erga
966 2217 1105 2256 Deum
1135 2216 1335 2256 fiduciam
1366 2223 1624 2268 agnosceret.
1683 2220 1772 2259 Nec

178 2269 426 2322 Hieronymi
476 2271 812 2322 magnitudinem
860 2285 1193 2323 agnosceremus,
1243 2273 1324 2311 nisi
1372 2273 1680 2312 haereticorum
1729 2280 1773 2313 et-
1795 2287 1852 2319 115

176 2323 513 2364 obtrectatorum
536 2325 757 2365 calumniis
778 2326 1055 2365 inclaruisset.

230 2378 361 2418 Porro
384 2379 499 2430 quod
522 2379 614 2427 tibi,
639 2380 985 2420 reuerendissime
1009 2379 1194 2428 Praesul,
1219 2380 1318 2420 licet
1341 2382 1385 2419 111
1410 2381 1538 2419 variis
1561 2385 1605 2420 et
1628 2381 1772 2421 arduis

175 2434 358 2485 negociis
384 2435 584 2481 versanti,
612 2438 842 2485 perpetuus
869 2436 984 2474 vitae
1012 2448 1157 2474 cursus
1184 2448 1317 2486 Vsque
1344 2434 1400 2473 ad
1425 2436 1553 2473 istam
1580 2440 1768 2475 senectu-

176 2492 276 2534 tem,
308 2501 417 2538 quae
446 2492 490 2527 et
518 2489 611 2539 ipsa
640 2488 788 2528 florida
818 2490 997 2540 contigit
1026 2502 1075 2528 ac
1105 2490 1258 2536 virens,
1288 2490 1333 2528 in
1362 2489 1499 2527 nullas
1528 2489 1770 2529 huiusmodi

174 2542 413 2592 tragoedias
430 2543 619 2594 impegit,
640 2542 832 2582 fortassis
850 2543 957 2582 alius
975 2543 1224 2583 asscriberet
1242 2543 1310 2582 vel
1328 2544 1564 2594 integritati
1583 2548 1683 2583 tuae
1704 2545 1769 2583 vel
1793 2559 1854 2581 120

175 2595 424 2646 prudentiae
446 2610 453 2635 :
491 2610 568 2647 ego
590 2597 702 2636 malo
723 2597 860 2637 fauori
882 2598 1027 2637 diuino
1050 2597 1289 2644 asscribere,
1314 2599 1380 2636 0111
1401 2597 1530 2636 debes
1553 2599 1770 2639 vniuersas

174 2651 278 2688 istas
311 2651 440 2688 animi
474 2652 538 2689 tui
570 2650 705 2690 dotes.
766 2651 823 2690 Et
856 2656 1002 2691 tamen
1039 2665 1125 2691 non
1163 2653 1334 2691 omnino
1372 2651 1599 2690 defuerunt
1629 2665 1769 2692 rerum

174 2703 458 2750 difficultates,
504 2718 613 2755 quae
660 2718 870 2744 summam
914 2707 1045 2745 animi
1090 2707 1155 2745 tui
1199 2707 1485 2745 constantiam
1534 2719 1631 2745 cum
1678 2709 1769 2758 pari

175 2757 401 2808 prudentia
439 2759 708 2798 coniunctam
747 2759 1022 2799 declararent.
1091 2760 1148 2798 Vt
1185 2759 1492 2806 difficillimum,
1531 2761 1594 2799 ita
1631 2763 1769 2813 regiae

173 2812 371 2864 dignitati
403 2813 644 2863 proximum
675 2818 740 2852 est
770 2813 886 2864 apud
918 2814 1074 2865 Anglos
1106 2827 1226 2865 agere
1258 2814 1575 2853 Cancellarium.
1637 2814 1687 2854 In
1719 2829 1768 2856 eo
1792 2830 1849 2862 ¹25

646 2912 696 2952 83.
724 2910 909 2944 manifesta
924 2924 942 2940 α
958 2923 964 2942 :
991 2911 1272 2944 manifestissima
1289 2914 1321 2946 β.

238 3019 310 3050 103.
336 3009 519 3050 Horatius]
536 3009 573 3043 ζ’,
591 3021 623 3052 4.
639 3021 674 3052 4.
693 3012 813 3052 57-60.
1006 3019 1075 3050 125.
1104 3010 1369 3053 Cancelluriunil
1387 3011 1437 3044 Cf.
1457 3011 1520 3054 Ep.
1541 3014 1615 3054 388.
1634 3014 1713 3047 8611.

912 3080 946 3108 Η
968 3069 995 3108 11
1021 3081 1042 3108 ,ι
