2012 3370
242 144 317 183 150
708 142 962 182 LETTERS
993 141 1065 182 OF
1096 140 1359 181 ERASMUS
1711 143 1834 193 [1522

239 252 406 303 scriptis
429 251 660 302 explicabit
683 251 824 290 latius.
878 251 954 291 Cui
977 251 1155 290 eandem
1180 265 1309 303 quam
1334 252 1457 291 nobis
1480 251 1703 291 habiturus
1727 265 1837 292 esses

240 305 367 345 fidem
388 306 623 344 adhibebis.

161 378 195 400 12
202 378 216 409 5
293 360 454 399 Datum
479 360 641 399 Romae
664 364 771 411 aput
794 363 990 399 sanctum
1014 360 1188 399 Petrum
1212 360 1291 400 sub
1314 360 1441 399 anulo
1465 361 1699 412 piscatoris,
1725 374 1837 400 anno

239 414 410 454 Domini
432 425 547 464 1522.
569 414 637 453 die
655 415 792 465 prima
811 414 1045 454 decembris
1064 428 1072 454 ε
1108 414 1384 467 pontificatus
1402 415 1536 454 nostri
1555 428 1667 454 anno
1686 416 1836 466 primo.

1530 469 1578 508 T.
1610 469 1781 509 Hezius.

504 640 688 693 1325134ο
748 637 815 679 ΤΟ
850 638 995 680 DUKE
1028 640 1231 683 GEORGE
1264 654 1322 683 oF
1354 644 1569 684 δΑΧΟΝΥ.

284 711 447 747 Dresden
463 712 552 755 MS„
568 713 654 748 Loc.
674 722 803 757 10300,
820 712 844 746 f.
862 722 895 757 3.
1553 715 1672 753 Basle.

284 771 473 806 Horawitz
486 771 508 806 i.
525 781 558 816 3.
1429 784 1446 820 5
1465 774 1669 809 December
1687 783 1788 818 1522.

280 850 350 895 [An
376 851 521 893 original
545 851 650 883 letter
673 851 710 883 in
736 850 796 883 the
823 850 961 883 volume
987 851 1077 884 from
1104 853 1216 886 which
1242 854 1307 896 Ep.
1339 857 1421 895 1283
1448 865 1586 887 comes:
1626 855 1766 887 written
1794 854 1840 896 by

236 905 257 926 a
282 898 456 936 secretary
482 896 556 935 (al),
584 894 774 932 corrected,
798 894 919 935 signed
945 895 1016 927 and
1041 896 1228 930 addressed
1260 898 1307 939 by
1334 898 1500 930 Erasmus
1526 900 1599 939 (αἳ).
1650 898 1746 937 Also,
1771 898 1841 930 like

235 939 300 980 Ep.
324 940 419 979 1283,
437 939 513 970 first
529 938 669 980 printed
687 938 733 980 by
751 938 887 976 Saxius,
905 949 937 980 p.
958 948 1011 980 24.
1053 939 1125 972 The
1142 941 1324 982 year-date
1340 941 1446 974 needs
1462 952 1508 974 no
1525 940 1797 980 confirmation]

290 1034 347 1081 S„
372 1033 652 1073 illustrissime
676 1033 890 1084 Princeps.
950 1033 1160 1081 Quoniam
1180 1038 1258 1073 tua
1282 1034 1488 1074 celsitudo
1507 1048 1595 1074 non
1613 1034 1842 1087 respondet

236 1087 389 1127 litteris
427 1088 543 1135 meis,
583 1088 772 1139 suspicor
810 1101 881 1126 eas
917 1101 1004 1126 non
1041 1101 1131 1127 esse
1167 1088 1370 1128 redditas.
1428 1089 1540 1129 Nam
1578 1103 1665 1142 quo
1703 1090 1843 1128 minus

236 1142 440 1193 suspicari
475 1155 630 1194 queam
666 1142 731 1181 his
767 1142 902 1181 veluti
937 1142 1109 1181 liberius
1144 1143 1313 1194 scriptis
1348 1143 1557 1183 offensum
1593 1157 1682 1183 esse
1718 1148 1842 1183 tuum

236 1197 440 1244 animum,
459 1196 682 1249 singularis
700 1196 885 1248 quedam
903 1200 981 1236 tua
998 1196 1103 1236 nulli
1120 1210 1206 1236 non
1224 1198 1444 1249 predicata
1459 1198 1565 1237 facit
1582 1198 1842 1245 humanitas,

201 1251 484 1302 5praesertim
520 1265 653 1303 quum
688 1251 771 1290 huc
805 1251 895 1302 ipse
929 1252 1185 1302 prouocaris.
1245 1252 1385 1304 Auget
1419 1253 1698 1305 suspitionem
1734 1253 1844 1292 hanc

238 1319 375 1345 meam
402 1306 611 1345 Henricus
636 1305 1007 1357 Epphendorpius‚
1034 1306 1109 1358 qui
1134 1310 1305 1346 veretur
1328 1320 1381 1346 nc
1405 1306 1591 1346 famulus
1617 1321 1691 1359 per
1715 1320 1841 1358 quem

238 1361 411 1400 miserat
439 1361 496 1399 sit
523 1360 798 1411 interceptus,
831 1364 907 1399 aut
937 1360 1053 1399 aliud
1082 1361 1304 1412 quippiam
1328 1362 1487 1400 sinistri
1510 1361 1591 1401 fati
1615 1361 1842 1401 acciderit:

236 1414 279 1452 id
314 1414 430 1466 quod
463 1427 540 1466 ego
574 1428 675 1453 sane
708 1414 820 1453 illius
854 1428 982 1453 causa
1015 1414 1184 1454 nollem.
1243 1415 1323 1455 Est
1355 1416 1468 1455 enim
1503 1430 1598 1456 mea
1631 1416 1845 1456 sententia

236 1469 401 1508 iuuenis
436 1469 633 1508 omnibus
668 1469 857 1508 omnium
892 1468 1162 1508 fortunarum
1197 1469 1416 1509 fauoribus
1450 1470 1642 1522 adprime
1676 1471 1842 1522 dignus,

180 1544 218 1566 μ)
238 1524 302 1562 tui
328 1523 511 1562 nominis
537 1523 778 1575 predicator
804 1522 1148 1575 indefatigabilis.
1207 1524 1441 1576 Superioris
1467 1525 1614 1576 itaque
1640 1525 1845 1576 epistolae

237 1578 479 1628 exemplum
502 1577 640 1617 denuo
664 1578 806 1625 mittO,
828 1577 864 1617 si
884 1577 996 1617 forte
1017 1578 1246 1618 intercidit.

291 1632 407 1671 Nihil
442 1632 613 1671 interim
649 1631 807 1671 addam
842 1632 923 1671 nisi
958 1645 1027 1672 me
1061 1636 1156 1672 toto
1192 1636 1363 1684 pectore
1399 1636 1501 1672 tuae
1536 1632 1844 1673 illustrissimae

239 1686 479 1725 celsitudini
516 1686 710 1726 deditum
748 1700 850 1733 esse,
891 1700 1021 1737 quam
1059 1687 1182 1726 nobis
1221 1687 1294 1726 diu
1332 1687 1496 1727 felicem
1535 1701 1584 1728 ac
1622 1687 1842 1727 florentem

238 1744 461 1779 conseruet
484 1740 583 1791 Opt.
608 1741 722 1779 Max.
747 1740 866 1780 Iesus
889 1741 1092 1780 Christus.

182 1816 216 1848 15
292 1795 484 1834 Basileae
506 1795 618 1835 Non.
642 1794 844 1835 Decemb.
868 1794 1006 1834 Anno.
1034 1805 1152 1846 1522.

569 1868 573 1872 ·
877 1849 1079 1889 Erasmus
1098 1850 1199 1889 Rot.
1218 1851 1437 1890 serenitati
1454 1855 1554 1890 tuae
1572 1851 1787 1891 addictiss.

1054 1918 1184 1944 manu
1207 1918 1302 1945 mea
1322 1905 1565 1957 subscripsi.

294 1974 510 2014 Illustriss.
534 1974 720 2026 Principi
742 1988 790 2014 ac
814 1974 986 2014 domino
1008 1974 1062 2014 D.
1086 1975 1279 2027 Georgio,
1302 1976 1512 2016 Saxoniae
1533 1976 1643 2016 Duci
1665 1981 1747 2016 ete.

669 2145 792 2184 1326.
856 2142 924 2183 ΤΟ
958 2142 1139 2183 HENRY
1173 2140 1415 2184 STROMER.

288 2217 390 2262 Opus
406 2216 657 2262 Epistolarum
672 2228 708 2261 p.
723 2225 804 2261 759.
1571 2216 1689 2253 Basle.

288 2273 333 2309 N.
349 2285 384 2318 p.
400 2283 495 2319 724:
522 2272 639 2308 Lond.
657 2284 719 2309 xx.
735 2284 804 2319 34:
832 2273 907 2308 LB.
922 2274 1004 2318 640.
1432 2283 1449 2318 5
1468 2273 1672 2308 December
1690 2284 1790 2319 1522.

626 2353 833 2395 [Evidently
851 2356 1119 2396 contemporary
1138 2353 1223 2385 with
1241 2352 1306 2395 Ep.
1330 2351 1442 2395 1325]

418 2469 635 2500 ERASMVS
667 2469 771 2500 ROT.
806 2468 1022 2499 HENRIOO
1055 2468 1308 2499 STROMERO
1339 2469 1526 2500 MEDICO
1559 2469 1594 2500 S.
1617 2470 1663 2499 D.

297 2537 383 2576 VIR
429 2539 595 2586 eximie,
642 2539 845 2591 quonjam
892 2541 1039 2580 πολλὰς
1096 2541 1226 2587 φιλίας
1271 2542 1294 2590 ἡ
1342 2542 1602 2593 ἀπροσηγορία
1658 2541 1839 2587 διέλυσεν,

242 2590 355 2631 hisce
378 2592 510 2632 literis
535 2597 647 2633 certe
671 2593 853 2633 salutem
878 2593 1014 2633 dicere
1038 2593 1156 2632 volui
1178 2607 1273 2633 meo
1297 2593 1525 2641 Stromero,
1551 2597 1844 2646 testatumque

240 2645 378 2685 facere
407 2647 473 2686 tui
501 2649 749 2688 memoriam
780 2647 895 2699 apud
924 2661 991 2687 me
1020 2648 1212 2688 nondum
1240 2648 1515 2695 intercidisse,
1546 2661 1623 2688 nec
1653 2662 1842 2700 vnquam

241 2700 617 2742 intermorituram.
675 2702 741 2742 De
777 2702 825 2742 P.
863 2702 1094 2742 Mosellano
1132 2703 1236 2754 quid
1273 2707 1417 2743 actum
1455 2703 1512 2742 sit
1548 2703 1651 2742 scire
1689 2703 1842 2754 cupio;

288 2794 381 2826 1324.
412 2802 484 2836 123.
508 2794 615 2827 latius
631 2796 822 2838 explicabit
842 2798 875 2830 β.
1219 2797 1283 2829 Cui
1304 2821 1311 2828 .
1333 2821 1341 2828 .
1365 2820 1372 2828 .
1403 2804 1478 2835 124.
1504 2795 1686 2828 adhibebis
1707 2795 1783 2827 add.
1805 2796 1839 2829 β.

246 2844 317 2876 127.
342 2836 381 2868 T.
404 2837 534 2870 Hezius
553 2850 616 2871 om.
640 2840 684 2872 H.
868 2841 963 2872 1325.
992 2851 1040 2874 11.
1065 2840 1244 2873 intercidit
1260 2841 1318 2873 (1²2
1347 2840 1472 2872 incidit
1488 2842 1530 2872 αἱ.

288 2944 383 2977 1324.
414 2956 481 2989 127.
509 2947 652 2986 Hezius]
672 2947 733 2980 See
753 2948 818 2990 Ep.
842 2958 936 2990 1339.
1079 2949 1192 2981 whom
1208 2959 1263 2981 see
1279 2949 1344 2991 Ep.
1365 2958 1445 2980 1122
1462 2947 1590 2980 introd.

289 2988 381 3020 1325.
410 2999 439 3020 2.
465 2990 604 3029 litteris]
622 2991 685 3032 Ep.
708 3001 801 3032 1313.
1125 2993 1224 3025 1326.
1253 3004 1279 3025 1.
1305 2990 1443 3029 πολλὰς]
1465 2991 1537 3022 1110.
1561 3001 1615 3031 ap.
1632 2990 1738 3023 Arist.
1762 2990 1838 3024 Etk.

287 3033 318 3064 8.
345 3031 448 3071 illius]
499 3044 542 3066 sc.
596 3034 881 3077 Epphendorpii:
942 3036 996 3068 for
1078 3035 1155 3067 Nic.
1173 3038 1203 3068 8.
1225 3044 1253 3077 5.
1276 3045 1287 3067 1
1308 3047 1316 3073 ;
1346 3034 1389 3067 cf.
1409 3035 1514 3076 Adaq.
1537 3035 1629 3067 1026.
