2012 3370
155 150 273 200 1448]
481 149 640 189 FROM
668 147 833 187 DUKE
863 146 1096 187 GEORGE
1127 146 1199 187 OF
1228 145 1462 186 sAXONY
1663 145 1740 182 457

153 259 256 292 From
274 260 335 291 the
353 259 435 292 date
453 259 489 291 of
508 258 639 291 Hune's
658 258 844 299 departure
861 257 952 290 from
971 257 1092 289 Erfurt
1112 256 1190 297 (Ep.
1216 258 1295 295 1462
1316 255 1460 293 introd.)
1479 253 1550 285 and
1568 256 1687 284 return
1707 256 1745 284 to

154 303 308 335 Dresden
326 303 374 343 (11.
397 305 471 343 1-2)
488 303 518 335 it
534 313 616 344 may
633 302 674 334 be
692 301 813 343 placed
831 300 1081 342 conjecturally
1097 300 1133 332 in
1150 299 1260 342 April,
1278 299 1393 331 before
1411 296 1587 330 Erasmus'
1606 296 1690 328 visit
1706 299 1745 328 to

155 346 334 388 Besancon
352 346 430 388 (Ep.
455 355 549 386 1440.
566 347 638 385 411).

199 390 263 432 Ep.
288 398 365 431 1521
387 390 499 422 shows
517 389 598 421 that
614 389 780 421 Erasmus
797 388 857 420 did
875 391 939 420 not
955 387 1023 419 like
1041 387 1101 419 the
1119 390 1201 419 tone
1220 386 1256 418 of
1274 385 1344 418 this
1360 385 1475 423 letter,
1495 383 1565 417 and
1582 386 1691 416 wrote
1708 385 1747 414 to

156 433 277 466 Emser
296 433 374 475 (Ep.
397 441 458 475 553
477 433 632 473 introd.)‚
652 432 729 464 who
747 442 818 464 was
836 442 901 464 one
920 431 956 463 of
974 431 1075 463 Duke
1094 430 1255 472 George's
1274 430 1484 466 secretaries,
1503 431 1542 461 to
1561 426 1744 468 complain.

155 476 227 509 The
243 476 454 514 Chaneellor,
472 476 627 518 replying
643 486 689 508 on
705 475 856 507 Emser‘s
874 474 1000 511 behalf,
1018 474 1170 506 declares
1185 473 1267 506 that
1281 473 1416 515 though
1432 472 1493 504 the
1509 470 1613 503 ducal
1626 470 1748 502 letters

155 520 267 562 might
286 520 327 552 be
345 520 483 552 worked
501 530 548 561 up
565 520 641 552 into
659 519 809 560 stylistic
827 519 931 550 Latin
948 519 985 550 111
1003 517 1064 550 the
1081 517 1295 555 secretariat,
1313 517 1373 548 the
1391 516 1577 548 substance
1596 514 1632 546 of
1650 513 1747 546 them

155 573 224 595 was
242 564 521 596 communieated
540 563 586 605 by
603 563 703 595 Duke
722 563 854 604 George
872 561 1038 601 himself]

155 661 375 690 GEORGIVS
415 661 494 690 DEI
533 661 697 690 GRATIA
737 660 831 688 DVX
871 660 1082 695 SAXONIE,
1125 657 1436 687 LANTGRAVIVS
1483 655 1746 685 THVRYNGIE

264 717 317 744 ET
338 715 539 745 MAROHIO
559 714 727 751 MYSNE,
752 714 929 743 ERASMO
946 713 1253 741 ROTERODAMO
1271 712 1509 740 THEOLOGO
1527 710 1745 745 SALVTEM,

263 770 464 799 GRATIAM
492 770 547 798 ΕΤ
576 769 801 798 FAVOREM.

210 831 307 870 CVM
334 831 455 870 nobis
482 832 527 869 in
554 830 668 869 feriis
697 829 967 869 Pentecostes
995 828 1241 867 redderetur
1268 827 1447 878 epistola
1481 830 1570 872 tua,
1601 826 1747 864 etiam·

156 897 258 925 num
274 886 545 936 inscriptione
562 884 746 931 carebat,
764 896 942 935 eamque
957 884 993 922 is
1009 883 1082 934 qui
1098 881 1286 934 pertulit,
1305 894 1330 920 a
1346 879 1576 919 Mosellano
1593 878 1747 918 adden-

157 939 256 977 dam
285 938 412 979 fuisse
442 938 641 979 ostendit.
700 937 759 977 At
791 951 841 977 ea
873 937 1058 989 perlecta
1091 940 1237 988 aperte
1269 935 1458 975 intellexi
1490 933 1595 972 nulli
1628 933 1748 971 alteri

156 1006 284 1044 quam
304 993 407 1033 mihi
424 993 696 1032 destinatam.
745 992 899 1032 Scribis
917 996 1063 1031 autem
1080 995 1138 1038 te,
1158 1004 1254 1030 cum
1272 989 1497 1041 aliquoties
1514 989 1600 1027 iam
1618 987 1750 1026 literis

156 1060 222 1086 me
239 1049 324 1087 tuis
345 1048 599 1099 prouocaris,
620 1047 724 1086 nihil
743 1051 888 1086 tamen
907 1047 1095 1097 responsi
1115 1058 1140 1084 a
1160 1058 1226 1084 me
1246 1044 1392 1084 tulisse
1413 1057 1420 1090 ;
1455 1055 1565 1094 quae
1584 1055 1650 1080 res
1669 1041 1749 1080 tibi
1773 1058 1787 1091 5

156 1101 339 1141 offensae
362 1102 537 1141 alicuius
560 1102 837 1153 suspitionem
860 1100 1024 1140 afferat.
1077 1100 1167 1151 Ego
1191 1112 1290 1138 vero
1312 1098 1504 1148 rescripsi
1526 1096 1582 1136 ad
1605 1108 1750 1135 omnes

154 1156 297 1195 literas
319 1160 429 1203 tuas,
454 1169 560 1207 quas
582 1156 754 1207 quidem
776 1156 1008 1206 acceperim
1027 1168 1036 1202 3
1075 1158 1120 1194 et
1142 1157 1192 1193 vt
1212 1165 1484 1204 recognoscas
1506 1163 1613 1203 quas
1635 1163 1749 1189 acce-

156 1211 302 1260 perim,
328 1211 455 1250 mitto
479 1211 547 1250 hic
571 1223 655 1249 vna
679 1210 759 1249 tibi
782 1209 1023 1261 exemplum
1047 1208 1289 1260 posterioris
1312 1206 1593 1258 responsionis
1617 1217 1749 1251 meae,

157 1265 458 1314 posterioribus
487 1264 619 1303 literis
650 1265 736 1303 tuis
766 1264 1017 1303 destinatae.
1077 1263 1115 1302 A
1146 1262 1300 1314 quibus
1331 1263 1366 1300 si
1395 1262 1556 1300 interea
1587 1259 1751 1310 aliquas

156 1318 260 1358 alias
285 1318 453 1366 dedisti,
479 1319 586 1358 scito
610 1318 713 1357 mihi
737 1331 823 1358 non
848 1331 936 1357 esse
960 1317 1161 1356 redditas.
1217 1315 1340 1364 Quod
1364 1316 1397 1354 si
1423 1316 1535 1354 enim
1559 1313 1750 1352 redditae
1774 1332 1812 1354 10

156 1377 307 1420 essent,
332 1386 418 1412 non
441 1372 630 1424 profecto
655 1373 964 1411 committerem
988 1376 1038 1410 vt
1060 1371 1139 1410 hoc
1162 1372 1206 1410 in
1229 1383 1376 1422 genere
1401 1369 1585 1409 officium
1608 1380 1749 1406 meum

156 1426 405 1477 desyderare
439 1440 610 1478 posses;
660 1427 907 1477 praesertim
942 1439 1038 1465 cum
1072 1425 1175 1464 haec
1210 1437 1303 1463 mea
1336 1427 1542 1475 perpetua
1569 1423 1625 1461 sit
1654 1434 1749 1461 con-

155 1481 347 1528 suetudo,
389 1485 438 1520 vt
475 1482 699 1528 neminem,
740 1493 792 1519 ne
831 1480 1157 1519 humilissimum
1197 1478 1381 1530 quidem,
1422 1478 1511 1516 sine
1548 1488 1749 1527 responso

154 1535 384 1582 dimittam,
410 1536 445 1574 si
468 1535 595 1574 modo
618 1548 668 1574 ea
691 1547 800 1586 quae
824 1534 1066 1573 scribuntur
1089 1533 1217 1585 digna
1241 1534 1326 1572 sint
1349 1544 1562 1583 responso.

211 1589 333 1637 Quod
349 1590 513 1641 penitet
531 1593 573 1629 te
590 1589 727 1628 laudis
745 1602 875 1641 quam
893 1588 1149 1640 quibusdam
1167 1587 1338 1626 effusius
1357 1599 1487 1638 quam
1504 1598 1580 1637 pro
1599 1584 1750 1623 merito
1775 1605 1810 1636 15

154 1644 363 1691 tribueris,
389 1644 470 1683 etsi
496 1657 582 1683 non
610 1644 763 1683 iniuria
791 1644 880 1682 eius
908 1648 951 1682 te
979 1643 1184 1694 poenitet,
1210 1646 1355 1681 tamen
1378 1642 1442 1680 ita
1470 1653 1546 1691 ego
1575 1643 1748 1678 statuo:

155 1698 235 1737 nisi
253 1698 332 1737 hoc
353 1698 479 1738 modo
498 1698 591 1737 illos
610 1699 736 1749 ipsos,
758 1711 865 1749 quos
885 1698 1001 1744 dicis,
1028 1701 1256 1736 tractasses
1280 1696 1457 1746 istisque
1483 1693 1752 1745 produxisses

154 1752 271 1791 falsis
290 1752 740 1799 commendationibus,
761 1764 891 1804 quam
910 1765 1022 1791 nunc
1040 1751 1120 1790 tibi
1138 1750 1438 1801 indignitatem
1458 1748 1747 1793 ostenderunt,

156 1806 333 1845 eandem
359 1810 402 1845 te
429 1807 484 1845 ab
509 1806 591 1845 illis
617 1806 1078 1859 iamdiu-*experturum
1104 1804 1246 1844 fuisse.
1303 1804 1395 1842 Hae
1422 1803 1622 1841 nimirum
1649 1804 1750 1840 sunt

156 1860 251 1899 illae
284 1860 521 1912 praeclarae
555 1861 766 1900 virtutum
800 1861 1001 1907 actiones,
1036 1872 1145 1911 quae
1179 1858 1233 1897 ab
1267 1858 1346 1897 hoc
1380 1857 1596 1896 doctrinae
1630 1855 1749 1894 fonte
1770 1876 1813 1898 20

157 1914 383 1954 ducuntur.
443 1915 560 1954 Haec
593 1928 719 1966 opera
751 1915 984 1961 charitatis,
1018 1926 1147 1965 quam
1179 1912 1311 1952 tradit
1346 1912 1569 1957 Lutherus,
1603 1914 1647 1948 et
1679 1909 1750 1948 alii

158 1969 231 2019 qui
253 1982 296 2008 se
317 1969 543 2021 plusquam
566 1968 842 2021 Euangelicos
863 1969 1076 2015 iactitant,
1099 1968 1245 2006 literae
1268 1967 1410 2018 potius
1432 1978 1561 2017 quam
1584 1964 1750 2016 spiritui

158 2023 419 2063 adherentes.
477 2024 594 2062 Haec
622 2023 725 2062 fides
753 2027 797 2062 et
823 2024 1045 2075 integritas
1072 2022 1298 2073 plusquam
1328 2020 1590 2065 Germanica,
1621 2030 1749 2069 quam

157 2077 217 2116 illi
247 2079 435 2130 generosi
467 2078 622 2130 Vbique
655 2081 992 2117 ostentauerunt.
1054 2076 1177 2124 Quod
1209 2077 1243 2115 si
1274 2075 1317 2114 hi
1349 2076 1422 2126 qui
1454 2075 1596 2125 capita
1627 2073 1752 2112 huius

158 2132 354 2171 factionis
374 2132 519 2172 haberi
540 2132 702 2179 volunt,
724 2132 831 2171 tales
851 2136 963 2178 sunt,
986 2131 1131 2183 quales
1152 2131 1279 2169 ceteri
1299 2130 1421 2180 quasi
1442 2128 1632 2167 membra
1651 2128 1750 2172 sint,
1800 2148 1811 2173 ς

159 2185 292 2226 facilis
314 2191 379 2225 est
402 2188 654 2226 coniectura.
708 2186 917 2237 Equidem
942 2185 1302 2237 Eppendorpium,
1328 2185 1362 2222 si
1385 2183 1489 2234 quid
1511 2180 1753 2221 huiusmodi

1771 2149 1790 2171 h)

201 2275 378 2320 Magister
393 2275 576 2310 Martinus
595 2275 672 2310 heri
688 2274 737 2309 ad
754 2285 820 2309 nos
838 2277 904 2309 tuo
922 2273 1070 2308 nomine
1087 2273 1219 2307 attulit
1235 2273 1361 2307 literas
1380 2271 1517 2305 nemini
1534 2269 1752 2313 adscriptas.

156 2322 283 2356 Fidem
305 2326 431 2357 tamen
449 2322 550 2362 fecit,
573 2321 672 2367 quod
692 2333 779 2356 mox
799 2321 950 2361 credidi,
971 2321 1077 2355 nobis
1097 2319 1143 2354 de
1163 2323 1202 2354 te
1222 2320 1363 2359 missas,
1386 2321 1544 2353 mortem
1564 2316 1753 2351 Mosellam

154 2381 317 2403 asserens
340 2370 690 2415 suprascriptionem
712 2369 960 2414 intercepisse.
1010 2368 1259 2412 Posteaquam
1282 2370 1409 2401 autem
1433 2365 1581 2399 easdem
1606 2363 1753 2408 perlegi.

155 2417 245 2450 satis
272 2420 399 2462 aperte
424 2417 590 2451 intellexi
615 2417 853 2462 scriptionem
878 2416 980 2450 illam
1007 2415 1098 2450 nulli
1123 2415 1232 2448 alteri
1259 2425 1370 2458 quam
1398 2412 1488 2446 mihi
1514 2411 1753 2445 destinatam.

154 2464 324 2498 Ceterum
343 2464 442 2509 quod
459 2464 620 2498 causaris
636 2475 702 2498 nos
719 2463 789 2498 tibi
805 2463 854 2497 ad
871 2463 1007 2508 priores
1025 2466 1109 2496 tuas
1124 2462 1250 2496 literas
1267 2461 1359 2495 nihil
1374 2458 1616 2504 respondisse,
1633 2457 1756 2491 nescio
1775 2474 1789 2505 5

157 2522 229 2554 quo
253 2514 362 2556 pacto
385 2511 561 2545 acciderit
582 2515 626 2545 vt
648 2522 691 2545 eo
714 2511 794 2545 fato
816 2511 1005 2555 responsio
1028 2510 1139 2543 missa
1162 2509 1212 2542 sit
1236 2519 1309 2553 quo
1331 2508 1409 2552 ipse
1432 2507 1585 2546 literae3
1623 2515 1755 2548 nempe

155 2562 193 2591 et
214 2569 288 2592 non
309 2558 459 2593 fuerunt
481 2559 651 2603 primitus
673 2558 782 2592 misse
802 2557 908 2591 nobis
928 2556 1084 2597 reddite,
1106 2556 1171 2590 sed
1192 2555 1401 2600 exemplum
1423 2553 1544 2587 denuo
1565 2551 1754 2586 transmis-

155 2616 249 2640 sum.
292 2605 450 2640 Proinde
467 2609 506 2639 et
523 2616 589 2640 nos
606 2605 677 2640 tibi
693 2604 939 2650 responsionis
957 2608 1105 2638 nostrae
1122 2603 1333 2648 exemplum
1351 2601 1549 2635 mittimus.

202 2709 270 2732 TIT.
298 2700 373 2732 add.
393 2703 427 2730 α2
443 2702 523 2740 (nm
537 2725 544 2733 .
562 2725 569 2732 .
588 2725 595 2732 .
612 2709 740 2733 MYSNE
757 2702 792 2730 α2
808 2712 815 2732 :
844 2709 1030 2732 SAXONIAE
1046 2708 1121 2731 nvx
1140 2700 1200 2730 &cu
1219 2698 1284 2737 0¹).
1388 2705 1415 2736 5.
1442 2697 1686 2738 prouocauoris
1701 2695 1751 2728 0¹.

164 2754 211 2775 11.
239 2744 303 2776 hoc
319 2745 354 2776 in
373 2756 391 2773 α
409 2756 416 2776 :
447 2745 483 2776 in
501 2744 565 2776 hoc
582 2743 633 2776 0¹.
725 2744 764 2775 Οι
781 2756 788 2775 :
820 2744 956 2775 offitum
975 2756 1006 2775 a.
1101 2752 1151 2781 24.
1175 2751 1337 2783 generose
1356 2740 1405 2773 0¹.
1499 2748 1550 2780 25.
1576 2741 1677 2781 quasi
1696 2742 1728 2770 α’
1745 2754 1752 2773 z

160 2797 249 2829 quae
266 2787 304 2819 0¹
322 2800 328 2819 ε
358 2791 528 2830 tanquam
547 2789 589 2818 αἱ,
758 2788 808 2818 26.
836 2786 1147 2829 Epphendorpium
1170 2785 1268 2817 Laud.

210 2923 235 2944 1.
263 2912 502 2951 Pentecostes]
526 2921 560 2953 15
583 2912 666 2954 May
690 2921 782 2953 1524.
990 2913 1054 2953 Ep.
1075 2913 1168 2952 1462.
1190 2921 1259 2943 1-2.

206 2967 235 2988 2.
262 2956 501 2998 inscriptione]
518 2956 710 2997 Evidently
725 2956 875 2988 omitted
890 2966 928 2987 as
1035 2958 1064 2987 8.
1091 2954 1337 2996 responsionis]
1355 2954 1419 2996 Ep.
1443 2963 1537 2995 1340.

161 3001 400 3042 aprccaution
412 3000 552 3043 against
563 3000 794 3041 interception
809 3010 854 3032 on
867 2999 927 3031 tho
1033 3012 1064 3037 o.
1088 2999 1198 3031 literis
1229 2998 1314 3038 tuis]
1346 2998 1409 3040 Ep.
1447 3006 1539 3038 1313,
1572 2999 1608 3030 of
1645 2998 1756 3031 which

162 3043 309 3086 journcy
325 3056 332 3076 ε
360 3054 399 3076 so
412 3043 567 3085 possibly
581 3043 654 3076 also
668 3044 732 3085 Ep.
755 3052 809 3083 131
819 3052 846 3083 3.
876 3043 926 3075 Cf.
989 3054 1010 3074 a.
1028 3052 1118 3084 copy
1135 3042 1204 3074 had
1224 3042 1309 3074 boon
1326 3045 1405 3074 sent
1422 3042 1506 3074 with
1524 3042 1588 3083 Ep.
1613 3051 1623 3074 1
1634 3051 1670 3082 32
1679 3051 1706 3082 ς.
