2012 3370
254 151 332 189 266
725 152 980 192 LETTERs
1012 153 1084 192 oF
1115 154 1379 195 EssAsMus
1729 158 1850 205 [1523

171 270 230 303 145
252 264 455 298 caenatur
479 261 664 311 impune,
691 264 735 299 et
759 274 888 299 ouum
914 274 999 299 non
1023 266 1221 313 gustatur
1244 264 1416 314 impunc
1436 277 1443 301 :
1475 264 1596 315 atqui
1624 268 1853 315 vtrumque

252 314 475 353 interdixit
508 315 748 353 authoritas
781 315 1047 366 pontificum.
1110 316 1257 355 Palam
1295 319 1465 369 aurigae
1500 322 1743 369 nautaeque
1775 319 1849 357 im-

254 372 429 419 portant
462 372 506 407 ct
538 373 769 420 exportant
802 370 951 408 dicbus
984 370 1230 417 Dominicis,
1266 376 1309 411 ct
1342 373 1546 411 calceario
1579 385 1664 411 non
1694 376 1759 411 est
1787 372 1852 410 fas

253 436 452 461 consuere
480 423 681 462 calceum.
738 424 916 475 Equites
943 425 1092 464 diebus
1117 425 1237 464 festis
1264 427 1519 478 obequitant
1545 440 1852 478 nonnunquam

254 477 308 515 ad
343 476 559 528 praedam,
597 482 641 516 et
676 478 730 516 ob
766 478 902 517 solum
939 480 1129 518 carnium
1165 493 1281 519 esum
1318 494 1538 520 moucmus
1573 481 1850 532 tragoediam.

173 542 236 574 151>
254 531 368 569 Nulli
396 531 621 570 exhibetur
647 534 865 583 negotium
894 534 1009 584 quod
1036 535 1080 572 in
1107 534 1174 572 die
1201 548 1320 574 sacro
1353 549 1439 574 non
1472 535 1655 575 audierit
1688 548 1850 574 sacram

254 586 512 632 concionem,
543 590 674 637 atque
703 587 781 626 hoc
810 589 1081 638 potissimum
1108 588 1213 627 facit
1241 589 1294 627 ad
1316 590 1601 629 Christianam
1630 591 1848 641 pietatem,

252 644 296 678 et
333 640 458 678 huius
495 642 554 679 rei
591 642 730 692 gratia
767 643 904 693 primo
943 642 1137 681 basilicas
1174 648 1218 681 et
1255 644 1343 683 dies
1381 645 1626 684 Dominicos
1663 645 1853 684 instituit

252 694 452 733 Ecclesia.
499 694 559 733 Ac
577 708 880 746 saepenumero
897 696 947 735 fit
963 701 1013 736 vt
1029 697 1248 736 sacerdote
1266 698 1320 736 ad
1336 700 1472 738 rauim
1491 712 1624 750 vsque
1641 699 1853 738 clamante

251 749 294 787 in
327 749 501 800 templo,
536 751 581 788 in
614 751 754 789 vicino
787 751 982 802 lupanari
1016 752 1262 791 temulentis
1295 754 1567 793 concionibus
1602 754 1854 804 obstrepant
1891 794 1895 797 ,

173 814 229 846 155
250 816 460 854 ganeones
481 817 489 850 ;
526 808 570 843 et
589 804 668 844 hoc
688 806 965 856 permittente
985 807 1238 858 magistratu
1258 806 1358 846 licet
1375 809 1561 859 impune.
1612 808 1729 846 Haec
1750 807 1852 859 quid

251 857 367 896 aliud
393 863 579 910 arguunt
605 872 735 910 quam
761 873 838 899 nos
864 873 953 899 esse
979 862 1261 912 praeposteris
1286 862 1464 909 iudiciis,
1493 864 1566 914 qui
1592 864 1778 901 seuerius
1805 875 1854 901 ea

252 925 555 963 persequamur
572 926 682 965 quae
700 915 995 965 praescribunt
1012 915 1203 954 homines
1222 929 1352 967 quam
1371 930 1479 968 quae
1498 918 1705 968 praecipit
1724 917 1852 963 Deus,

253 979 302 1005 ac
323 967 519 1006 tenacius
538 967 763 1007 haeremus
784 969 835 1007 iis
864 982 973 1020 quae
1001 970 1226 1008 minimum
1256 970 1420 1009 habent
1448 974 1656 1011 momenti
1684 971 1739 1010 ad
1765 972 1852 1022 pie-

252 1024 389 1060 tatem
409 1035 539 1072 quam
561 1023 626 1061 his
648 1036 758 1073 quae
780 1029 932 1074 suapte
953 1028 1110 1063 natura
1131 1029 1281 1064 sancta
1303 1026 1389 1064 sint
1411 1030 1454 1064 et
1475 1026 1669 1065 honesta.

173 1088 234 1113 100
306 1076 422 1123 Heri,
456 1077 536 1115 hoc
567 1082 633 1116 est
664 1078 888 1117 Dominjco
920 1079 987 1117 die
1019 1080 1093 1130 qui
1125 1085 1305 1118 vocatur
1336 1080 1561 1127 Passionis,
1596 1080 1855 1120 valetudinis
1919 1095 1926 1099 ·

251 1131 389 1181 gratia
406 1144 502 1169 cum
520 1133 657 1170 amico
674 1132 862 1183 quodam
879 1145 1007 1184 eques
1021 1135 1274 1184 expatiabar
1286 1135 1365 1173 sub
1379 1148 1567 1182 coenam,
1583 1140 1627 1174 et
1638 1134 1856 1174 inuitabat

252 1185 358 1223 mira
385 1185 488 1224 coeli
514 1187 731 1225 serenitas.
789 1187 982 1227 Occurrit
1008 1188 1130 1227 nobis
1157 1202 1312 1240 magna
1337 1191 1402 1228 vis
1427 1191 1644 1236 iuuenum,
1672 1202 1853 1240 quorum

252 1239 392 1278 nullus
442 1240 619 1287 sobrius,
672 1241 861 1293 plerique
910 1242 1160 1282 vacillantes
1209 1244 1504 1291 ambulabant,
1555 1244 1626 1283 alii
1674 1243 1853 1283 subinde

251 1294 476 1341 cadebant,
501 1299 545 1334 et
568 1308 668 1334 mox
691 1296 795 1335 ebrii
817 1296 872 1335 ab
896 1297 1021 1336 ebriis
1044 1297 1393 1346 subleuabantur,
1416 1299 1487 1337 alii
1506 1300 1564 1338 sic
1587 1299 1855 1338 ducebantur

173 1361 229 1393 105
252 1352 302 1387 vt
334 1349 496 1400 reliquo
532 1363 705 1401 corpore
739 1351 829 1390 nixi
865 1351 1016 1390 baiulis
1052 1365 1173 1403 aegre
1208 1357 1430 1392 mouerent
1463 1353 1605 1405 pedes.
1671 1353 1853 1401 Quidam

252 1403 462 1442 seniculus
493 1405 537 1442 in
569 1417 729 1444 morem
762 1406 951 1444 sarcinae
983 1406 1174 1445 sublimis
1207 1407 1456 1458 gestabatur
1488 1408 1686 1454 humeris,
1720 1420 1854 1459 prono

252 1471 438 1509 corpore,
463 1459 521 1497 sic
545 1462 595 1497 vt
616 1459 744 1510 pedes
767 1465 1048 1507 occurrerent,
1073 1466 1204 1512 caput
1226 1462 1281 1500 ab
1303 1462 1471 1501 illorum
1494 1467 1614 1514 tergo
1635 1462 1853 1514 penderet,

251 1511 486 1551 identidem
517 1526 775 1552 conuomens
803 1516 1065 1566 gestantium
1089 1516 1230 1554 tibias.
1284 1516 1351 1556 Sic
1375 1517 1488 1564 olim,
1515 1518 1677 1568 opinor,
1708 1516 1849 1555 effere-

253 1566 410 1605 bantur
429 1567 484 1605 ad
503 1567 780 1618 sepulturam.
829 1569 917 1608 Nec
936 1569 1074 1608 multo
1093 1571 1227 1621 magis
1246 1575 1368 1610 erant
1388 1571 1514 1610 sobrii
1534 1572 1608 1622 qui
1626 1571 1855 1623 gestabant

173 1634 234 1665 170
251 1633 382 1671 quam
410 1622 483 1672 qui
510 1622 803 1673 gestabantur.
860 1623 1083 1670 Potarant,
1113 1628 1163 1663 vt
1190 1624 1376 1672 aiebant,
1405 1627 1450 1664 in
1477 1626 1617 1665 viculo
1645 1626 1852 1677 proximo.

252 1675 368 1714 Deus
412 1677 630 1727 praecepit
674 1677 950 1716 sobrietatem
996 1691 1045 1716 ac
1090 1679 1231 1717 vetuit
1274 1679 1572 1719 temulentiam
1593 1693 1601 1726 ;
1662 1680 1854 1719 homines

251 1734 559 1781 praeceperunt
577 1731 919 1770 obseruationem
938 1732 1021 1770 diei
1035 1731 1147 1771 festi.
1196 1733 1278 1772 Hic
1294 1738 1509 1785 vtrunque
1525 1734 1734 1773 violatum
1749 1737 1855 1780 erat,

253 1788 298 1823 et
333 1798 459 1824 nemo
496 1789 625 1836 putat
662 1787 934 1825 commissum
973 1799 1062 1825 esse
1099 1787 1322 1839 flagitium.
1390 1788 1433 1828 Si
1470 1790 1566 1841 quis
1602 1788 1670 1828 vel
1707 1788 1855 1828 videat

254 1838 596 1879 Carthusiensem
623 1840 718 1892 plus
744 1842 849 1880 satis
875 1845 1041 1892 potum,
1069 1855 1194 1881 nemo
1220 1847 1350 1893 putat
1375 1856 1464 1882 esse
1484 1843 1717 1883 admissum
1738 1842 1852 1894 fiagi-

175 1906 229 1937 175
253 1894 375 1932 tium.
447 1894 490 1934 Si
530 1894 644 1933 idem
684 1896 869 1946 gustarit
910 1909 1068 1943 carnes,
1112 1897 1328 1947 piaculum
1369 1902 1434 1936 est
1475 1902 1648 1938 aeterno
1690 1910 1854 1937 carcere

253 1947 441 2000 dignum.
495 1948 606 1996 Quid
627 1949 692 1988 his
712 1950 879 1989 iudiciis
900 1951 1034 2001 magis
1055 1956 1376 2002 praeposterum
1398 1955 1413 1990 ‘3

306 2003 450 2054 Atque
487 2004 651 2042 interea
689 2003 791 2042 dum
830 2004 910 2043 hoc
948 2005 1140 2044 mirabile
1179 2007 1469 2057 spectaculum
1508 2007 1673 2046 detinet
1711 2005 1854 2046 oculos

252 2061 433 2104 nostros,
463 2062 556 2096 erat
581 2059 627 2097 in
654 2063 881 2110 prospectu
910 2059 1131 2110 praedium
1159 2061 1453 2100 suburbanum
1481 2060 1751 2113 Sigismundi,
1782 2061 1855 2112 qui

252 2124 387 2162 nuper
408 2113 671 2151 atrocissimo
693 2113 899 2164 supplicio
919 2115 1058 2164 periit.
1109 2114 1173 2153 Ea
1193 2115 1345 2154 domus
1365 2120 1470 2163 erat,
1492 2117 1538 2155 in
1557 2129 1644 2167 qua
1663 2115 1743 2154 hoc
1762 2116 1855 2166 ipso

174 2174 235 2204 180
252 2165 384 2204 ferme
403 2170 595 2217 tempore
614 2171 715 2205 ante
735 2180 894 2206 annum
915 2168 1175 2207 celebratum
1195 2174 1260 2209 est
1278 2170 1383 2209 illud
1401 2170 1576 2210 infoelix
1595 2171 1854 2209 conuiuium.

254 2220 342 2259 Nec
365 2220 521 2259 desunt
544 2221 617 2271 qui
639 2221 805 2260 factum
828 2222 908 2260 hoc
931 2223 1043 2261 inter
1065 2225 1294 2275 praecipua
1316 2224 1507 2264 facinora
1534 2228 1773 2271 numerent,
1798 2224 1853 2263 ob

254 2287 364 2325 quae
386 2278 477 2314 tam
500 2275 731 2314 horrendas
754 2289 913 2327 poenas
935 2276 1016 2315 luit
1036 2278 1173 2317 miser.
1226 2279 1438 2330 Equidem
1457 2281 1745 2318 temeritatem
1765 2279 1854 2318 eius

301 2376 372 2409 145.
399 2365 552 2408 atqu57:
583 2368 691 2407 atque
705 2370 759 2402 (ιβ.
882 2371 1071 2411 vtrumque
1087 2383 1150 2412 ay:
1176 2371 1341 2413 vtrinque
1356 2376 1388 2406 13.
1506 2382 1577 2415 149.
1604 2371 1649 2403 ad
1665 2374 1732 2405 01³:
1761 2368 1805 2401 ob
1819 2383 1852 2410 γ.

256 2407 328 2452 154.
354 2415 424 2451 β’γι
453 2408 660 2441 tumulentis
675 2423 705 2441 a·
845 2422 917 2454 157.
945 2425 1007 2453 [27²
1032 2415 1258 2456 praecepitii
1407 2425 1479 2458 159.
1504 2419 1630 2458 suapte
1648 2418 1713 2449 ass:
1739 2424 1804 2446 sua
1819 2425 1851 2453 7.

257 2458 326 2487 161.
354 2463 459 2495 eques
479 2452 625 2494 scripsi:
664 2453 763 2495 equis
785 2466 823 2486 a:
856 2465 948 2496 equo
961 2460 1019 2498 βγ.
1225 2463 1295 2500 163.
1322 2458 1478 2500 plerique
1500 2462 1566 2493 αβε
1592 2457 1802 2499 plurimique
1819 2469 1851 2497 γ.

255 2497 534 2530 obambulabant
551 2503 608 2537 βγ.
721 2498 794 2539 167.
820 2498 961 2532 illorum
979 2503 1023 2535 αβ
1039 2513 1046 2534 :
1073 2501 1198 2535 horum
1214 2515 1245 2542 γ,
1357 2503 1430 2534 168,
1457 2512 1670 2536 conuomens
1689 2514 1707 2531 α
1723 2513 1731 2533 x
1758 2511 1851 2533 com·

257 2551 398 2574 mouens
416 2544 472 2580 βγ.
600 2551 672 2583 170.
698 2544 870 2582 potarunt
886 2546 943 2584 βγ.
1064 2554 1135 2589 173.
1162 2556 1235 2578 esse
1252 2546 1478 2578 commissum
1493 2550 1550 2587 βγ.
1682 2555 1754 2594 174-
1783 2555 1849 2585 αγε

255 2583 561 2616 Charthusiensem
577 2587 611 2620 β.
707 2594 779 2626 177.
806 2598 870 2626 αγε
895 2587 970 2630 Atq
985 2590 1018 2623 β.
1088 2593 1156 2630 βγε
1190 2589 1327 2622 occulos
1345 2604 1375 2622 α.
1469 2599 1542 2632 179.
1568 2592 1634 2630 βγε
1661 2589 1801 2630 hoe1pse
1819 2600 1849 2618 α.

258 2631 329 2661 182.
355 2628 530 2669 Equidem
547 2632 614 2669 [372
633 2627 682 2659 Et
698 2628 840 2669 qujdem
860 2644 890 2662 α.
1636 2640 1639 2643 ·

303 2725 374 2759 145.
401 2717 582 2756 oaenatur]
598 2716 647 2748 Cf.
666 2717 730 2758 Ep.
752 2727 845 2749 1211.
866 2725 966 2758 309n.
1089 2722 1275 2763 published
1301 2723 1355 2754 till
1380 2723 1462 2754 Feb.
1494 2725 1589 2763 1526,
1616 2722 1676 2753 the
1702 2722 1853 2763 Ichthyo-

304 2761 374 2802 148.
400 2760 523 2791 diebus
565 2760 680 2799 festis]
724 2760 792 2791 For
843 2761 1019 2793 Erasmus’
1087 2766 1214 2806 phayia
1234 2777 1304 2798 was
1325 2767 1474 2808 perhaps
1494 2766 1681 2808 composed
1700 2776 1738 2797 as
1758 2765 1852 2806 early

255 2803 375 2834 liberal
412 2804 517 2835 views
555 2813 600 2835 on
638 2804 698 2835 the
736 2804 946 2836 observance
987 2805 1023 2838 of
1089 2819 1127 2840 as
1166 2819 1258 2851 1524.
1320 2812 1392 2842 But
1425 2820 1513 2842 even
1547 2820 1597 2848 so,
1632 2809 1704 2841 this
1738 2808 1852 2847 letter,

260 2847 353 2878 these
369 2846 413 2879 cf.
432 2847 521 2888 Epp.
542 2856 635 2887 1039.
655 2848 796 2888 180-96,
816 2857 908 2889 1274.
931 2858 1005 2892 14n.
1090 2853 1229 2885 written
1254 2864 1298 2886 on
1321 2854 1381 2885 the
1404 2853 1475 2896 day
1497 2853 1588 2885 after
1608 2852 1668 2884 the
1691 2855 1808 2890 event,
1823 2852 1852 2883 is

305 2891 376 2923 160.
402 2889 592 2930 Passionis]
609 2900 651 2922 22
669 2891 790 2923 March
811 2901 822 2923 1
831 2901 870 2932 52
875 2902 904 2932 3.
1089 2896 1149 2927 the
1169 2897 1284 2929 better
1301 2897 1484 2939 authority
1501 2896 1556 2929 for
1573 2896 1633 2928 the
1651 2896 1743 2928 date.

305 2937 377 2967 162.
404 2934 563 2966 Occurrit
584 2934 700 2973 nobis]
716 2935 800 2966 This
821 2936 979 2967 incident
993 2936 1022 2966 is
1137 2951 1209 2985 174,
1229 2939 1707 2980 carthusiensem]E1-asmus’
1717 2942 1853 2981 respect

257 2976 345 3018 fully
378 2976 558 3009 described
590 2977 664 3010 also
695 2979 732 3009 iu
766 2978 826 3010 the
859 2979 1021 3021 colloquy
1089 2982 1143 3015 for
1171 2985 1231 3017 the
1256 2985 1366 3018 Order
1386 2983 1444 3025 (cf.
1470 2984 1535 3026 Ep.
1570 2985 1664 3024 1196.
1687 2984 1791 3026 425n)
1820 2982 1850 3014 is

258 3020 521 3062 Ichthyophaqia
542 3021 627 3061 (LB.
649 3021 671 3052 i.
695 3023 759 3062 803
775 3024 856 3062 A-o)
871 3035 879 3061 ;
907 3023 977 3054 and
991 3023 1021 3054 is
1089 3027 1252 3061 reflected
1267 3038 1355 3060 even
1372 3028 1462 3060 here.

259 3064 335 3097 said
358 3064 455 3096 there
479 3067 517 3095 to
540 3063 630 3096 have
653 3065 817 3097 occurred
841 3076 887 3098 on
911 3066 1021 3105 Palm,
1138 3072 1210 3112 178.
1235 3070 1462 3114 sigismundi]
1477 3069 1769 3112 Steinschnyder:
1797 3080 1852 3102 see

261 3112 323 3141 not
362 3108 517 3145 Passion,
558 3106 711 3149 Sunday.
774 3108 920 3150 Though
959 3112 1023 3142 not
1090 3113 1154 3156 Ep.
1177 3124 1268 3154 1274.
1292 3122 1366 3157 14n.
