2012 3370
217 1462 260 1496 50
278 1445 449 1485 fuerant
488 1446 732 1486 aduersarii.

213 1997 258 2030 60
277 1993 488 2040 oportuna
525 1989 742 2041 loquutus.

286 89 363 128 194

281 197 398 249 quod
429 197 496 237 vel
526 210 621 236 raro
652 197 719 235 vel
750 209 971 247 nunquam
1001 197 1224 248 contingit.

753 87 1008 127 LETTERS
1039 87 1111 127 OF
1140 86 1404 128 ERASMUS

1755 90 1876 139 [1523

1285 196 1443 236 Iustior
1472 198 1553 236 erit
1581 199 1813 246 excusatio,
1844 198 1879 236 si

282 252 440 291 veritas
464 253 556 303 ipsa
582 255 804 289 mansueta
830 250 1021 290 nonnihil
1046 251 1368 290 maleuolentiae
1394 251 1589 291 conciliet
1613 252 1729 304 apud
1754 266 1877 303 quos-

281 306 394 351 dam,
415 319 545 356 quam
564 306 598 344 si
618 305 836 344 deseratur
855 306 1024 352 veritas,
1046 318 1155 356 quae
1175 305 1364 345 Christus
1383 310 1460 352 est,
1482 309 1655 357 propter
1674 306 1878 347 homines.

219 375 263 408 30
282 359 392 407 Quid
415 362 449 398 si
472 360 550 398 hac
574 360 644 398 via
666 361 984 410 extingueretur
1006 360 1176 407 veritas,
1201 360 1316 410 quod
1339 361 1424 399 sint
1446 361 1519 410 qui
1541 360 1638 399 inde
1661 360 1879 400 seditionis

281 415 542 453 occasionem
568 415 655 452 sint
680 415 893 465 sumpturi
914 416 929 451 ⁴?
986 413 1116 453 Porro
1142 414 1296 453 cedant
1322 414 1500 453 affectus
1526 415 1740 466 vtrinque,
1767 415 1878 454 suffi-

278 472 435 519 gantur
458 468 566 506 oculi
588 469 633 506 in
655 467 882 515 Christum,
907 469 980 519 qui
1002 469 1139 507 iustus
1161 469 1288 507 iudex
1311 470 1354 507 in
1377 482 1477 508 vero
1499 468 1652 508 iuditio
1674 469 1881 509 iudicabit

279 523 435 561 omnia.
490 522 586 562 Scio
614 527 657 561 te
685 524 839 561 mirum
867 523 955 561 eius
983 522 1150 562 artificii
1176 523 1359 570 fabrum,
1389 524 1456 562 cui
1483 535 1629 573 parem
1657 537 1743 562 non
1770 524 1881 563 vidit

278 580 399 615 aetas
421 580 579 623 nostra,
603 577 677 627 qui
699 577 926 628 perdoctus
948 578 1004 616 sis
1026 590 1111 628 quo
1132 578 1299 629 ingenio
1321 578 1377 617 sit
1399 578 1667 617 scribendum
1689 579 1734 617 in
1754 578 1880 618 rebus

219 647 236 678 3
243 647 257 679 5
280 631 465 682 periculo
485 632 701 682 expositis.

334 685 470 724 Faber
491 689 690 724 strennue
711 686 800 736 agit
820 689 969 724 contra
992 685 1239 733 Lutherum‚
1257 686 1330 725 sed
1346 690 1567 737 suspectus
1583 686 1729 726 multis
1744 688 1878 726 nomi-

279 739 418 787 nibus,
440 740 556 790 quod
582 740 822 779 adfectibus
848 753 901 779 ex
927 741 1173 780 sacerdotiis
1199 745 1244 780 et
1270 741 1515 780 muneribus
1541 742 1756 793 concept-is
1784 741 1878 792 plus

279 806 416 844 aequo
431 793 499 833 vel
514 793 664 834 saltem
680 807 766 834 non
783 807 832 834 eo
848 795 974 834 modo
990 796 1123 834 seuire
1143 795 1353 842 videatur,
1376 796 1573 845 quamuis
1592 799 1711 835 totus
1732 809 1802 835 ore
1823 797 1878 835 sit

280 847 462 888 blandus
478 852 522 888 et
540 849 691 888 Italico
708 848 807 888 fuco
824 862 911 888 non
927 849 1143 888 absimilis.
1190 849 1288 888 Non
1305 854 1370 888 est
1388 850 1467 889 hoc
1485 849 1652 889 saeculo
1670 849 1878 901 pontifici-

215 918 262 950 40
279 902 358 941 bus
373 907 417 942 et
431 903 650 954 tyrannidi
665 903 831 942 illorum
847 904 1026 942 nimium
1041 903 1330 949 tribuendum,
1347 905 1427 942 nisi
1443 904 1639 943 malimus
1654 909 1878 955 expectare

278 956 460 1008 capitale
485 958 732 1008 periculum.
787 957 825 996 A
851 959 990 1009 capite
1016 957 1271 996 diffunditur
1295 957 1367 996 illa
1393 959 1551 1008 pestis;
1595 959 1711 1009 quod
1736 960 1770 997 si
1796 959 1879 998 illic

279 1024 379 1050 cura
417 1011 683 1058 adhibeatur,
723 1011 846 1051 facile
884 1024 1036 1063 corpus
1073 1016 1117 1050 et
1155 1011 1346 1051 membra
1382 1013 1676 1052 restituentur.

1743 1012 1879 1052 Faber

278 1065 463 1105 secundo
489 1067 764 1105 concionatus
789 1070 855 1105 est
880 1066 936 1104 ad
961 1066 1167 1117 populum
1193 1066 1369 1105 absente
1395 1067 1691 1106 concionatore
1717 1072 1876 1114 nostro,

279 1120 439 1158 Ioanne
463 1120 629 1159 Vannio
649 1134 657 1167 3
697 1133 797 1159 nam
821 1133 976 1159 nomen
998 1120 1109 1160 illius
1132 1121 1236 1159 scire
1259 1120 1472 1171 cupiebas.
1524 1121 1791 1160 Adhortatus
1814 1127 1879 1161 est

215 1191 257 1223 45
278 1174 445 1225 plebem
473 1178 518 1213 et
546 1174 762 1214 auditores
789 1188 842 1213 ne
871 1176 993 1213 nouis
1021 1179 1065 1214 et
1094 1175 1322 1226 peregrinis
1350 1174 1622 1226 dogmatibus
1651 1175 1806 1216 abduci
1835 1189 1878 1215 se

277 1229 545 1279 permittant,
563 1228 636 1268 sed
651 1230 795 1280 potius
809 1229 987 1268 Patrum
1003 1230 1192 1281 vestigiis
1205 1229 1445 1269 inherentes
1460 1243 1630 1269 sensum
1645 1234 1878 1281 sequantur

277 1282 444 1321 illorum
467 1283 523 1322 ab
546 1283 762 1335 Apostolis
785 1296 919 1334 vsque
942 1284 998 1323 ad
1020 1288 1214 1323 nostrum
1237 1284 1426 1323 seculum
1448 1289 1680 1336 receptum.
1732 1284 1879 1324 Multis

277 1339 538 1388 argumentis
554 1339 764 1389 persuasit
780 1343 929 1377 contra
945 1338 1184 1386 doctrinam
1200 1338 1389 1385 Lutheri,
1408 1351 1632 1390 suppresso
1648 1343 1795 1378 tamen
1810 1339 1878 1378 vel

277 1391 389 1430 illius
420 1391 489 1431 vel
520 1392 693 1431 alterius
725 1393 908 1432 nomine.

970 1392 1100 1432 Suaui
1138 1392 1466 1432 mansuetudine
1503 1393 1664 1444 pellicit
1701 1406 1772 1432 eos
1804 1395 1877 1444 qui

801 1447 860 1486 Et
898 1446 1030 1486 refelli
1070 1451 1243 1498 possent
1282 1447 1485 1487 nonnulla
1525 1460 1609 1498 que
1647 1449 1877 1500 proponit;

278 1504 426 1539 tamen
457 1502 614 1552 speties
646 1501 718 1540 illa
750 1505 795 1540 et
827 1501 985 1540 blanda
1017 1502 1233 1553 persuasio
1265 1501 1457 1540 nonnihil
1489 1506 1636 1541 mouet
1668 1502 1877 1554 simplices

278 1555 455 1594 animos.

515 1554 595 1594 Per
625 1556 768 1594 omnia
799 1557 998 1595 conuenit
1029 1556 1133 1594 mihi
1164 1568 1261 1594 cum
1291 1556 1444 1602 Fabro,
1477 1556 1566 1595 solo
1596 1556 1676 1595 1106
1706 1558 1877 1608 negotio

277 1609 466 1660 dempto,
481 1610 554 1660 qui
567 1609 662 1661 plus
675 1622 813 1661 aequo
826 1610 929 1648 mihi
942 1609 1112 1649 videtur
1124 1610 1310 1649 tribuere
1323 1610 1542 1661 tyrannidi
1555 1610 1876 1651 ecclesiasticae.

278 1663 348 1702 Ita
367 1663 529 1702 habent
548 1663 728 1703 affectus
748 1664 843 1711 mei,
865 1668 916 1703 vt
935 1664 1116 1704 calorem
1137 1668 1181 1704 et
1201 1665 1515 1704 vehementiam
1534 1668 1675 1715 preter
1695 1678 1813 1716 spem
1833 1670 1878 1705 et

218 1734 255 1768 55
277 1721 428 1756 votum
446 1730 755 1769 nonnunquam
774 1719 1000 1758 incutiant.
1048 1718 1155 1758 Volo
1173 1718 1306 1758 literis
1323 1719 1410 1758 tuis
1429 1732 1496 1758 me
1514 1719 1574 1758 illi
1593 1719 1875 1767 commendes,

276 1772 438 1811 amicus
452 1773 590 1812 amico
603 1773 801 1820 amicum,
818 1786 1064 1824 quanquam
1080 1786 1123 1812 se
1139 1773 1291 1813 offerat
1304 1774 1606 1812 amicissimum
1624 1774 1670 1813 in
1683 1775 1876 1825 spetiem.

277 1825 371 1865 8610
395 1827 508 1865 6111111
531 1826 652 1873 illum
676 1827 786 1866 male
810 1827 978 1875 habere,
1004 1828 1039 1867 si
1064 1828 1291 1878 quisquam
1315 1827 1537 1867 obnitatur
1560 1829 1761 1867 instituto
1786 1841 1876 1868 suo.

276 1880 392 1919 Nulli
419 1894 490 1920 610
517 1881 655 1920 calcar
681 1881 912 1928 seditionis,
942 1882 1046 1921 nulli
1074 1883 1237 1922 occasio
1264 1882 1503 1921 turbandae
1530 1883 1660 1934 pacis.
1717 1882 1877 1922 Vellem

276 1938 422 1974 tamen
443 1936 659 1986 vtrimque
680 1936 847 1975 audiret
869 1936 975 1975 alter
997 1936 1178 1976 alterum
1199 1950 1207 1983 ;
1245 1950 1346 1976 nam
1367 1949 1493 1988 saepe
1513 1940 1579 1976 est
1599 1936 1725 1976 olitor
1745 1938 1876 1976 etiam

805 1990 1086 2030 Concionator
1120 1991 1310 2030 Vannius
1343 1995 1420 2030 aut
1452 2004 1529 2030 sua
1561 1995 1726 2042 sponte,
1762 1992 1878 2042 quod

275 2043 418 2091 audio,
449 2048 598 2094 queret
626 2044 755 2091 abire,
786 2049 862 2084 aut
891 2049 1118 2096 quaeretur
1147 2045 1299 2085 modus
1328 2058 1413 2097 quo
1440 2045 1651 2085 festiuiter
1679 2046 1735 2085 sit
1763 2045 1874 2085 able·

277 2097 453 2148 gandus,
477 2102 688 2148 quantum
709 2112 762 2138 ex
783 2100 1035 2139 coniecturis
1054 2099 1257 2152 intelligo.

332 2151 455 2198 Quod
477 2152 721 2191 Huttenum
743 2153 799 2191 ad
821 2153 1078 2204 colloquium
1100 2167 1186 2193 non
1207 2153 1438 2201 admiseris,
1463 2154 1741 2206 suspitionem
1762 2153 1877 2194 tollit

277 2205 480 2256 captandi
499 2206 673 2253 consilii,
694 2207 767 2246 sed
786 2207 903 2258 apud
920 2208 997 2247 hos
1016 2209 1089 2258 qui
1107 2208 1151 2247 id
1169 2212 1341 2248 norunt.

330 2260 478 2299 Palam
494 2273 639 2300 rumor
654 2261 838 2300 inualuit
855 2262 1013 2301 multos
1030 2263 1275 2302 conuenisse
1292 2262 1496 2310 Basileae,
1516 2263 1589 2314 qui
1606 2262 1876 2302 Lutheranae

321 2345 372 2384 36.
397 2342 528 2382 Faber]
558 2342 630 2373 The
662 2341 927 2375 Vicar-General
959 2343 1039 2384 (Ep.

277 2386 368 2425 386),
390 2385 468 2417 who
490 2385 560 2417 had
583 2385 738 2427 recently
764 2386 929 2417 returned
951 2386 1042 2417 from

276 2428 387 2461 Rome
399 2428 456 2468 (cf.
473 2429 536 2470 Ep.
553 2438 648 2469 1324.
668 2431 777 2469 121n).
813 2430 867 2461 He
881 2429 951 2461 had
964 2440 1042 2471 pro-

276 2472 389 2504 duced
402 2472 498 2504 there
515 2483 560 2504 an
576 2473 670 2513 Opus
686 2473 847 2504 aduersus
861 2483 951 2505 noua
966 2474 1041 2514 doq-

275 2519 365 2547 mata
380 2515 528 2554 Lutheri,
546 2516 669 2554 Rome,
689 2516 736 2548 M.
753 2515 874 2554 Silber,
897 2526 934 2557 14
953 2516 1040 2558 Aug.

280 2568 291 2590 1
320 2568 372 2590 22.

300 2567 373 2644 539.
398 2601 525 2634 Italico
541 2601 636 2641 fuco]
654 2602 812 2634 Another
828 2603 988 2645 example
1008 2603 1042 2635 of

274 2645 401 2687 feeling
422 2645 460 2677 in
484 2646 661 2688 Germany
677 2646 815 2688 against
839 2646 957 2689 Italy3
995 2647 1038 2680 cf.

277 2689 341 2730 Ep.
365 2698 457 2721 1110.
478 2693 557 2730 67n.

276 2732 669 2808 besslknvflirssni‘gw‘iz‘iliff
693 2732 911 2808 Wifflerhffi
930 2733 1041 2809 1(ῡῖῗῇ

275 2819 468 2860 appointed
487 2818 652 2861 preacher
669 2819 706 2851 in
726 2820 785 2851 the
806 2820 985 2852 cathedral
1006 2820 1041 2852 of

276 2861 469 2893 Constance
497 2862 534 2894 in
568 2872 693 2903 1521-2
725 2863 794 2904 (Bl.
826 2864 867 2895 E.
898 2872 936 2904 35
970 2864 1041 2896 and

273 2906 331 2944 43)
355 2905 506 2946 through
527 2905 587 2937 the
607 2906 778 2938 influence
800 2906 834 2938 of
857 2907 1041 2939 Botzheim

277 2948 337 2986 (K.
353 2947 545 2985 Walchner,
555 2949 733 2988 Botzheim,
750 2951 846 2990 1836,
858 2961 918 2992 pp.
930 2952 1040 2990 25,6);

276 2991 340 3024 but
378 2991 430 3025 his
467 2991 673 3024 inclination
711 2994 862 3025 towards
900 2994 1038 3031 reform,

1111 2342 1224 2375 which
1243 2343 1285 2375 he
1306 2344 1407 2376 made
1426 2354 1473 2376 no
1492 2347 1647 2385 attempt
1666 2347 1705 2375 to
1723 2344 1876 2382 conceal,

1110 2397 1195 2418 soon
1207 2387 1355 2419 aroused
1366 2387 1425 2418 the
1437 2387 1597 2428 hostility
1610 2387 1644 2418 of
1656 2387 1716 2419 the
1728 2388 1793 2429 Bp.
1806 2389 1878 2420 and

1111 2430 1169 2461 the
1180 2430 1349 2470 friars(cf.
1366 2431 1455 2472 Epp.
1478 2432 1570 2471 1382.
1588 2434 1639 2473 36,
1657 2440 1750 2469 1401.
1765 2440 1874 2471 9—123

1109 2474 1180 2505 and
1204 2474 1246 2506 N.
1266 2473 1406 2511 Paulus,
1432 2474 1592 2505 Deutsche
1617 2473 1874 2513 Dominikaner,

1114 2528 1248 2559 19o3‚p.
1260 2519 1348 2558 315).
1369 2517 1422 2549 He
1431 2528 1499 2548 was
1507 2517 1767 2550 stillinofficein
1778 2519 1875 2558 1526,

1110 2561 1181 2592 and
1190 2561 1340 2602 perhaps
1351 2560 1388 2592 in
1404 2570 1415 2592 1
1424 2570 1439 2601 5
1447 2570 1498 2600 30.
1525 2560 1587 2593 See
1599 2560 1651 2592 Bl.
1666 2561 1706 2593 E.
1719 2561 1790 2593 and
1802 2561 1874 2594 VE.

1198 2603 1339 2643 nomen]
1359 2604 1410 2636 Cf.
1432 2605 1497 2645 Ep.
1522 2614 1614 2645 1331.
1636 2608 1714 2646 6311.

1155 2658 1207 2689 59.
1232 2658 1316 2679 nam
1357 2647 1474 2689 saepe]
1516 2648 1546 2679 A
1588 2647 1799 2680 translation
1842 2648 1877 2680 of

1107 2701 1129 2723 a
1151 2691 1264 2724 Greek
1286 2691 1489 2723 hexameter
1510 2691 1695 2733 preserved
1718 2691 1766 2732 by
1788 2691 1874 2724 Gen.

1106 2743 1138 2766 2.
1157 2738 1188 2768 6.
1205 2745 1251 2774 9;
1277 2734 1320 2767 cf.
1347 2735 1453 2774 Adaq.
1478 2743 1550 2775 501.
1590 2734 1758 2766 Erasmus
1776 2733 1874 2766 there

1108 2778 1298 2810 attributes
1324 2778 1375 2817 (in
1404 2779 1502 2818 1508)
1530 2781 1569 2810 to
1595 2777 1802 2809 Bombasius
1829 2788 1874 2809 an

1109 2821 1343 2859 emendation,
1369 2822 1419 2851 καὶ
1445 2823 1557 2861 μωρός,
1595 2820 1709 2852 which
1745 2820 1774 2851 is
1811 2820 1871 2852 the

1108 2864 1252 2906 reading
1269 2864 1302 2896 of
1320 2864 1502 2902 StobaeuS,
1521 2862 1592 2896 and
1606 2863 1636 2894 is
1653 2863 1808 2905 adopted
1826 2863 1874 2906 by

1111 2908 1255 2940 modern
1272 2907 1404 2940 editors
1421 2907 1457 2940 in
1476 2906 1574 2948 place
1593 2906 1627 2938 of
1645 2908 1796 2946 κηπωρός.

1152 2955 1205 2992 65.
1231 2950 1360 2983 multos
1379 2948 1595 2988 conuenisse]
1615 2949 1664 2981 Cf.
1687 2950 1752 2991 Ep.
1776 2959 1870 2990 1342.

1108 2996 1241 3035 660-70
1244 3004 1274 3034 3,
1287 2995 1400 3026 where
1410 2993 1470 3026 the
1479 3004 1622 3025 rumour
1633 2995 1661 3026 is
1672 2994 1869 3026 attributed
