2012 3370
284 130 336 169 66
757 128 1012 168 LETTERS
1043 128 1115 168 or
1145 127 1408 168 ERASMUs
1757 128 1879 177 [1522

284 239 504 287 Rhenano,
531 239 664 278 debeo
689 238 846 290 Sapido
870 243 913 277 et
938 239 1086 277 ceteris
1110 239 1199 277 eius
1221 238 1395 285 farinae,
1422 238 1543 277 bonis
1567 238 1726 277 scilicet
1749 239 1850 277 viris
1873 252 1881 286 3

282 293 429 341 debeo,
464 295 654 345 inquam,
690 292 821 344 quod
840 292 1083 344 rependam,
1121 294 1154 331 si
1190 293 1362 344 quando
1397 293 1570 332 dabitur
1605 292 1781 340 occasio,
1817 294 1880 332 ita

281 352 428 387 tamen
456 352 506 387 vt
535 361 680 387 omnes
709 348 767 386 hii
796 348 926 386 ctiam
955 348 1102 386 inuitis
1131 347 1332 386 dentibus
1361 347 1644 386 Botzhemum
1672 351 1879 398 perpetuo

281 403 361 441 sibi
382 404 570 441 sentiant
591 402 901 441 deditissimum
923 406 967 440 et
987 415 1039 440 ex
1060 402 1203 440 animo
1223 401 1453 441 fauentem.

219 470 264 492 20
334 457 582 508 Tyrannum
618 456 738 495 illum
775 457 834 495 rei
871 456 1136 495 Christianae
1172 457 1520 503 inimicissimum,
1556 457 1600 495 in
1636 459 1680 495 te
1717 457 1878 495 seuien-

280 514 367 549 tem
398 510 621 557 calculum,
652 511 818 550 vtinam
848 510 903 549 ad
932 509 1073 549 furcas
1102 510 1314 549 Caudinas
1351 510 1582 562 propellere
1611 510 1755 549 liceret
1785 523 1879 550 meo

278 564 576 604 incommodo!
640 564 693 603 In
728 565 840 603 hunc
875 577 961 603 non
996 564 1103 603 adeo
1138 565 1322 603 multum
1357 565 1557 604 abludere
1593 564 1806 611 videreris,
1843 566 1875 604 si

278 619 447 658 Febrim
475 618 591 658 illam
621 618 902 658 Huttenicam
931 620 1101 658 nomine
1129 623 1302 658 tantum
1331 623 1501 658 mutato
1529 632 1579 658 eo
1608 618 1876 670 detorqueas,

278 677 327 712 vt
358 673 425 712 vel
455 673 675 713 Fucckaro
705 673 875 712 cuidam
906 673 971 712 vel
1004 673 1262 724 quibusdam
1292 673 1444 713 ideotis
1475 673 1770 713 Cardinalibus
1800 678 1877 712 aut

218 741 255 773 95
277 727 520 767 Abbatibus
552 727 856 779 prepinguibus
890 727 1133 767 demandes.
1197 728 1373 767 Moleste
1403 728 1492 767 fero
1526 728 1722 766 morbum
1757 727 1876 766 illum

274 781 454 821 subinde
467 782 829 821 recrudescentem
843 795 976 833 Vsque
991 782 1045 821 ad
1059 786 1294 821 extremam
1308 783 1438 821 animi
1452 783 1534 821 mei
1547 783 1874 833 impatientiam,

274 837 337 874 ita
353 840 402 875 vt
417 836 522 875 nihil
538 849 719 887 vsquam
736 838 792 875 sit
808 836 909 875 mali
925 837 1040 888 quod
1055 837 1114 875 illi
1131 850 1216 875 non
1232 838 1436 888 imprecer
1451 850 1503 875 ex
1519 838 1614 875 imis
1631 837 1875 884 visceribus,

275 891 348 940 qui
379 890 665 930 Christianam
696 892 907 930 iacturam
938 891 1175 941 <facturus>
1205 904 1339 942 Vsque
1377 891 1483 930 adeo
1514 893 1571 930 sit
1607 892 1651 929 in
1683 891 1874 931 Erasmo.

275 944 356 984 Sed
379 944 582 992 Christus,
607 958 716 996 quae
738 959 815 984 sua
836 950 901 985 est
923 946 1159 993 clementia,
1182 959 1271 984 rem
1293 959 1413 984 suam
1435 947 1479 984 in
1500 949 1544 984 te
1566 945 1745 984 curabit.

214 1012 255 1043 30
328 998 524 1038 Ceterum
549 1000 665 1051 quod
689 1000 744 1038 ab
769 1000 849 1038 hiis
874 1013 983 1051 quae
1009 1000 1087 1039 sub
1112 1001 1328 1051 proximas
1352 999 1564 1038 nundinas
1590 999 1873 1047 excuduntur,

273 1053 419 1092 abesse
449 1067 535 1093 non
563 1055 735 1106 poteris,
767 1055 997 1105 plurimum
1027 1054 1247 1105 approbo3
1293 1058 1466 1093 tantum
1496 1054 1618 1092 abest
1647 1058 1697 1092 vt
1726 1067 1874 1092 ansam

273 1107 458 1146 abeundi
475 1108 555 1148 tibi
573 1113 798 1159 praestem,
818 1108 991 1159 quando
1009 1121 1105 1147 cum
1123 1108 1268 1147 multis
1286 1121 1383 1147 eum
1400 1108 1587 1146 laborem
1606 1121 1873 1146 communem

272 1161 375 1200 mihi
403 1166 448 1200 et
470 1162 649 1201 vtilitati
671 1162 865 1201 futurum
895 1176 1071 1214 sperem,
1096 1162 1224 1201 modo
1245 1175 1298 1201 ne
1319 1163 1402 1213 ipsi
1423 1162 1527 1201 mihi
1549 1162 1695 1201 desim.
1747 1162 1873 1201 Para-

271 1228 417 1254 ueram
448 1216 529 1255 tibi
560 1216 701 1255 locum
733 1229 860 1268 quem
892 1221 970 1256 tuo
1002 1230 1117 1256 more
1150 1229 1319 1256 securus
1351 1216 1625 1263 inhabitares,
1660 1229 1746 1256 non
1778 1216 1873 1256 dico

211 1283 228 1315 3
234 1284 250 1315 5
270 1269 555 1321 magnificum,
579 1270 653 1310 sed
673 1284 725 1310 ex
746 1284 831 1322 quo
852 1272 1042 1310 animum
1062 1272 1107 1310 in
1127 1275 1171 1310 te
1192 1284 1333 1310 meum
1354 1270 1477 1310 facile
1497 1272 1872 1322 propensissimum

268 1323 521 1363 iudicaueris
541 1339 549 1372 ;
580 1338 708 1376 quem
726 1339 775 1364 eo
792 1326 1007 1365 lubentius
1026 1339 1187 1377 occupo
1204 1330 1248 1364 et
1264 1325 1541 1376 frequentius,
1561 1325 1677 1376 quod
1694 1325 1872 1365 Erasmo

269 1378 497 1418 institutus
518 1380 586 1418 sit.

324 1432 387 1471 De
414 1433 651 1484 prefatione
678 1437 755 1472 tua
781 1447 856 1485 per
882 1447 949 1473 me
975 1447 1098 1473 versa
1123 1434 1247 1473 tarde
1274 1447 1545 1481 commones;
1588 1446 1719 1485 quam
1746 1447 1869 1473 excu-

267 1485 451 1525 dendam
473 1487 645 1535 tradidi,
670 1501 755 1527 non
779 1490 1018 1540 suspicatus
1041 1502 1285 1540 quenquam
1313 1488 1508 1528 futurum
1530 1492 1623 1527 tam
1645 1489 1871 1540 perfrictae

204 1554 248 1585 40
266 1540 419 1580 frontis
448 1541 663 1581 hominem
694 1546 737 1581 et
767 1556 919 1593 parum
950 1543 1214 1582 Christianae
1244 1543 1413 1590 mentis,
1446 1543 1519 1593 qui
1550 1542 1648 1581 odio
1677 1542 1866 1590 Lutheri,

265 1596 456 1646 quisquis
473 1597 563 1647 ipse
580 1597 648 1643 sit,
667 1597 804 1648 ipsam
822 1596 977 1636 Christi
994 1602 1037 1636 et
1057 1597 1279 1649 Euangelii
1296 1598 1523 1636 veritatem
1539 1597 1632 1636 luce
1649 1596 1867 1636 clariorem

264 1654 598 1700 persequeretur,
623 1651 738 1701 quod
760 1651 870 1690 hano
893 1653 1023 1690 etiam
1046 1652 1259 1703 attigisset
1280 1651 1505 1690 Lutherus
1557 1650 1639 1691 Sed
1662 1664 1711 1690 eo
1733 1665 1867 1702 vsque

265 1704 629 1754 pusillanimitatis
657 1705 1013 1756 progrediendum
1040 1719 1093 1745 ex
1119 1719 1164 1745 re
1190 1705 1281 1745 fore
1307 1719 1395 1745 non
1421 1705 1544 1752 duco,
1574 1707 1609 1744 si
1636 1707 1863 1757 quicquam

263 1757 461 1797 salutaris
489 1758 613 1798 officii
643 1760 775 1810 (quod
802 1764 851 1799 tu
879 1773 1100 1812 nunquam
1127 1773 1214 1799 non
1240 1759 1362 1809 facis)
1391 1759 1640 1800 Christianis
1666 1761 1723 1799 sit
1749 1760 1861 1799 exhi-

201 1825 241 1856 45
263 1811 463 1859 bendum,
489 1817 539 1852 vt
561 1817 679 1852 metu
703 1814 759 1853 M.
785 1814 838 1854 N.
863 1816 1126 1865 quorumuis,
1151 1816 1281 1854 etiam
1306 1814 1610 1866 Hispanorum,
1635 1813 1862 1854 Iudeorum

646 1896 700 1929 28.
727 1896 885 1928 facturus
901 1898 977 1930 add.
995 1897 1180 1936 Enthouen,
1196 1898 1236 1930 in
1245 1898 1317 1940 fine
1334 1906 1454 1930 versus.

262 1975 366 2016 (Epp.
393 1977 468 2014 986.
498 1985 552 2014 1n,
581 1986 675 2017 1030.
696 1977 779 2017 65n)
798 1976 938 2008 invited
956 1976 1031 2008 him
1097 1977 1327 2009 Heresbach’s
1353 1977 1493 2015 Strabo,
1520 1986 1615 2018 1523,
1640 1987 1718 2009 now
1741 1978 1777 2008 in
1804 1977 1862 2009 the

261 2021 299 2050 to
321 2017 527 2061 Tubingen;
563 2020 634 2052 and
657 2019 754 2051 there
778 2019 821 2052 he
843 2023 947 2062 spent
969 2020 1030 2052 the
1096 2020 1212 2062 Royal
1243 2021 1345 2052 Print
1375 2020 1522 2052 Cabinet
1553 2024 1591 2051 at
1623 2020 1762 2052 Berlin:
1808 2031 1863 2051 see

260 2065 331 2093 rest
355 2062 390 2094 of
413 2063 466 2094 his
487 2062 547 2094 life
571 2073 609 2094 as
638 2063 816 2095 Professor
844 2064 880 2095 of
907 2064 949 2096 N.
977 2064 1030 2102 T„
1095 2064 1149 2105 fig.
1185 2073 1223 2105 50
1250 2064 1287 2096 in
1316 2064 1361 2097 H.
1393 2063 1603 2096 Knaekfuss³
1634 2063 1790 2097 Holbeiw.
1819 2068 1860 2097 tr.

258 2104 331 2136 also
355 2104 462 2147 doing
486 2105 602 2144 much,
626 2116 664 2138 as
689 2109 728 2138 at
753 2106 866 2145 Basle,
890 2107 944 2139 for
968 2107 1029 2140 the
1095 2107 1129 2139 C.
1150 2107 1330 2148 Dodgson‚
1348 2109 1442 2146 1899.

259 2149 537 2224 ἷξὲἷξίἳωὶῗὲ
562 2149 922 2224 ἓξέἷῖῑςῗῐᾞῖἓῗίῗ·
944 2151 1027 2234 52}ss
1142 2151 1193 2224 ἱῗ·
1221 2150 1487 2232 ῗὲιῖἷῇἶὲῆθὲἓ
1489 2151 1747 2235 133²?23ssf3‘32·

258 2234 375 2266 before
405 2235 478 2266 him
508 2236 630 2275 (BRE.
663 2237 754 2276 361),
784 2235 922 2277 leaving
952 2237 1025 2268 him
1140 2245 1193 2268 22.
1220 2237 1399 2276 abludere]
1414 2237 1464 2269 Cf.
1482 2237 1565 2269 Hor.
1583 2237 1618 2269 S.
1634 2247 1664 2269 2.
1683 2247 1712 2278 3.
1730 2247 1804 2278 320.

258 2277 344 2309 with
364 2278 461 2310 three
480 2289 598 2320 young
618 2279 783 2311 children.
829 2279 894 2311 His
913 2280 1025 2312 works
1138 2289 1192 2319 23.
1219 2279 1372 2318 Febrim]
1401 2280 1463 2312 See
1490 2281 1555 2321 Ep.
1583 2290 1658 2320 923.
1692 2290 1766 2319 19n.
1818 2281 1859 2313 In

256 2321 395 2352 include
421 2332 442 2353 a
468 2321 561 2363 large
587 2323 654 2354 but
679 2323 796 2364 jejune
824 2323 1024 2362 Chronicon,
1092 2323 1151 2354 the
1174 2323 1334 2363 dialogue
1356 2323 1466 2355 Fever
1484 2324 1514 2354 is
1536 2324 1717 2355 dismissed
1740 2328 1779 2356 to
1801 2325 1859 2356 the

258 2364 370 2402 Basle,
391 2365 424 2397 J.
446 2365 652 2407 Herwagen,
675 2367 1023 2407 1534—undertaken
1091 2367 1383 2408 representatives
1416 2366 1452 2398 of
1482 2366 1610 2398 wealth
1642 2367 1712 2398 and
1744 2378 1857 2409 power

256 2411 295 2439 at
327 2407 387 2439 the
420 2412 561 2450 request
593 2409 628 2441 of
661 2409 854 2451 Grynaeus,
887 2410 1022 2451 though
1090 2409 1170 2441 here
1192 2410 1393 2442 indicated:
1431 2420 1486 2442 see
1510 2410 1654 2442 Hutteni
1677 2410 1778 2451 Opp„
1803 2412 1855 2444 ed.

257 2450 387 2483 Beatus
410 2452 612 2484 considered
634 2452 708 2484 him
730 2453 882 2493 scarcely
905 2453 947 2485 fit
969 2454 1023 2486 for
1093 2453 1260 2491 Bockintz,
1278 2454 1326 2485 iv.
1350 2455 1445 2493 30-6.

253 2494 283 2525 it
300 2494 420 2534 (BRE.
440 2497 517 2533 289,
534 2497 637 2535 290):
668 2496 738 2528 and
755 2497 1022 2529 commentaries
1137 2498 1189 2537 38.
1215 2496 1410 2538 prefatione
1462 2495 1539 2535 tua]
1591 2496 1745 2539 Perhaps
1797 2498 1857 2530 the

255 2547 299 2568 on
324 2538 452 2576 Micah,
477 2538 676 2580 strasburg,
704 2541 799 2580 1538,
826 2540 896 2571 and
921 2540 1020 2572 Levi-
1089 2540 1226 2581 preface
1257 2543 1296 2572 to
1326 2540 1386 2571 the
1417 2540 1548 2578 reader,
1584 2549 1624 2581 14
1654 2540 1734 2573 Jan.
1771 2550 1853 2582 1522

252 2581 355 2618 tiens,
386 2581 499 2620 Basle,
528 2582 573 2613 H.
605 2582 750 2620 Petrus,
771 2583 891 2614 March
924 2592 1018 2624 1543.
1088 2583 1145 2621 (cf.
1176 2584 1241 2624 Ep.
1273 2593 1367 2625 1274.
1400 2585 1490 2623 1911),
1517 2584 1657 2625 printed
1683 2583 1769 2616 with
1796 2585 1855 2616 the

252 2623 295 2655 Ῐ11
316 2624 376 2655 the
396 2625 534 2666 preface
556 2629 594 2657 to
614 2625 674 2657 the
695 2625 763 2657 last
784 2626 826 2657 he
848 2626 1020 2659 describes
1090 2627 1304 2668 Paraphrase
1324 2637 1367 2658 on
1385 2626 1578 2658 Matthew:
1609 2637 1664 2659 see
1683 2627 1748 2668 Ep.
1771 2637 1807 2659 12
1814 2637 1829 2669 5
1836 2638 1851 2669 5

252 2677 273 2697 a
306 2667 423 2699 school
457 2668 613 2710 recently
645 2669 800 2701 founded
833 2669 882 2712 by
916 2670 1018 2702 Duke
1086 2671 1215 2702 introd.
1261 2671 1292 2702 A
1315 2670 1466 2702 German
1488 2671 1626 2702 version
1649 2670 1685 2702 of
1704 2671 1747 2709 it,
1769 2672 1853 2703 with

252 2709 372 2741 Ulrich
391 2714 428 2742 at
446 2711 638 2750 Tubingen.
1088 2713 1147 2745 the
1183 2713 1262 2745 title
1298 2713 1369 2745 Ein
1403 2713 1504 2745 sehon
1539 2713 1671 2754 Epistel
1704 2714 1766 2746 das
1799 2714 1853 2746 die

296 2753 357 2785 See
381 2754 530 2787 Athenae
553 2754 732 2794 Rauricae,
759 2756 856 2797 1778,
885 2766 918 2797 p.
952 2759 987 2789 18
1006 2770 1014 2795 ;
1086 2757 1294 2797 Euanqelsch
1317 2757 1363 2788 ler
1383 2767 1446 2788 von
1460 2757 1637 2798 jederman
1657 2757 1706 2789 sol
1728 2757 1853 2797 yelesen

253 2795 357 2827 Knod
370 2797 407 2828 in
422 2797 527 2829 ADB.
545 2799 640 2830 xxvi.
655 2808 695 2837 92
714 2811 722 2836 ;
749 2799 793 2831 R.
809 2799 1017 2838 Thommen,
1087 2801 1152 2832 vnd
1191 2801 1386 2832 verstanden
1425 2800 1564 2838 werden,
1603 2810 1673 2831 was
1711 2801 1850 2841 printed

250 2838 362 2870 Gesch.
377 2840 408 2871 d.
429 2840 528 2872 Univ.
545 2841 656 2880 Βαδεῖ,
674 2844 769 2880 1889,
784 2852 842 2884 pp.
858 2852 988 2881 99-102
1006 2856 1014 2882 ;
1087 2843 1185 2875 twice
1200 2845 1237 2875 in
1256 2852 1337 2884 1522
1355 2856 1362 2877 ς
1392 2843 1440 2885 by
1455 2843 1570 2875 Adam
1586 2843 1681 2874 Petri
1695 2846 1735 2874 at
1751 2843 1851 2875 Basle

249 2881 283 2913 J.
316 2881 428 2922 Geny,
460 2883 526 2915 Die
558 2884 765 2917 Reicksstadt
798 2885 1017 2925 Schletmadt‚
1085 2887 1156 2918 and
1178 2886 1225 2927 by
1247 2887 1381 2919 Grimm
1403 2890 1442 2918 at
1462 2886 1657 2927 Augsburg‚
1679 2885 1745 2918 but
1766 2887 1850 2919 with

253 2933 360 2963 19003
401 2926 472 2957 VE.
500 2937 588 2967 974:
629 2929 698 2960 and
726 2929 794 2960 Zw.
827 2930 879 2961 ΕΞ.
911 2939 1012 2962 22211.
1085 2940 1130 2961 110
1165 2930 1382 2962 translator’s
1416 2939 1518 2962 name
1552 2929 1728 2961 attached.
1789 2930 1850 2962 See

250 2968 315 2999 His
340 2969 535 3010 autograph
560 2971 737 3011 signature
762 2983 844 3013 may
867 2973 910 3003 bc
934 2983 1014 3005 seen
1086 2973 1192 3005 BEr1.
1212 2974 1236 3010 i,
1255 2984 1288 3014 p.
1307 2975 1361 3005 88.

249 3021 292 3045 on
320 3011 380 3045 the
408 3012 589 3056 title-page
618 3014 653 3046 of
682 3026 698 3046 a
729 3025 819 3057 copy
848 3016 883 3047 of
911 3016 1011 3048 Corn.
1129 3025 1183 3056 45.
1210 3017 1256 3048 M.
1276 3016 1336 3056 N.]
1353 3019 1597 3059 magistrorum
1621 3020 1831 3051 nostrorum.
