<?xml version="1.0" encoding="UTF-8"?>
<!DOCTYPE html PUBLIC "-//W3C//DTD XHTML 1.0 Transitional//EN"
    "http://www.w3.org/TR/xhtml1/DTD/xhtml1-transitional.dtd">
<html xmlns="http://www.w3.org/1999/xhtml" xml:lang="en" lang="en">
 <head>
  <title>
</title>
<meta http-equiv="Content-Type" content="text/html;charset=utf-8" />
  <meta name='ocr-system' content='tesseract 3.04.00' />
  <meta name='ocr-capabilities' content='ocr_page ocr_carea ocr_par ocr_line ocrx_word'/>
</head>
<body>
  <div class='ocr_page' id='page_1' title='image "./opusepistolarum05eras_0637.png"; bbox 0 0 2012 3370; ppageno 0'>
   <div class='ocr_carea' id='block_1_1' title="bbox 110 116 1705 174">
    <p class='ocr_par' dir='ltr' id='par_1_1' title="bbox 110 116 1705 174">
     <span class='ocr_line' id='line_1_1' title="bbox 110 116 1705 174; baseline -0.005 -12"><span class='ocrx_word' id='word_1_1' title='bbox 110 125 232 174; x_wconf 86' lang='lat'>1523]</span> <span class='ocrx_word' id='word_1_2' title='bbox 522 121 595 161; x_wconf 89' lang='lat' dir='ltr'>To</span> <span class='ocrx_word' id='word_1_3' title='bbox 625 120 823 160; x_wconf 86' lang='lat' dir='ltr'>PHILIP</span> <span class='ocrx_word' id='word_1_4' title='bbox 852 118 1290 158; x_wconf 79' lang='lat' dir='ltr'><strong>MELANOHTHON</strong></span> <span class='ocrx_word' id='word_1_5' title='bbox 1627 116 1705 155; x_wconf 84' lang='lat'>595</span> 
     </span>
    </p>
   </div>
   <div class='ocr_carea' id='block_1_2' title="bbox 105 228 1825 2560">
    <p class='ocr_par' dir='ltr' id='par_1_2' title="bbox 105 228 1770 813">
     <span class='ocr_line' id='line_1_2' title="bbox 108 228 1708 282; baseline -0.004 -10"><span class='ocrx_word' id='word_1_6' title='bbox 108 232 321 272; x_wconf 89' lang='lat' dir='ltr'>Lutherus</span> <span class='ocrx_word' id='word_1_7' title='bbox 340 236 514 271; x_wconf 88' lang='lat' dir='ltr'>tantum</span> <span class='ocrx_word' id='word_1_8' title='bbox 538 244 590 270; x_wconf 86' lang='lat' dir='ltr'>ea</span> <span class='ocrx_word' id='word_1_9' title='bbox 609 230 768 282; x_wconf 84' lang='lat' dir='ltr'>colligit</span> <span class='ocrx_word' id='word_1_10' title='bbox 786 244 809 269; x_wconf 92' lang='lat' dir='ltr'>e</span> <span class='ocrx_word' id='word_1_11' title='bbox 827 231 953 269; x_wconf 90' lang='lat' dir='ltr'>rebus</span> <span class='ocrx_word' id='word_1_12' title='bbox 972 243 1082 282; x_wconf 89' lang='lat' dir='ltr'>quae</span> <span class='ocrx_word' id='word_1_13' title='bbox 1102 230 1215 269; x_wconf 89' lang='lat' dir='ltr'>mala</span> <span class='ocrx_word' id='word_1_14' title='bbox 1239 233 1353 276; x_wconf 87' lang='lat' dir='ltr'>sunt,</span> <span class='ocrx_word' id='word_1_15' title='bbox 1381 232 1426 268; x_wconf 90' lang='lat' dir='ltr'>et</span> <span class='ocrx_word' id='word_1_16' title='bbox 1447 228 1512 267; x_wconf 85' lang='lat' dir='ltr'>ita</span> <span class='ocrx_word' id='word_1_17' title='bbox 1542 231 1708 279; x_wconf 87' lang='lat' dir='ltr'>pugnat</span> 
     </span>
     <span class='ocr_line' id='line_1_3' title="bbox 107 282 1706 338; baseline -0.004 -12"><span class='ocrx_word' id='word_1_18' title='bbox 107 286 253 326; x_wconf 88' lang='lat' dir='ltr'>tollere</span> <span class='ocrx_word' id='word_1_19' title='bbox 286 286 402 338; x_wconf 91' lang='lat' dir='ltr'>quod</span> <span class='ocrx_word' id='word_1_20' title='bbox 433 285 625 332; x_wconf 83' lang='lat' dir='ltr'>offendit,</span> <span class='ocrx_word' id='word_1_21' title='bbox 660 289 710 324; x_wconf 82' lang='lat' dir='ltr'>vt</span> <span class='ocrx_word' id='word_1_22' title='bbox 741 298 827 324; x_wconf 91' lang='lat' dir='ltr'>non</span> <span class='ocrx_word' id='word_1_23' title='bbox 860 286 964 323; x_wconf 89' lang='lat' dir='ltr'>satis</span> <span class='ocrx_word' id='word_1_24' title='bbox 997 289 1148 324; x_wconf 90' lang='lat' dir='ltr'>caueat</span> <span class='ocrx_word' id='word_1_25' title='bbox 1181 283 1297 323; x_wconf 88' lang='lat' dir='ltr'>aliud</span> <span class='ocrx_word' id='word_1_26' title='bbox 1329 282 1490 322; x_wconf 89' lang='lat' dir='ltr'>malum</span> <span class='ocrx_word' id='word_1_27' title='bbox 1522 282 1706 334; x_wconf 86' lang='lat' dir='ltr'>grauius.</span> 
     </span>
     <span class='ocr_line' id='line_1_4' title="bbox 109 336 1709 392; baseline -0.004 -12"><span class='ocrx_word' id='word_1_28' title='bbox 109 340 336 392; x_wconf 90' lang='lat' dir='ltr'>Vtcunque</span> <span class='ocrx_word' id='word_1_29' title='bbox 366 340 471 379; x_wconf 91' lang='lat' dir='ltr'>deus</span> <span class='ocrx_word' id='word_1_30' title='bbox 501 340 653 390; x_wconf 90' lang='lat' dir='ltr'>aliquis</span> <span class='ocrx_word' id='word_1_31' title='bbox 686 343 830 378; x_wconf 85' lang='lat' dir='ltr'>vertat</span> <span class='ocrx_word' id='word_1_32' title='bbox 864 343 1028 378; x_wconf 87' lang='lat' dir='ltr'>statum</span> <span class='ocrx_word' id='word_1_33' title='bbox 1061 339 1223 385; x_wconf 91' lang='lat' dir='ltr'>mundi,</span> <span class='ocrx_word' id='word_1_34' title='bbox 1255 350 1477 389; x_wconf 86' lang='lat' dir='ltr'>nunquam</span> <span class='ocrx_word' id='word_1_35' title='bbox 1508 336 1709 375; x_wconf 84' lang='lat' dir='ltr'>defutura</span> 
     </span>
     <span class='ocr_line' id='line_1_5' title="bbox 107 392 1766 446; baseline -0.004 -12"><span class='ocrx_word' id='word_1_36' title='bbox 107 399 208 434; x_wconf 91' lang='lat' dir='ltr'>sunt</span> <span class='ocrx_word' id='word_1_37' title='bbox 232 395 284 434; x_wconf 90' lang='lat' dir='ltr'>de</span> <span class='ocrx_word' id='word_1_38' title='bbox 309 395 463 446; x_wconf 88' lang='lat' dir='ltr'>quibus</span> <span class='ocrx_word' id='word_1_39' title='bbox 487 394 688 445; x_wconf 74' lang='lat' dir='ltr'>queraris,</span> <span class='ocrx_word' id='word_1_40' title='bbox 742 393 860 431; x_wconf 89' lang='lat' dir='ltr'>Haec</span> <span class='ocrx_word' id='word_1_41' title='bbox 884 394 1068 444; x_wconf 86' lang='lat' dir='ltr'>mitigari</span> <span class='ocrx_word' id='word_1_42' title='bbox 1094 396 1286 444; x_wconf 87' lang='lat' dir='ltr'>possunt,</span> <span class='ocrx_word' id='word_1_43' title='bbox 1312 392 1404 431; x_wconf 90' lang='lat' dir='ltr'>tolli</span> <span class='ocrx_word' id='word_1_44' title='bbox 1428 392 1599 442; x_wconf 89' lang='lat' dir='ltr'>penitus</span> <span class='ocrx_word' id='word_1_45' title='bbox 1622 402 1709 429; x_wconf 89' lang='lat' dir='ltr'>non</span> <span class='ocrx_word' id='word_1_46' title='bbox 1729 401 1744 434; x_wconf 86' lang='lat'><em>5</em></span> <span class='ocrx_word' id='word_1_47' title='bbox 1752 401 1766 433; x_wconf 80' lang='grc'>5</span> 
     </span>
     <span class='ocr_line' id='line_1_6' title="bbox 107 444 1709 501; baseline -0.004 -12"><span class='ocrx_word' id='word_1_48' title='bbox 107 453 298 501; x_wconf 87' lang='lat' dir='ltr'>possunt.</span> <span class='ocrx_word' id='word_1_49' title='bbox 351 448 636 496; x_wconf 83' lang='lat' dir='ltr'>Quantumuis</span> <span class='ocrx_word' id='word_1_50' title='bbox 658 448 849 486; x_wconf 88' lang='lat' dir='ltr'>amnium</span> <span class='ocrx_word' id='word_1_51' title='bbox 869 447 1011 486; x_wconf 87' lang='lat' dir='ltr'>influit</span> <span class='ocrx_word' id='word_1_52' title='bbox 1031 448 1076 486; x_wconf 89' lang='lat' dir='ltr'>in</span> <span class='ocrx_word' id='word_1_53' title='bbox 1098 460 1226 493; x_wconf 88' lang='lat' dir='ltr'>mare,</span> <span class='ocrx_word' id='word_1_54' title='bbox 1250 446 1529 498; x_wconf 84' lang='lat' dir='ltr'>quantumuis</span> <span class='ocrx_word' id='word_1_55' title='bbox 1550 444 1709 483; x_wconf 86' lang='lat' dir='ltr'>decidit</span> 
     </span>
     <span class='ocr_line' id='line_1_7' title="bbox 106 500 1709 555; baseline -0.002 -13"><span class='ocrx_word' id='word_1_56' title='bbox 106 516 243 555; x_wconf 88' lang='lat' dir='ltr'>aquae</span> <span class='ocrx_word' id='word_1_57' title='bbox 271 503 455 554; x_wconf 88' lang='lat' dir='ltr'>pluuiae,</span> <span class='ocrx_word' id='word_1_58' title='bbox 487 513 651 552; x_wconf 80' lang='lat' dir='ltr'>semper</span> <span class='ocrx_word' id='word_1_59' title='bbox 679 505 826 539; x_wconf 89' lang='lat' dir='ltr'>tamen</span> <span class='ocrx_word' id='word_1_60' title='bbox 856 501 911 539; x_wconf 89' lang='lat' dir='ltr'>ad</span> <span class='ocrx_word' id='word_1_61' title='bbox 940 502 1138 540; x_wconf 90' lang='lat' dir='ltr'>natiuum</span> <span class='ocrx_word' id='word_1_62' title='bbox 1168 513 1362 552; x_wconf 89' lang='lat' dir='ltr'>saporem</span> <span class='ocrx_word' id='word_1_63' title='bbox 1391 500 1531 546; x_wconf 89' lang='lat' dir='ltr'>redit;</span> <span class='ocrx_word' id='word_1_64' title='bbox 1577 503 1628 538; x_wconf 83' lang='lat' dir='ltr'>vt</span> <span class='ocrx_word' id='word_1_65' title='bbox 1656 511 1709 537; x_wconf 86' lang='lat' dir='ltr'>ne</span> 
     </span>
     <span class='ocr_line' id='line_1_8' title="bbox 105 553 1707 606; baseline -0.003 -10"><span class='ocrx_word' id='word_1_66' title='bbox 105 557 246 596; x_wconf 82' lang='lat' dir='ltr'>dicam</span> <span class='ocrx_word' id='word_1_67' title='bbox 277 558 448 596; x_wconf 85' lang='lat' dir='ltr'>interim</span> <span class='ocrx_word' id='word_1_68' title='bbox 479 567 789 606; x_wconf 89' lang='lat' dir='ltr'>nonnunquam</span> <span class='ocrx_word' id='word_1_69' title='bbox 821 554 1007 594; x_wconf 89' lang='lat' dir='ltr'>remedia</span> <span class='ocrx_word' id='word_1_70' title='bbox 1038 556 1140 606; x_wconf 89' lang='lat' dir='ltr'>ipsis</span> <span class='ocrx_word' id='word_1_71' title='bbox 1173 554 1331 594; x_wconf 79' lang='lat' dir='ltr'>morbis</span> <span class='ocrx_word' id='word_1_72' title='bbox 1363 566 1452 592; x_wconf 89' lang='lat' dir='ltr'>esse</span> <span class='ocrx_word' id='word_1_73' title='bbox 1485 553 1707 592; x_wconf 75' lang='lat' dir='ltr'>atrociora.</span> 
     </span>
     <span class='ocr_line' id='line_1_9' title="bbox 108 607 1710 661; baseline -0.003 -11"><span class='ocrx_word' id='word_1_74' title='bbox 108 611 219 659; x_wconf 83' lang='lat' dir='ltr'>Quid</span> <span class='ocrx_word' id='word_1_75' title='bbox 243 612 322 650; x_wconf 92' lang='lat' dir='ltr'>hoc</span> <span class='ocrx_word' id='word_1_76' title='bbox 346 610 518 649; x_wconf 86' lang='lat' dir='ltr'>dissidio</span> <span class='ocrx_word' id='word_1_77' title='bbox 543 609 810 661; x_wconf 89' lang='lat' dir='ltr'>pestilentius</span> <span class='ocrx_word' id='word_1_78' title='bbox 832 612 847 648; x_wconf 64' lang='grc' dir='ltr'>ἶ)</span> <span class='ocrx_word' id='word_1_79' title='bbox 890 609 1004 656; x_wconf 81' lang='lat' dir='ltr'>Quot</span> <span class='ocrx_word' id='word_1_80' title='bbox 1028 609 1129 648; x_wconf 90' lang='lat' dir='ltr'>locis</span> <span class='ocrx_word' id='word_1_81' title='bbox 1153 622 1284 660; x_wconf 88' lang='lat' dir='ltr'>quam</span> <span class='ocrx_word' id='word_1_82' title='bbox 1308 613 1473 647; x_wconf 89' lang='lat' dir='ltr'>atroces</span> <span class='ocrx_word' id='word_1_83' title='bbox 1496 607 1710 647; x_wconf 89' lang='lat' dir='ltr'>tumultus</span> 
     </span>
     <span class='ocr_line' id='line_1_10' title="bbox 107 661 1770 714; baseline -0.004 -10"><span class='ocrx_word' id='word_1_84' title='bbox 107 666 244 704; x_wconf 81' lang='lat' dir='ltr'>exorti</span> <span class='ocrx_word' id='word_1_85' title='bbox 283 664 410 703; x_wconf 88' lang='lat' dir='ltr'>sunt!</span> <span class='ocrx_word' id='word_1_86' title='bbox 467 668 512 703; x_wconf 90' lang='lat' dir='ltr'>et</span> <span class='ocrx_word' id='word_1_87' title='bbox 550 668 826 714; x_wconf 73' lang='lat' dir='ltr'>expectamus</span> <span class='ocrx_word' id='word_1_88' title='bbox 865 662 930 702; x_wconf 92' lang='lat' dir='ltr'>his</span> <span class='ocrx_word' id='word_1_89' title='bbox 969 665 1210 702; x_wconf 72' lang='lat' dir='ltr'>atrociores.</span> <span class='ocrx_word' id='word_1_90' title='bbox 1278 662 1346 702; x_wconf 87' lang='lat' dir='ltr'>An</span> <span class='ocrx_word' id='word_1_91' title='bbox 1385 663 1499 701; x_wconf 86' lang='lat' dir='ltr'>tanti</span> <span class='ocrx_word' id='word_1_92' title='bbox 1538 661 1710 700; x_wconf 85' lang='lat' dir='ltr'>videtur</span> <span class='ocrx_word' id='word_1_93' title='bbox 1727 666 1770 696; x_wconf 83' lang='lat'>60</span> 
     </span>
     <span class='ocr_line' id='line_1_11' title="bbox 108 715 1709 770; baseline -0.002 -12"><span class='ocrx_word' id='word_1_94' title='bbox 108 720 262 759; x_wconf 90' lang='lat' dir='ltr'>habere</span> <span class='ocrx_word' id='word_1_95' title='bbox 299 718 509 770; x_wconf 88' lang='lat' dir='ltr'>templum</span> <span class='ocrx_word' id='word_1_96' title='bbox 547 717 707 769; x_wconf 87' lang='lat' dir='ltr'>absque</span> <span class='ocrx_word' id='word_1_97' title='bbox 744 717 1014 768; x_wconf 81' lang='lat' dir='ltr'>imaginibus,</span> <span class='ocrx_word' id='word_1_98' title='bbox 1055 722 1131 756; x_wconf 89' lang='lat' dir='ltr'>aut</span> <span class='ocrx_word' id='word_1_99' title='bbox 1169 717 1332 768; x_wconf 85' lang='lat' dir='ltr'>aliquid</span> <span class='ocrx_word' id='word_1_100' title='bbox 1368 718 1618 755; x_wconf 83' lang='lat' dir='ltr'>immutasse</span> <span class='ocrx_word' id='word_1_101' title='bbox 1657 715 1709 753; x_wconf 90' lang='lat' dir='ltr'>de</span> 
     </span>
     <span class='ocr_line' id='line_1_12' title="bbox 107 774 469 813; baseline -0.006 0"><span class='ocrx_word' id='word_1_102' title='bbox 107 774 259 813; x_wconf 88' lang='lat' dir='ltr'>ritibus</span> <span class='ocrx_word' id='word_1_103' title='bbox 280 774 431 812; x_wconf 87' lang='lat' dir='ltr'>missae</span> <span class='ocrx_word' id='word_1_104' title='bbox 453 775 469 811; x_wconf 77' lang='lat'>⁴?</span> 
     </span>
    </p>

    <p class='ocr_par' dir='ltr' id='par_1_3' title="bbox 106 824 1776 1952">
     <span class='ocr_line' id='line_1_13' title="bbox 161 824 1710 878; baseline -0.003 -12"><span class='ocrx_word' id='word_1_105' title='bbox 161 827 255 866; x_wconf 91' lang='lat' dir='ltr'>Iam</span> <span class='ocrx_word' id='word_1_106' title='bbox 276 832 326 866; x_wconf 86' lang='lat' dir='ltr'>Vt</span> <span class='ocrx_word' id='word_1_107' title='bbox 346 826 575 878; x_wconf 82' lang='lat' dir='ltr'>largiamur</span> <span class='ocrx_word' id='word_1_108' title='bbox 596 839 685 865; x_wconf 90' lang='lat' dir='ltr'>esse</span> <span class='ocrx_word' id='word_1_109' title='bbox 708 839 808 864; x_wconf 83' lang='lat' dir='ltr'>vera</span> <span class='ocrx_word' id='word_1_110' title='bbox 830 838 939 877; x_wconf 88' lang='lat' dir='ltr'>quae</span> <span class='ocrx_word' id='word_1_111' title='bbox 961 825 1087 864; x_wconf 88' lang='lat' dir='ltr'>docet</span> <span class='ocrx_word' id='word_1_112' title='bbox 1109 825 1333 872; x_wconf 87' lang='lat' dir='ltr'>Lutherus,</span> <span class='ocrx_word' id='word_1_113' title='bbox 1359 828 1408 864; x_wconf 85' lang='lat' dir='ltr'>vt</span> <span class='ocrx_word' id='word_1_114' title='bbox 1430 828 1531 863; x_wconf 91' lang='lat' dir='ltr'>sunt</span> <span class='ocrx_word' id='word_1_115' title='bbox 1552 824 1710 875; x_wconf 82' lang='lat' dir='ltr'>vbique</span> 
     </span>
     <span class='ocr_line' id='line_1_14' title="bbox 108 879 1708 933; baseline -0.004 -12"><span class='ocrx_word' id='word_1_116' title='bbox 108 882 207 921; x_wconf 80' lang='lat' dir='ltr'>mali</span> <span class='ocrx_word' id='word_1_117' title='bbox 225 881 395 933; x_wconf 87' lang='lat' dir='ltr'>plurimi</span> <span class='ocrx_word' id='word_1_118' title='bbox 413 881 568 932; x_wconf 90' lang='lat' dir='ltr'>quibus</span> <span class='ocrx_word' id='word_1_119' title='bbox 587 880 642 919; x_wconf 89' lang='lat' dir='ltr'>ad</span> <span class='ocrx_word' id='word_1_120' title='bbox 660 893 784 919; x_wconf 91' lang='lat' dir='ltr'>omne</span> <span class='ocrx_word' id='word_1_121' title='bbox 802 879 967 919; x_wconf 88' lang='lat' dir='ltr'>facinus</span> <span class='ocrx_word' id='word_1_122' title='bbox 984 879 1090 918; x_wconf 91' lang='lat' dir='ltr'>nihil</span> <span class='ocrx_word' id='word_1_123' title='bbox 1107 879 1227 918; x_wconf 82' lang='lat' dir='ltr'>deest</span> <span class='ocrx_word' id='word_1_124' title='bbox 1245 883 1413 930; x_wconf 82' lang='lat' dir='ltr'>praeter</span> <span class='ocrx_word' id='word_1_125' title='bbox 1432 879 1708 923; x_wconf 75' lang='lat' dir='ltr'>occasionem,</span> 
     </span>
     <span class='ocr_line' id='line_1_15' title="bbox 107 931 1768 988; baseline -0.003 -13"><span class='ocrx_word' id='word_1_126' title='bbox 107 936 210 988; x_wconf 86' lang='lat' dir='ltr'>quid</span> <span class='ocrx_word' id='word_1_127' title='bbox 238 936 430 974; x_wconf 90' lang='lat' dir='ltr'>inutilius</span> <span class='ocrx_word' id='word_1_128' title='bbox 458 935 514 974; x_wconf 90' lang='lat' dir='ltr'>ad</span> <span class='ocrx_word' id='word_1_129' title='bbox 543 934 827 974; x_wconf 86' lang='lat' dir='ltr'>Christianam</span> <span class='ocrx_word' id='word_1_130' title='bbox 856 935 1063 985; x_wconf 89' lang='lat' dir='ltr'>pietatem</span> <span class='ocrx_word' id='word_1_131' title='bbox 1092 947 1222 985; x_wconf 86' lang='lat' dir='ltr'>quam</span> <span class='ocrx_word' id='word_1_132' title='bbox 1251 933 1354 972; x_wconf 90' lang='lat' dir='ltr'>haec</span> <span class='ocrx_word' id='word_1_133' title='bbox 1384 932 1530 971; x_wconf 87' lang='lat' dir='ltr'>audire</span> <span class='ocrx_word' id='word_1_134' title='bbox 1559 931 1711 983; x_wconf 80' lang='lat' dir='ltr'>vulgus</span> <span class='ocrx_word' id='word_1_135' title='bbox 1729 938 1768 976; x_wconf 78' lang='lat'>65</span> 
     </span>
     <span class='ocr_line' id='line_1_16' title="bbox 107 985 1711 1037; baseline -0.003 -8"><span class='ocrx_word' id='word_1_136' title='bbox 107 991 341 1037; x_wconf 88' lang='lat' dir='ltr'>indoctum,</span> <span class='ocrx_word' id='word_1_137' title='bbox 370 990 474 1028; x_wconf 88' lang='lat' dir='ltr'>haec</span> <span class='ocrx_word' id='word_1_138' title='bbox 501 989 697 1028; x_wconf 89' lang='lat' dir='ltr'>instillari</span> <span class='ocrx_word' id='word_1_139' title='bbox 725 988 898 1027; x_wconf 90' lang='lat' dir='ltr'>auribus</span> <span class='ocrx_word' id='word_1_140' title='bbox 927 988 1297 1027; x_wconf 77' lang='lat' dir='ltr'>adolescentium?</span> <span class='ocrx_word' id='word_1_141' title='bbox 1344 985 1594 1026; x_wconf 88' lang='lat' dir='ltr'>Pontificem</span> <span class='ocrx_word' id='word_1_142' title='bbox 1622 999 1711 1025; x_wconf 89' lang='lat' dir='ltr'>esse</span> 
     </span>
     <span class='ocr_line' id='line_1_17' title="bbox 108 1041 1712 1095; baseline -0.003 -12"><span class='ocrx_word' id='word_1_143' title='bbox 108 1044 420 1091; x_wconf 83' lang='lat' dir='ltr'>antichristum,</span> <span class='ocrx_word' id='word_1_144' title='bbox 455 1044 674 1095; x_wconf 88' lang='lat' dir='ltr'>episcopos</span> <span class='ocrx_word' id='word_1_145' title='bbox 714 1047 759 1082; x_wconf 89' lang='lat' dir='ltr'>et</span> <span class='ocrx_word' id='word_1_146' title='bbox 791 1043 1031 1082; x_wconf 83' lang='lat' dir='ltr'>sacerdotes</span> <span class='ocrx_word' id='word_1_147' title='bbox 1069 1055 1158 1081; x_wconf 91' lang='lat' dir='ltr'>esse</span> <span class='ocrx_word' id='word_1_148' title='bbox 1191 1042 1345 1088; x_wconf 72' lang='lat' dir='ltr'>laruas,</span> <span class='ocrx_word' id='word_1_149' title='bbox 1381 1041 1712 1080; x_wconf 78' lang='lat' dir='ltr'>constituciones</span> 
     </span>
     <span class='ocr_line' id='line_1_18' title="bbox 108 1096 1709 1148; baseline -0.002 -11"><span class='ocrx_word' id='word_1_150' title='bbox 108 1099 329 1138; x_wconf 91' lang='lat' dir='ltr'>hominum</span> <span class='ocrx_word' id='word_1_151' title='bbox 365 1111 454 1137; x_wconf 91' lang='lat' dir='ltr'>esse</span> <span class='ocrx_word' id='word_1_152' title='bbox 490 1098 738 1145; x_wconf 87' lang='lat' dir='ltr'>haereticas,</span> <span class='ocrx_word' id='word_1_153' title='bbox 778 1097 1083 1136; x_wconf 85' lang='lat' dir='ltr'>confessionem</span> <span class='ocrx_word' id='word_1_154' title='bbox 1121 1110 1209 1135; x_wconf 88' lang='lat' dir='ltr'>esse</span> <span class='ocrx_word' id='word_1_155' title='bbox 1243 1096 1518 1148; x_wconf 84' lang='lat' dir='ltr'>pestiferam3</span> <span class='ocrx_word' id='word_1_156' title='bbox 1569 1107 1709 1145; x_wconf 82' lang='lat' dir='ltr'>opera,</span> 
     </span>
     <span class='ocr_line' id='line_1_19' title="bbox 108 1148 1710 1200; baseline -0.002 -9"><span class='ocrx_word' id='word_1_157' title='bbox 108 1154 272 1200; x_wconf 87' lang='lat' dir='ltr'>merita,</span> <span class='ocrx_word' id='word_1_158' title='bbox 303 1156 481 1191; x_wconf 91' lang='lat' dir='ltr'>conatus</span> <span class='ocrx_word' id='word_1_159' title='bbox 508 1165 598 1191; x_wconf 90' lang='lat' dir='ltr'>esse</span> <span class='ocrx_word' id='word_1_160' title='bbox 625 1164 750 1191; x_wconf 81' lang='lat' dir='ltr'>voces</span> <span class='ocrx_word' id='word_1_161' title='bbox 778 1152 1041 1198; x_wconf 87' lang='lat' dir='ltr'>haereticas;</span> <span class='ocrx_word' id='word_1_162' title='bbox 1085 1151 1250 1189; x_wconf 88' lang='lat' dir='ltr'>nullum</span> <span class='ocrx_word' id='word_1_163' title='bbox 1277 1163 1366 1189; x_wconf 91' lang='lat' dir='ltr'>esse</span> <span class='ocrx_word' id='word_1_164' title='bbox 1393 1149 1574 1189; x_wconf 86' lang='lat' dir='ltr'>liberum</span> <span class='ocrx_word' id='word_1_165' title='bbox 1602 1148 1710 1187; x_wconf 90' lang='lat' dir='ltr'>arbi-</span> 
     </span>
     <span class='ocr_line' id='line_1_20' title="bbox 107 1203 1772 1257; baseline -0.003 -11"><span class='ocrx_word' id='word_1_166' title='bbox 107 1208 251 1254; x_wconf 82' lang='lat' dir='ltr'>trium,</span> <span class='ocrx_word' id='word_1_167' title='bbox 278 1206 352 1246; x_wconf 90' lang='lat' dir='ltr'>sed</span> <span class='ocrx_word' id='word_1_168' title='bbox 376 1207 518 1246; x_wconf 81' lang='lat' dir='ltr'>onmia</span> <span class='ocrx_word' id='word_1_169' title='bbox 542 1207 795 1245; x_wconf 85' lang='lat' dir='ltr'>necessitate</span> <span class='ocrx_word' id='word_1_170' title='bbox 819 1207 918 1257; x_wconf 88' lang='lat' dir='ltr'>geri,</span> <span class='ocrx_word' id='word_1_171' title='bbox 944 1205 1050 1244; x_wconf 80' lang='lat' dir='ltr'>nihil</span> <span class='ocrx_word' id='word_1_172' title='bbox 1073 1205 1226 1245; x_wconf 83' lang='lat' dir='ltr'>referre</span> <span class='ocrx_word' id='word_1_173' title='bbox 1251 1204 1394 1256; x_wconf 87' lang='lat' dir='ltr'>qualia</span> <span class='ocrx_word' id='word_1_174' title='bbox 1418 1205 1505 1243; x_wconf 89' lang='lat' dir='ltr'>sint</span> <span class='ocrx_word' id='word_1_175' title='bbox 1529 1203 1712 1242; x_wconf 90' lang='lat' dir='ltr'>hominis</span> <span class='ocrx_word' id='word_1_176' title='bbox 1730 1217 1772 1249; x_wconf 87' lang='lat'>70</span> 
     </span>
     <span class='ocr_line' id='line_1_21' title="bbox 108 1257 1713 1312; baseline -0.004 -11"><span class='ocrx_word' id='word_1_177' title='bbox 108 1273 249 1312; x_wconf 88' lang='lat' dir='ltr'>opera.</span> <span class='ocrx_word' id='word_1_178' title='bbox 282 1261 400 1300; x_wconf 89' lang='lat' dir='ltr'>Haec</span> <span class='ocrx_word' id='word_1_179' title='bbox 429 1273 456 1299; x_wconf 90' lang='lat' dir='ltr'>a</span> <span class='ocrx_word' id='word_1_180' title='bbox 484 1260 698 1299; x_wconf 90' lang='lat' dir='ltr'>nonnullis</span> <span class='ocrx_word' id='word_1_181' title='bbox 728 1260 845 1300; x_wconf 86' lang='lat' dir='ltr'>nuda</span> <span class='ocrx_word' id='word_1_182' title='bbox 875 1259 1243 1306; x_wconf 83' lang='lat' dir='ltr'>circumferuntur,</span> <span class='ocrx_word' id='word_1_183' title='bbox 1275 1264 1320 1298; x_wconf 89' lang='lat' dir='ltr'>et</span> <span class='ocrx_word' id='word_1_184' title='bbox 1349 1259 1404 1297; x_wconf 88' lang='lat' dir='ltr'>ab</span> <span class='ocrx_word' id='word_1_185' title='bbox 1433 1257 1639 1309; x_wconf 87' lang='lat' dir='ltr'>improbis</span> <span class='ocrx_word' id='word_1_186' title='bbox 1668 1258 1713 1296; x_wconf 89' lang='lat' dir='ltr'>in</span> 
     </span>
     <span class='ocr_line' id='line_1_22' title="bbox 106 1312 1710 1368; baseline -0.002 -14"><span class='ocrx_word' id='word_1_187' title='bbox 106 1316 336 1368; x_wconf 88' lang='lat' dir='ltr'>pessimam</span> <span class='ocrx_word' id='word_1_188' title='bbox 350 1319 517 1367; x_wconf 88' lang='lat' dir='ltr'>partem</span> <span class='ocrx_word' id='word_1_189' title='bbox 531 1316 770 1366; x_wconf 88' lang='lat' dir='ltr'>rapiuntur.</span> <span class='ocrx_word' id='word_1_190' title='bbox 816 1314 933 1353; x_wconf 88' lang='lat' dir='ltr'>Haec</span> <span class='ocrx_word' id='word_1_191' title='bbox 949 1316 1034 1353; x_wconf 90' lang='lat' dir='ltr'>scio</span> <span class='ocrx_word' id='word_1_192' title='bbox 1049 1314 1223 1366; x_wconf 84' lang='lat' dir='ltr'>negabis</span> <span class='ocrx_word' id='word_1_193' title='bbox 1238 1313 1494 1365; x_wconf 90' lang='lat' dir='ltr'>imputanda</span> <span class='ocrx_word' id='word_1_194' title='bbox 1510 1312 1710 1358; x_wconf 83' lang='lat' dir='ltr'>Luthero,</span> 
     </span>
     <span class='ocr_line' id='line_1_23' title="bbox 107 1368 1714 1422; baseline -0.002 -13"><span class='ocrx_word' id='word_1_195' title='bbox 107 1382 216 1422; x_wconf 90' lang='lat' dir='ltr'>quae</span> <span class='ocrx_word' id='word_1_196' title='bbox 243 1369 512 1421; x_wconf 90' lang='lat' dir='ltr'>quorundam</span> <span class='ocrx_word' id='word_1_197' title='bbox 538 1369 727 1408; x_wconf 88' lang='lat' dir='ltr'>stulticia</span> <span class='ocrx_word' id='word_1_198' title='bbox 754 1370 1096 1415; x_wconf 87' lang='lat' dir='ltr'>committuntur,</span> <span class='ocrx_word' id='word_1_199' title='bbox 1125 1381 1232 1420; x_wconf 91' lang='lat' dir='ltr'>quos</span> <span class='ocrx_word' id='word_1_200' title='bbox 1258 1372 1307 1406; x_wconf 89' lang='lat' dir='ltr'>tu</span> <span class='ocrx_word' id='word_1_201' title='bbox 1334 1368 1487 1406; x_wconf 90' lang='lat' dir='ltr'>merito</span> <span class='ocrx_word' id='word_1_202' title='bbox 1512 1369 1714 1418; x_wconf 87' lang='lat' dir='ltr'>portenta</span> 
     </span>
     <span class='ocr_line' id='line_1_24' title="bbox 108 1420 1714 1474; baseline -0.002 -11"><span class='ocrx_word' id='word_1_203' title='bbox 108 1437 235 1463; x_wconf 87' lang='lat' dir='ltr'>vocas</span> <span class='ocrx_word' id='word_1_204' title='bbox 257 1428 301 1462; x_wconf 92' lang='lat' dir='ltr'>et</span> <span class='ocrx_word' id='word_1_205' title='bbox 322 1423 526 1474; x_wconf 85' lang='lat' dir='ltr'>bipedum</span> <span class='ocrx_word' id='word_1_206' title='bbox 547 1424 840 1474; x_wconf 91' lang='lat' dir='ltr'>nequissimos.</span> <span class='ocrx_word' id='word_1_207' title='bbox 891 1423 1049 1462; x_wconf 88' lang='lat' dir='ltr'>Verum</span> <span class='ocrx_word' id='word_1_208' title='bbox 1071 1422 1175 1461; x_wconf 89' lang='lat' dir='ltr'>haec</span> <span class='ocrx_word' id='word_1_209' title='bbox 1197 1426 1398 1474; x_wconf 87' lang='lat' dir='ltr'>portenta</span> <span class='ocrx_word' id='word_1_210' title='bbox 1419 1420 1583 1468; x_wconf 79' lang='lat' dir='ltr'>fouent,</span> <span class='ocrx_word' id='word_1_211' title='bbox 1607 1433 1714 1472; x_wconf 89' lang='lat' dir='ltr'>quos</span> 
     </span>
     <span class='ocr_line' id='line_1_25' title="bbox 108 1474 1771 1528; baseline -0.003 -11"><span class='ocrx_word' id='word_1_212' title='bbox 108 1478 320 1517; x_wconf 89' lang='lat' dir='ltr'>Lutherus</span> <span class='ocrx_word' id='word_1_213' title='bbox 349 1482 400 1517; x_wconf 88' lang='lat' dir='ltr'>vt</span> <span class='ocrx_word' id='word_1_214' title='bbox 429 1477 710 1528; x_wconf 88' lang='lat' dir='ltr'>Euangelicae</span> <span class='ocrx_word' id='word_1_215' title='bbox 740 1477 959 1516; x_wconf 87' lang='lat' dir='ltr'>doctrinae</span> <span class='ocrx_word' id='word_1_216' title='bbox 988 1489 1180 1528; x_wconf 87' lang='lat' dir='ltr'>proceres</span> <span class='ocrx_word' id='word_1_217' title='bbox 1210 1475 1497 1526; x_wconf 85' lang='lat' dir='ltr'>amplectitur.</span> <span class='ocrx_word' id='word_1_218' title='bbox 1557 1474 1715 1513; x_wconf 86' lang='lat' dir='ltr'>Genuit</span> <span class='ocrx_word' id='word_1_219' title='bbox 1731 1491 1750 1521; x_wconf 93' lang='lat'><em>7</em></span> <span class='ocrx_word' id='word_1_220' title='bbox 1757 1488 1771 1520; x_wconf 81' lang='lat'><strong>5</strong></span> 
     </span>
     <span class='ocr_line' id='line_1_26' title="bbox 108 1528 1714 1583; baseline -0.003 -12"><span class='ocrx_word' id='word_1_221' title='bbox 108 1532 209 1572; x_wconf 90' lang='lat' dir='ltr'>olim</span> <span class='ocrx_word' id='word_1_222' title='bbox 243 1531 525 1583; x_wconf 86' lang='lat' dir='ltr'>Euangelium</span> <span class='ocrx_word' id='word_1_223' title='bbox 556 1544 719 1570; x_wconf 88' lang='lat' dir='ltr'>nouum</span> <span class='ocrx_word' id='word_1_224' title='bbox 751 1544 883 1583; x_wconf 87' lang='lat' dir='ltr'>genus</span> <span class='ocrx_word' id='word_1_225' title='bbox 915 1531 1134 1570; x_wconf 88' lang='lat' dir='ltr'>hominum</span> <span class='ocrx_word' id='word_1_226' title='bbox 1172 1530 1346 1569; x_wconf 89' lang='lat' dir='ltr'>mundo.</span> <span class='ocrx_word' id='word_1_227' title='bbox 1408 1529 1533 1568; x_wconf 89' lang='lat' dir='ltr'>Nunc</span> <span class='ocrx_word' id='word_1_228' title='bbox 1567 1528 1714 1580; x_wconf 90' lang='lat' dir='ltr'>quales</span> 
     </span>
     <span class='ocr_line' id='line_1_27' title="bbox 106 1583 1715 1639; baseline -0.002 -14"><span class='ocrx_word' id='word_1_229' title='bbox 106 1588 254 1639; x_wconf 86' lang='lat' dir='ltr'>gignat</span> <span class='ocrx_word' id='word_1_230' title='bbox 273 1586 352 1625; x_wconf 89' lang='lat' dir='ltr'>hoc</span> <span class='ocrx_word' id='word_1_231' title='bbox 373 1586 653 1637; x_wconf 86' lang='lat' dir='ltr'>Euangelium</span> <span class='ocrx_word' id='word_1_232' title='bbox 673 1598 760 1625; x_wconf 91' lang='lat' dir='ltr'>non</span> <span class='ocrx_word' id='word_1_233' title='bbox 778 1585 884 1624; x_wconf 91' lang='lat' dir='ltr'>libet</span> <span class='ocrx_word' id='word_1_234' title='bbox 903 1585 1070 1624; x_wconf 86' lang='lat' dir='ltr'>referre.</span> <span class='ocrx_word' id='word_1_235' title='bbox 1119 1585 1229 1623; x_wconf 88' lang='lat' dir='ltr'>Fieri</span> <span class='ocrx_word' id='word_1_236' title='bbox 1249 1588 1394 1636; x_wconf 90' lang='lat' dir='ltr'>potest</span> <span class='ocrx_word' id='word_1_237' title='bbox 1413 1588 1464 1623; x_wconf 80' lang='lat' dir='ltr'>vt</span> <span class='ocrx_word' id='word_1_238' title='bbox 1481 1583 1608 1622; x_wconf 84' lang='lat' dir='ltr'>isthic</span> <span class='ocrx_word' id='word_1_239' title='bbox 1629 1584 1715 1622; x_wconf 88' lang='lat' dir='ltr'>sint</span> 
     </span>
     <span class='ocr_line' id='line_1_28' title="bbox 108 1637 1714 1691; baseline -0.002 -11"><span class='ocrx_word' id='word_1_240' title='bbox 108 1640 362 1680; x_wconf 78' lang='lat' dir='ltr'>aliusmodit</span> <span class='ocrx_word' id='word_1_241' title='bbox 413 1644 526 1679; x_wconf 89' lang='lat' dir='ltr'>certe</span> <span class='ocrx_word' id='word_1_242' title='bbox 561 1652 667 1691; x_wconf 91' lang='lat' dir='ltr'>quos</span> <span class='ocrx_word' id='word_1_243' title='bbox 702 1640 769 1678; x_wconf 90' lang='lat' dir='ltr'>hic</span> <span class='ocrx_word' id='word_1_244' title='bbox 804 1641 918 1687; x_wconf 88' lang='lat' dir='ltr'>noui,</span> <span class='ocrx_word' id='word_1_245' title='bbox 954 1640 1061 1678; x_wconf 91' lang='lat' dir='ltr'>tales</span> <span class='ocrx_word' id='word_1_246' title='bbox 1096 1638 1182 1678; x_wconf 83' lang='lat' dir='ltr'>fere</span> <span class='ocrx_word' id='word_1_247' title='bbox 1217 1644 1318 1678; x_wconf 89' lang='lat' dir='ltr'>sunt</span> <span class='ocrx_word' id='word_1_248' title='bbox 1352 1642 1403 1677; x_wconf 83' lang='lat' dir='ltr'>vt</span> <span class='ocrx_word' id='word_1_249' title='bbox 1437 1637 1582 1676; x_wconf 88' lang='lat' dir='ltr'>malim</span> <span class='ocrx_word' id='word_1_250' title='bbox 1618 1650 1714 1676; x_wconf 90' lang='lat' dir='ltr'>cum</span> 
     </span>
     <span class='ocr_line' id='line_1_29' title="bbox 110 1693 1714 1747; baseline -0.002 -13"><span class='ocrx_word' id='word_1_251' title='bbox 110 1695 289 1747; x_wconf 88' lang='lat' dir='ltr'>papistis</span> <span class='ocrx_word' id='word_1_252' title='bbox 321 1693 476 1733; x_wconf 89' lang='lat' dir='ltr'>habere</span> <span class='ocrx_word' id='word_1_253' title='bbox 510 1695 809 1733; x_wconf 87' lang='lat' dir='ltr'>commercium</span> <span class='ocrx_word' id='word_1_254' title='bbox 842 1706 973 1745; x_wconf 90' lang='lat' dir='ltr'>quam</span> <span class='ocrx_word' id='word_1_255' title='bbox 1012 1706 1109 1732; x_wconf 89' lang='lat' dir='ltr'>cum</span> <span class='ocrx_word' id='word_1_256' title='bbox 1142 1693 1237 1740; x_wconf 89' lang='lat' dir='ltr'>illis,</span> <span class='ocrx_word' id='word_1_257' title='bbox 1276 1694 1310 1731; x_wconf 94' lang='lat' dir='ltr'>si</span> <span class='ocrx_word' id='word_1_258' title='bbox 1340 1693 1434 1744; x_wconf 93' lang='lat' dir='ltr'>quis</span> <span class='ocrx_word' id='word_1_259' title='bbox 1468 1696 1714 1731; x_wconf 79' lang='lat' dir='ltr'>contractus</span> 
     </span>
     <span class='ocr_line' id='line_1_30' title="bbox 110 1747 1776 1800; baseline -0.003 -12"><span class='ocrx_word' id='word_1_260' title='bbox 110 1750 213 1788; x_wconf 89' lang='lat' dir='ltr'>mihi</span> <span class='ocrx_word' id='word_1_261' title='bbox 234 1748 483 1800; x_wconf 82' lang='lat' dir='ltr'>pangendus</span> <span class='ocrx_word' id='word_1_262' title='bbox 509 1752 633 1787; x_wconf 89' lang='lat' dir='ltr'>esset.</span> <span class='ocrx_word' id='word_1_263' title='bbox 700 1747 934 1795; x_wconf 89' lang='lat' dir='ltr'>Postremo,</span> <span class='ocrx_word' id='word_1_264' title='bbox 967 1761 1074 1799; x_wconf 90' lang='lat' dir='ltr'>quos</span> <span class='ocrx_word' id='word_1_265' title='bbox 1103 1747 1204 1786; x_wconf 91' lang='lat' dir='ltr'>olim</span> <span class='ocrx_word' id='word_1_266' title='bbox 1233 1748 1334 1785; x_wconf 91' lang='lat' dir='ltr'>noui</span> <span class='ocrx_word' id='word_1_267' title='bbox 1359 1747 1558 1797; x_wconf 88' lang='lat' dir='ltr'>optimos,</span> <span class='ocrx_word' id='word_1_268' title='bbox 1588 1758 1712 1797; x_wconf 91' lang='lat' dir='ltr'>quos-</span> <span class='ocrx_word' id='word_1_269' title='bbox 1733 1752 1776 1782; x_wconf 85' lang='lat' dir='ltr'>So</span> 
     </span>
     <span class='ocr_line' id='line_1_31' title="bbox 110 1799 1714 1856; baseline -0.002 -14"><span class='ocrx_word' id='word_1_270' title='bbox 110 1816 193 1856; x_wconf 90' lang='lat' dir='ltr'>que</span> <span class='ocrx_word' id='word_1_271' title='bbox 231 1803 347 1842; x_wconf 89' lang='lat' dir='ltr'>dicas</span> <span class='ocrx_word' id='word_1_272' title='bbox 385 1803 539 1842; x_wconf 78' lang='lat' dir='ltr'>virtuti</span> <span class='ocrx_word' id='word_1_273' title='bbox 573 1806 711 1848; x_wconf 90' lang='lat' dir='ltr'>natos,</span> <span class='ocrx_word' id='word_1_274' title='bbox 747 1802 872 1841; x_wconf 83' lang='lat' dir='ltr'>video</span> <span class='ocrx_word' id='word_1_275' title='bbox 905 1801 1043 1841; x_wconf 84' lang='lat' dir='ltr'>factos</span> <span class='ocrx_word' id='word_1_276' title='bbox 1077 1801 1318 1841; x_wconf 83' lang='lat' dir='ltr'>deteriores.</span> <span class='ocrx_word' id='word_1_277' title='bbox 1393 1799 1538 1847; x_wconf 81' lang='lat' dir='ltr'>Qualis</span> <span class='ocrx_word' id='word_1_278' title='bbox 1577 1799 1714 1851; x_wconf 88' lang='lat' dir='ltr'>qualis</span> 
     </span>
     <span class='ocr_line' id='line_1_32' title="bbox 108 1855 1713 1908; baseline -0.003 -11"><span class='ocrx_word' id='word_1_279' title='bbox 108 1870 249 1898; x_wconf 90' lang='lat' dir='ltr'>rerum</span> <span class='ocrx_word' id='word_1_280' title='bbox 280 1861 420 1896; x_wconf 89' lang='lat' dir='ltr'>status</span> <span class='ocrx_word' id='word_1_281' title='bbox 441 1861 519 1904; x_wconf 85' lang='lat' dir='ltr'>est,</span> <span class='ocrx_word' id='word_1_282' title='bbox 547 1857 901 1908; x_wconf 87' lang='lat' dir='ltr'>periculosissima</span> <span class='ocrx_word' id='word_1_283' title='bbox 930 1869 996 1896; x_wconf 90' lang='lat' dir='ltr'>res</span> <span class='ocrx_word' id='word_1_284' title='bbox 1018 1860 1084 1895; x_wconf 90' lang='lat' dir='ltr'>est</span> <span class='ocrx_word' id='word_1_285' title='bbox 1110 1868 1280 1894; x_wconf 88' lang='lat' dir='ltr'>mouere</span> <span class='ocrx_word' id='word_1_286' title='bbox 1307 1856 1567 1894; x_wconf 88' lang='lat' dir='ltr'>camarinam</span> <span class='ocrx_word' id='word_1_287' title='bbox 1588 1855 1713 1893; x_wconf 88' lang='lat' dir='ltr'>huius</span> 
     </span>
     <span class='ocr_line' id='line_1_33' title="bbox 110 1911 272 1952; baseline -0.006 0"><span class='ocrx_word' id='word_1_288' title='bbox 110 1911 272 1952; x_wconf 88' lang='lat' dir='ltr'>mundi.</span> 
     </span>
    </p>

    <p class='ocr_par' dir='ltr' id='par_1_4' title="bbox 109 1962 1825 2560">
     <span class='ocr_line' id='line_1_34' title="bbox 163 1962 1713 2017; baseline -0.003 -12"><span class='ocrx_word' id='word_1_289' title='bbox 163 1965 288 2006; x_wconf 86' lang='lat' dir='ltr'>Plato</span> <span class='ocrx_word' id='word_1_290' title='bbox 311 1978 409 2004; x_wconf 87' lang='lat' dir='ltr'>cum</span> <span class='ocrx_word' id='word_1_291' title='bbox 429 1965 735 2017; x_wconf 89' lang='lat' dir='ltr'>rempublicam</span> <span class='ocrx_word' id='word_1_292' title='bbox 759 1965 1095 2017; x_wconf 88' lang='lat' dir='ltr'>philosophicam</span> <span class='ocrx_word' id='word_1_293' title='bbox 1118 1965 1362 2010; x_wconf 84' lang='lat' dir='ltr'>somniaret,</span> <span class='ocrx_word' id='word_1_294' title='bbox 1387 1963 1497 2002; x_wconf 85' lang='lat' dir='ltr'>vidit</span> <span class='ocrx_word' id='word_1_295' title='bbox 1520 1962 1713 2001; x_wconf 83' lang='lat' dir='ltr'>multitu—</span> 
     </span>
     <span class='ocr_line' id='line_1_35' title="bbox 109 2016 1825 2072; baseline -0.002 -13"><span class='ocrx_word' id='word_1_296' title='bbox 109 2021 252 2060; x_wconf 89' lang='lat' dir='ltr'>dinem</span> <span class='ocrx_word' id='word_1_297' title='bbox 277 2019 438 2072; x_wconf 88' lang='lat' dir='ltr'>absque</span> <span class='ocrx_word' id='word_1_298' title='bbox 462 2020 690 2059; x_wconf 89' lang='lat' dir='ltr'>mendatiis</span> <span class='ocrx_word' id='word_1_299' title='bbox 714 2033 801 2058; x_wconf 90' lang='lat' dir='ltr'>non</span> <span class='ocrx_word' id='word_1_300' title='bbox 825 2032 947 2071; x_wconf 91' lang='lat' dir='ltr'>posse</span> <span class='ocrx_word' id='word_1_301' title='bbox 972 2018 1210 2071; x_wconf 88' lang='lat' dir='ltr'>gubernari.</span> <span class='ocrx_word' id='word_1_302' title='bbox 1265 2018 1391 2057; x_wconf 87' lang='lat' dir='ltr'>Absit</span> <span class='ocrx_word' id='word_1_303' title='bbox 1415 2031 1441 2056; x_wconf 90' lang='lat' dir='ltr'>a</span> <span class='ocrx_word' id='word_1_304' title='bbox 1466 2016 1715 2057; x_wconf 86' lang='lat' dir='ltr'>Christianis</span> <span class='ocrx_word' id='word_1_305' title='bbox 1733 2023 1771 2063; x_wconf 82' lang='lat'>85</span> <span class='ocrx_word' id='word_1_306' title='bbox 1822 2016 1825 2017; x_wconf 47' lang='lat'><em>⁷</em></span> 
     </span>
     <span class='ocr_line' id='line_1_36' title="bbox 112 2072 1714 2125; baseline -0.003 -11"><span class='ocrx_word' id='word_1_307' title='bbox 112 2075 377 2114; x_wconf 88' lang='lat' dir='ltr'>mendatium</span> <span class='ocrx_word' id='word_1_308' title='bbox 398 2088 406 2121; x_wconf 93' lang='lat'>;</span> <span class='ocrx_word' id='word_1_309' title='bbox 445 2078 640 2114; x_wconf 88' lang='lat' dir='ltr'>attamen</span> <span class='ocrx_word' id='word_1_310' title='bbox 662 2087 748 2113; x_wconf 90' lang='lat' dir='ltr'>non</span> <span class='ocrx_word' id='word_1_311' title='bbox 771 2074 945 2125; x_wconf 78' lang='lat' dir='ltr'>expedit</span> <span class='ocrx_word' id='word_1_312' title='bbox 968 2087 1138 2112; x_wconf 89' lang='lat' dir='ltr'>omnem</span> <span class='ocrx_word' id='word_1_313' title='bbox 1161 2073 1389 2112; x_wconf 83' lang='lat' dir='ltr'>Veritatem</span> <span class='ocrx_word' id='word_1_314' title='bbox 1412 2073 1564 2124; x_wconf 88' lang='lat' dir='ltr'>quouis</span> <span class='ocrx_word' id='word_1_315' title='bbox 1587 2072 1714 2110; x_wconf 87' lang='lat' dir='ltr'>modo</span> 
     </span>
     <span class='ocr_line' id='line_1_37' title="bbox 110 2126 1715 2181; baseline -0.002 -13"><span class='ocrx_word' id='word_1_316' title='bbox 110 2129 286 2181; x_wconf 87' lang='lat' dir='ltr'>prodere</span> <span class='ocrx_word' id='word_1_317' title='bbox 304 2129 445 2180; x_wconf 83' lang='lat' dir='ltr'>vulgo.</span> <span class='ocrx_word' id='word_1_318' title='bbox 494 2129 669 2168; x_wconf 83' lang='lat' dir='ltr'>Vtinam</span> <span class='ocrx_word' id='word_1_319' title='bbox 689 2128 902 2168; x_wconf 89' lang='lat' dir='ltr'>Lutherus</span> <span class='ocrx_word' id='word_1_320' title='bbox 921 2133 1012 2167; x_wconf 88' lang='lat' dir='ltr'>tam</span> <span class='ocrx_word' id='word_1_321' title='bbox 1032 2129 1166 2179; x_wconf 88' lang='lat' dir='ltr'>possit</span> <span class='ocrx_word' id='word_1_322' title='bbox 1185 2126 1408 2179; x_wconf 87' lang='lat' dir='ltr'>pontifices</span> <span class='ocrx_word' id='word_1_323' title='bbox 1429 2139 1477 2165; x_wconf 83' lang='lat' dir='ltr'>ac</span> <span class='ocrx_word' id='word_1_324' title='bbox 1505 2127 1715 2177; x_wconf 82' lang='lat' dir='ltr'>principes</span> 
     </span>
     <span class='ocr_line' id='line_1_38' title="bbox 111 2180 1714 2235; baseline -0.002 -13"><span class='ocrx_word' id='word_1_325' title='bbox 111 2183 166 2223; x_wconf 89' lang='lat' dir='ltr'>ad</span> <span class='ocrx_word' id='word_1_326' title='bbox 183 2183 463 2235; x_wconf 87' lang='lat' dir='ltr'>Euangelicae</span> <span class='ocrx_word' id='word_1_327' title='bbox 479 2184 654 2234; x_wconf 85' lang='lat' dir='ltr'>pietatis</span> <span class='ocrx_word' id='word_1_328' title='bbox 670 2183 861 2222; x_wconf 84' lang='lat' dir='ltr'>studium</span> <span class='ocrx_word' id='word_1_329' title='bbox 879 2188 1137 2230; x_wconf 88' lang='lat' dir='ltr'>conuertere,</span> <span class='ocrx_word' id='word_1_330' title='bbox 1157 2195 1287 2234; x_wconf 88' lang='lat' dir='ltr'>quam</span> <span class='ocrx_word' id='word_1_331' title='bbox 1303 2181 1471 2220; x_wconf 81' lang='lat' dir='ltr'>fortiter</span> <span class='ocrx_word' id='word_1_332' title='bbox 1487 2182 1532 2219; x_wconf 91' lang='lat' dir='ltr'>in</span> <span class='ocrx_word' id='word_1_333' title='bbox 1546 2180 1714 2220; x_wconf 88' lang='lat' dir='ltr'>illorum</span> 
     </span>
     <span class='ocr_line' id='line_1_39' title="bbox 111 2234 1713 2285; baseline -0.003 -8"><span class='ocrx_word' id='word_1_334' title='bbox 111 2239 220 2277; x_wconf 82' lang='lat' dir='ltr'>vicia</span> <span class='ocrx_word' id='word_1_335' title='bbox 249 2237 565 2277; x_wconf 85' lang='lat' dir='ltr'>debacchatur!</span> <span class='ocrx_word' id='word_1_336' title='bbox 614 2237 706 2285; x_wconf 80' lang='lat' dir='ltr'>Quo</span> <span class='ocrx_word' id='word_1_337' title='bbox 736 2239 879 2277; x_wconf 84' lang='lat' dir='ltr'>animo</span> <span class='ocrx_word' id='word_1_338' title='bbox 909 2239 965 2277; x_wconf 87' lang='lat' dir='ltr'>sit</span> <span class='ocrx_word' id='word_1_339' title='bbox 992 2239 1037 2277; x_wconf 89' lang='lat' dir='ltr'>in</span> <span class='ocrx_word' id='word_1_340' title='bbox 1066 2250 1146 2283; x_wconf 88' lang='lat' dir='ltr'>me,</span> <span class='ocrx_word' id='word_1_341' title='bbox 1178 2249 1264 2275; x_wconf 90' lang='lat' dir='ltr'>non</span> <span class='ocrx_word' id='word_1_342' title='bbox 1292 2237 1355 2275; x_wconf 86' lang='lat' dir='ltr'>ita</span> <span class='ocrx_word' id='word_1_343' title='bbox 1384 2235 1509 2274; x_wconf 78' lang='lat' dir='ltr'>valde</span> <span class='ocrx_word' id='word_1_344' title='bbox 1538 2234 1713 2281; x_wconf 85' lang='lat' dir='ltr'>laboro;</span> 
     </span>
     <span class='ocr_line' id='line_1_40' title="bbox 113 2288 1774 2343; baseline -0.003 -12"><span class='ocrx_word' id='word_1_345' title='bbox 113 2293 359 2343; x_wconf 87' lang='lat' dir='ltr'>praesertim</span> <span class='ocrx_word' id='word_1_346' title='bbox 392 2293 436 2330; x_wconf 92' lang='lat' dir='ltr'>in</span> <span class='ocrx_word' id='word_1_347' title='bbox 469 2292 549 2331; x_wconf 88' lang='lat' dir='ltr'>hoc</span> <span class='ocrx_word' id='word_1_348' title='bbox 581 2293 769 2343; x_wconf 85' lang='lat' dir='ltr'>negocio,</span> <span class='ocrx_word' id='word_1_349' title='bbox 803 2293 848 2332; x_wconf 91' lang='lat' dir='ltr'>in</span> <span class='ocrx_word' id='word_1_350' title='bbox 881 2305 966 2343; x_wconf 92' lang='lat' dir='ltr'>quo</span> <span class='ocrx_word' id='word_1_351' title='bbox 999 2304 1085 2331; x_wconf 90' lang='lat' dir='ltr'>non</span> <span class='ocrx_word' id='word_1_352' title='bbox 1118 2295 1183 2330; x_wconf 89' lang='lat' dir='ltr'>est</span> <span class='ocrx_word' id='word_1_353' title='bbox 1216 2291 1323 2342; x_wconf 87' lang='lat' dir='ltr'>phas</span> <span class='ocrx_word' id='word_1_354' title='bbox 1357 2289 1541 2328; x_wconf 88' lang='lat' dir='ltr'>multum</span> <span class='ocrx_word' id='word_1_355' title='bbox 1575 2288 1774 2335; x_wconf 84' lang='lat' dir='ltr'>valere90</span> 
     </span>
     <span class='ocr_line' id='line_1_41' title="bbox 111 2344 1715 2397; baseline -0.002 -12"><span class='ocrx_word' id='word_1_356' title='bbox 111 2346 290 2386; x_wconf 84' lang='lat' dir='ltr'>affectus</span> <span class='ocrx_word' id='word_1_357' title='bbox 326 2347 530 2397; x_wconf 89' lang='lat' dir='ltr'>priuatos.</span> <span class='ocrx_word' id='word_1_358' title='bbox 596 2346 734 2385; x_wconf 89' lang='lat' dir='ltr'>Multa</span> <span class='ocrx_word' id='word_1_359' title='bbox 770 2346 822 2386; x_wconf 89' lang='lat' dir='ltr'>de</span> <span class='ocrx_word' id='word_1_360' title='bbox 859 2359 926 2385; x_wconf 89' lang='lat' dir='ltr'>me</span> <span class='ocrx_word' id='word_1_361' title='bbox 963 2347 1131 2397; x_wconf 87' lang='lat' dir='ltr'>scripsit</span> <span class='ocrx_word' id='word_1_362' title='bbox 1168 2346 1314 2384; x_wconf 85' lang='lat' dir='ltr'>amicis</span> <span class='ocrx_word' id='word_1_363' title='bbox 1351 2345 1449 2391; x_wconf 86' lang='lat' dir='ltr'>suis,</span> <span class='ocrx_word' id='word_1_364' title='bbox 1488 2356 1574 2382; x_wconf 92' lang='lat' dir='ltr'>non</span> <span class='ocrx_word' id='word_1_365' title='bbox 1611 2344 1715 2381; x_wconf 87' lang='lat' dir='ltr'>satis</span> 
     </span>
     <span class='ocr_line' id='line_1_42' title="bbox 110 2398 1714 2452; baseline -0.002 -13"><span class='ocrx_word' id='word_1_366' title='bbox 110 2400 336 2440; x_wconf 86' lang='lat' dir='ltr'>referentia</span> <span class='ocrx_word' id='word_1_367' title='bbox 361 2401 552 2439; x_wconf 88' lang='lat' dir='ltr'>animum</span> <span class='ocrx_word' id='word_1_368' title='bbox 576 2401 621 2440; x_wconf 90' lang='lat' dir='ltr'>in</span> <span class='ocrx_word' id='word_1_369' title='bbox 648 2414 714 2439; x_wconf 91' lang='lat' dir='ltr'>me</span> <span class='ocrx_word' id='word_1_370' title='bbox 740 2413 867 2452; x_wconf 90' lang='lat' dir='ltr'>quem</span> <span class='ocrx_word' id='word_1_371' title='bbox 892 2406 941 2439; x_wconf 86' lang='lat' dir='ltr'>tu</span> <span class='ocrx_word' id='word_1_372' title='bbox 968 2400 1200 2451; x_wconf 87' lang='lat' dir='ltr'>praedicas.</span> <span class='ocrx_word' id='word_1_373' title='bbox 1257 2398 1374 2446; x_wconf 83' lang='lat' dir='ltr'>Quae</span> <span class='ocrx_word' id='word_1_374' title='bbox 1401 2398 1543 2436; x_wconf 84' lang='lat' dir='ltr'>omnia</span> <span class='ocrx_word' id='word_1_375' title='bbox 1570 2410 1636 2436; x_wconf 90' lang='lat' dir='ltr'>me</span> <span class='ocrx_word' id='word_1_376' title='bbox 1662 2409 1714 2435; x_wconf 88' lang='lat' dir='ltr'>ne</span> 
     </span>
     <span class='ocr_line' id='line_1_43' title="bbox 110 2451 1714 2506; baseline -0.003 -12"><span class='ocrx_word' id='word_1_377' title='bbox 110 2455 329 2494; x_wconf 84' lang='lat' dir='ltr'>tantillum</span> <span class='ocrx_word' id='word_1_378' title='bbox 355 2454 528 2506; x_wconf 89' lang='lat' dir='ltr'>quidem</span> <span class='ocrx_word' id='word_1_379' title='bbox 554 2459 890 2502; x_wconf 87' lang='lat' dir='ltr'>commouerunt‚</span> <span class='ocrx_word' id='word_1_380' title='bbox 920 2453 1282 2506; x_wconf 87' lang='lat' dir='ltr'>quemadmodum</span> <span class='ocrx_word' id='word_1_381' title='bbox 1310 2465 1386 2491; x_wconf 88' lang='lat' dir='ltr'>nec</span> <span class='ocrx_word' id='word_1_382' title='bbox 1414 2456 1538 2491; x_wconf 88' lang='lat' dir='ltr'>tuum</span> <span class='ocrx_word' id='word_1_383' title='bbox 1566 2451 1619 2489; x_wconf 90' lang='lat' dir='ltr'>de</span> <span class='ocrx_word' id='word_1_384' title='bbox 1647 2463 1714 2489; x_wconf 89' lang='lat' dir='ltr'>me</span> 
     </span>
     <span class='ocr_line' id='line_1_44' title="bbox 112 2505 1714 2560; baseline -0.002 -13"><span class='ocrx_word' id='word_1_385' title='bbox 112 2507 324 2549; x_wconf 89' lang='lat' dir='ltr'>Iudicium</span> <span class='ocrx_word' id='word_1_386' title='bbox 356 2508 497 2548; x_wconf 84' lang='lat' dir='ltr'>effecit</span> <span class='ocrx_word' id='word_1_387' title='bbox 538 2513 589 2548; x_wconf 86' lang='lat' dir='ltr'>vt</span> <span class='ocrx_word' id='word_1_388' title='bbox 629 2510 769 2548; x_wconf 87' lang='lat' dir='ltr'>minus</span> <span class='ocrx_word' id='word_1_389' title='bbox 812 2521 999 2548; x_wconf 84' lang='lat' dir='ltr'>amarem</span> <span class='ocrx_word' id='word_1_390' title='bbox 1040 2509 1256 2560; x_wconf 83' lang='lat' dir='ltr'>ingenium</span> <span class='ocrx_word' id='word_1_391' title='bbox 1298 2511 1436 2546; x_wconf 86' lang='lat' dir='ltr'>tuum.</span> <span class='ocrx_word' id='word_1_392' title='bbox 1509 2505 1714 2553; x_wconf 84' lang='lat' dir='ltr'>Quamuis</span> 
     </span>
    </p>
   </div>
   <div class='ocr_carea' id='block_1_3' title="bbox 111 2602 1710 2778">
    <p class='ocr_par' dir='ltr' id='par_1_5' title="bbox 111 2602 1710 2778">
     <span class='ocr_line' id='line_1_45' title="bbox 157 2602 1709 2648; baseline -0.003 -10"><span class='ocrx_word' id='word_1_393' title='bbox 157 2615 206 2648; x_wconf 81' lang='lat'>52.</span> <span class='ocrx_word' id='word_1_394' title='bbox 233 2615 274 2638; x_wconf 80' lang='lat' dir='ltr'>ea</span> <span class='ocrx_word' id='word_1_395' title='bbox 290 2616 352 2638; x_wconf 86' lang='lat' dir='ltr'>om.</span> <span class='ocrx_word' id='word_1_396' title='bbox 372 2606 417 2638; x_wconf 89' lang='lat' dir='ltr'>H.</span> <span class='ocrx_word' id='word_1_397' title='bbox 566 2609 619 2638; x_wconf 82' lang='lat'>66.</span> <span class='ocrx_word' id='word_1_398' title='bbox 646 2605 906 2638; x_wconf 80' lang='lat' dir='ltr'>adolescent-um</span> <span class='ocrx_word' id='word_1_399' title='bbox 926 2606 968 2638; x_wconf 88' lang='lat' dir='ltr'>H.</span> <span class='ocrx_word' id='word_1_400' title='bbox 1117 2614 1169 2644; x_wconf 86' lang='lat'>70.</span> <span class='ocrx_word' id='word_1_401' title='bbox 1196 2603 1282 2636; x_wconf 87' lang='lat' dir='ltr'>nihil</span> <span class='ocrx_word' id='word_1_402' title='bbox 1296 2629 1303 2635; x_wconf 92' lang='lat'>.</span> <span class='ocrx_word' id='word_1_403' title='bbox 1320 2628 1327 2635; x_wconf 96' lang='lat'>.</span> <span class='ocrx_word' id='word_1_404' title='bbox 1350 2630 1356 2636; x_wconf 85' lang='lat'>.</span> <span class='ocrx_word' id='word_1_405' title='bbox 1376 2613 1427 2645; x_wconf 86' lang='lat'>71.</span> <span class='ocrx_word' id='word_1_406' title='bbox 1454 2614 1557 2645; x_wconf 80' lang='lat' dir='ltr'>opera.</span> <span class='ocrx_word' id='word_1_407' title='bbox 1572 2603 1647 2635; x_wconf 77' lang='lat' dir='ltr'>add.</span> <span class='ocrx_word' id='word_1_408' title='bbox 1663 2602 1709 2635; x_wconf 77' lang='lat' dir='ltr'>H.</span> 
     </span>
     <span class='ocr_line' id='line_1_46' title="bbox 112 2647 1710 2691; baseline -0.002 -9"><span class='ocrx_word' id='word_1_409' title='bbox 112 2659 164 2691; x_wconf 90' lang='lat'>72.</span> <span class='ocrx_word' id='word_1_410' title='bbox 192 2649 288 2682; x_wconf 79' lang='lat' dir='ltr'>Haec</span> <span class='ocrx_word' id='word_1_411' title='bbox 303 2661 321 2679; x_wconf 87' lang='lat' dir='ltr'>a</span> <span class='ocrx_word' id='word_1_412' title='bbox 339 2662 346 2682; x_wconf 89' lang='lat'>:</span> <span class='ocrx_word' id='word_1_413' title='bbox 374 2649 441 2681; x_wconf 90' lang='lat' dir='ltr'>Hic</span> <span class='ocrx_word' id='word_1_414' title='bbox 456 2650 500 2682; x_wconf 90' lang='grc' dir='ltr'>Η.</span> <span class='ocrx_word' id='word_1_415' title='bbox 681 2659 731 2689; x_wconf 78' lang='grc'>74.</span> <span class='ocrx_word' id='word_1_416' title='bbox 759 2654 796 2682; x_wconf 84' lang='lat' dir='ltr'>ct</span> <span class='ocrx_word' id='word_1_417' title='bbox 811 2649 975 2691; x_wconf 84' lang='lat' dir='ltr'>bipedum</span> <span class='ocrx_word' id='word_1_418' title='bbox 989 2649 1218 2690; x_wconf 79' lang='lat' dir='ltr'>nequissimos</span> <span class='ocrx_word' id='word_1_419' title='bbox 1231 2647 1306 2679; x_wconf 83' lang='lat' dir='ltr'>add.</span> <span class='ocrx_word' id='word_1_420' title='bbox 1324 2647 1367 2679; x_wconf 89' lang='lat' dir='ltr'>H.</span> <span class='ocrx_word' id='word_1_421' title='bbox 1555 2647 1639 2679; x_wconf 81' lang='lat' dir='ltr'>haec</span> <span class='ocrx_word' id='word_1_422' title='bbox 1654 2648 1687 2676; x_wconf 53' lang='grc' dir='ltr'>ς’</span> <span class='ocrx_word' id='word_1_423' title='bbox 1702 2659 1710 2679; x_wconf 93' lang='lat'><strong>:</strong></span> 
     </span>
     <span class='ocr_line' id='line_1_47' title="bbox 111 2690 1709 2733; baseline -0.003 -7"><span class='ocrx_word' id='word_1_424' title='bbox 111 2693 167 2726; x_wconf 87' lang='lat' dir='ltr'>hie</span> <span class='ocrx_word' id='word_1_425' title='bbox 181 2696 225 2725; x_wconf 58' lang='grc' dir='ltr'>αἱ.</span> <span class='ocrx_word' id='word_1_426' title='bbox 354 2696 405 2732; x_wconf 83' lang='grc'>76.</span> <span class='ocrx_word' id='word_1_427' title='bbox 432 2693 611 2725; x_wconf 85' lang='lat' dir='ltr'>hominum</span> <span class='ocrx_word' id='word_1_428' title='bbox 624 2703 732 2733; x_wconf 75' lang='lat' dir='ltr'>genus</span> <span class='ocrx_word' id='word_1_429' title='bbox 747 2692 791 2725; x_wconf 89' lang='lat' dir='ltr'>H.</span> <span class='ocrx_word' id='word_1_430' title='bbox 921 2696 972 2732; x_wconf 84' lang='lat'>78.</span> <span class='ocrx_word' id='word_1_431' title='bbox 999 2693 1069 2725; x_wconf 77' lang='lat' dir='ltr'>fere</span> <span class='ocrx_word' id='word_1_432' title='bbox 1087 2692 1161 2724; x_wconf 79' lang='lat' dir='ltr'>add.</span> <span class='ocrx_word' id='word_1_433' title='bbox 1176 2691 1221 2723; x_wconf 90' lang='lat' dir='ltr'>H.</span> <span class='ocrx_word' id='word_1_434' title='bbox 1349 2693 1400 2723; x_wconf 84' lang='lat'>81.</span> <span class='ocrx_word' id='word_1_435' title='bbox 1428 2690 1524 2722; x_wconf 85' lang='lat' dir='ltr'>dicas</span> <span class='ocrx_word' id='word_1_436' title='bbox 1538 2702 1555 2720; x_wconf 82' lang='grc' dir='ltr'>α</span> <span class='ocrx_word' id='word_1_437' title='bbox 1573 2702 1581 2722; x_wconf 88' lang='lat'>:</span> <span class='ocrx_word' id='word_1_438' title='bbox 1607 2690 1709 2722; x_wconf 80' lang='lat' dir='ltr'>dixis-</span> 
     </span>
     <span class='ocr_line' id='line_1_48' title="bbox 112 2734 1564 2778; baseline -0.002 -9"><span class='ocrx_word' id='word_1_439' title='bbox 112 2747 184 2769; x_wconf 83' lang='lat' dir='ltr'>sem</span> <span class='ocrx_word' id='word_1_440' title='bbox 199 2736 241 2769; x_wconf 89' lang='lat' dir='ltr'>H.</span> <span class='ocrx_word' id='word_1_441' title='bbox 367 2738 420 2775; x_wconf 84' lang='lat'>87.</span> <span class='ocrx_word' id='word_1_442' title='bbox 448 2739 480 2766; x_wconf 60' lang='grc' dir='ltr'>α’</span> <span class='ocrx_word' id='word_1_443' title='bbox 496 2749 503 2768; x_wconf 93' lang='lat'><strong>:</strong></span> <span class='ocrx_word' id='word_1_444' title='bbox 531 2736 667 2778; x_wconf 88' lang='lat' dir='ltr'>prodire</span> <span class='ocrx_word' id='word_1_445' title='bbox 682 2739 724 2768; x_wconf 58' lang='grc' dir='ltr'>ΠΙ.</span> <span class='ocrx_word' id='word_1_446' title='bbox 873 2741 990 2778; x_wconf 80' lang='lat' dir='ltr'>posset·</span> <span class='ocrx_word' id='word_1_447' title='bbox 1004 2736 1046 2768; x_wconf 90' lang='lat' dir='ltr'>H.</span> <span class='ocrx_word' id='word_1_448' title='bbox 1183 2738 1235 2767; x_wconf 69' lang='lat'>88.</span> <span class='ocrx_word' id='word_1_449' title='bbox 1262 2734 1419 2767; x_wconf 81' lang='lat' dir='ltr'>studium</span> <span class='ocrx_word' id='word_1_450' title='bbox 1431 2734 1505 2766; x_wconf 77' lang='lat' dir='ltr'>add.</span> <span class='ocrx_word' id='word_1_451' title='bbox 1522 2736 1564 2766; x_wconf 65' lang='grc' dir='ltr'>α’.</span> 
     </span>
    </p>
   </div>
   <div class='ocr_carea' id='block_1_4' title="bbox 111 2844 1709 3020">
    <p class='ocr_par' dir='ltr' id='par_1_6' title="bbox 111 2844 1709 3020">
     <span class='ocr_line' id='line_1_49' title="bbox 158 2844 1633 2887; baseline -0.001 -9"><span class='ocrx_word' id='word_1_452' title='bbox 158 2856 209 2887; x_wconf 84' lang='grc'>74.</span> <span class='ocrx_word' id='word_1_453' title='bbox 235 2844 356 2885; x_wconf 81' lang='lat' dir='ltr'>vocas]</span> <span class='ocrx_word' id='word_1_454' title='bbox 376 2845 440 2887; x_wconf 84' lang='lat' dir='ltr'>Ep.</span> <span class='ocrx_word' id='word_1_455' title='bbox 466 2854 562 2886; x_wconf 84' lang='lat'>1500.</span> <span class='ocrx_word' id='word_1_456' title='bbox 586 2855 635 2887; x_wconf 76' lang='lat'>35.</span> <span class='ocrx_word' id='word_1_457' title='bbox 682 2845 753 2876; x_wconf 80' lang='lat' dir='ltr'>&#39;Phe</span> <span class='ocrx_word' id='word_1_458' title='bbox 773 2847 877 2877; x_wconf 83' lang='lat' dir='ltr'>inser-</span> <span class='ocrx_word' id='word_1_459' title='bbox 992 2846 1045 2877; x_wconf 83' lang='lat'>86.</span> <span class='ocrx_word' id='word_1_460' title='bbox 1073 2845 1274 2885; x_wconf 84' lang='lat' dir='ltr'>veritatem]</span> <span class='ocrx_word' id='word_1_461' title='bbox 1290 2844 1340 2877; x_wconf 84' lang='lat' dir='ltr'>Cf.</span> <span class='ocrx_word' id='word_1_462' title='bbox 1359 2845 1423 2886; x_wconf 90' lang='lat' dir='ltr'>Ep.</span> <span class='ocrx_word' id='word_1_463' title='bbox 1445 2854 1539 2884; x_wconf 88' lang='lat'>1119.</span> <span class='ocrx_word' id='word_1_464' title='bbox 1553 2854 1633 2885; x_wconf 78' lang='lat'>4011.</span> 
     </span>
     <span class='ocr_line' id='line_1_50' title="bbox 111 2888 1708 2930; baseline -0.001 -8"><span class='ocrx_word' id='word_1_465' title='bbox 111 2891 187 2923; x_wconf 79' lang='lat' dir='ltr'>tion</span> <span class='ocrx_word' id='word_1_466' title='bbox 203 2889 304 2921; x_wconf 77' lang='lat' dir='ltr'>made</span> <span class='ocrx_word' id='word_1_467' title='bbox 318 2890 354 2920; x_wconf 89' lang='lat' dir='ltr'>in</span> <span class='ocrx_word' id='word_1_468' title='bbox 370 2889 404 2920; x_wconf 92' lang='lat' dir='ltr'>H</span> <span class='ocrx_word' id='word_1_469' title='bbox 419 2893 458 2921; x_wconf 83' lang='lat' dir='ltr'>at</span> <span class='ocrx_word' id='word_1_470' title='bbox 472 2889 543 2920; x_wconf 82' lang='lat' dir='ltr'>this</span> <span class='ocrx_word' id='word_1_471' title='bbox 558 2890 659 2930; x_wconf 87' lang='lat' dir='ltr'>point</span> <span class='ocrx_word' id='word_1_472' title='bbox 672 2889 784 2920; x_wconf 82' lang='lat' dir='ltr'>shows</span> <span class='ocrx_word' id='word_1_473' title='bbox 800 2889 880 2921; x_wconf 79' lang='lat' dir='ltr'>that</span> <span class='ocrx_word' id='word_1_474' title='bbox 990 2899 1044 2929; x_wconf 77' lang='lat'>91.</span> <span class='ocrx_word' id='word_1_475' title='bbox 1070 2888 1224 2930; x_wconf 77' lang='lat' dir='ltr'>scripsit]</span> <span class='ocrx_word' id='word_1_476' title='bbox 1259 2888 1310 2921; x_wconf 71' lang='lat' dir='ltr'>Cf.</span> <span class='ocrx_word' id='word_1_477' title='bbox 1350 2888 1438 2930; x_wconf 87' lang='lat' dir='ltr'>Epp.</span> <span class='ocrx_word' id='word_1_478' title='bbox 1478 2889 1573 2929; x_wconf 83' lang='lat'>1384.</span> <span class='ocrx_word' id='word_1_479' title='bbox 1611 2897 1708 2930; x_wconf 79' lang='lat'>52-7,</span> 
     </span>
     <span class='ocr_line' id='line_1_51' title="bbox 114 2932 1161 2974; baseline -0.003 -7"><span class='ocrx_word' id='word_1_480' title='bbox 114 2935 279 2967; x_wconf 81' lang='lat' dir='ltr'>Erasmus</span> <span class='ocrx_word' id='word_1_481' title='bbox 308 2932 393 2965; x_wconf 78' lang='lat' dir='ltr'>then</span> <span class='ocrx_word' id='word_1_482' title='bbox 422 2932 570 2965; x_wconf 84' lang='lat' dir='ltr'>realized</span> <span class='ocrx_word' id='word_1_483' title='bbox 599 2932 659 2964; x_wconf 87' lang='lat' dir='ltr'>the</span> <span class='ocrx_word' id='word_1_484' title='bbox 688 2942 881 2974; x_wconf 79' lang='lat' dir='ltr'>vagucness</span> <span class='ocrx_word' id='word_1_485' title='bbox 950 2941 1044 2974; x_wconf 87' lang='lat'>1397.</span> <span class='ocrx_word' id='word_1_486' title='bbox 1062 2941 1161 2972; x_wconf 91' lang='lat'>9—10.</span> 
     </span>
     <span class='ocr_line' id='line_1_52' title="bbox 112 2975 1709 3020; baseline -0.001 -10"><span class='ocrx_word' id='word_1_487' title='bbox 112 2978 150 3009; x_wconf 86' lang='lat' dir='ltr'>of</span> <span class='ocrx_word' id='word_1_488' title='bbox 165 2977 235 3010; x_wconf 80' lang='lat' dir='ltr'>this</span> <span class='ocrx_word' id='word_1_489' title='bbox 251 2978 448 3020; x_wconf 79' lang='lat' dir='ltr'>quotation.</span> <span class='ocrx_word' id='word_1_490' title='bbox 992 2986 1045 3014; x_wconf 62' lang='lat'>04.</span> <span class='ocrx_word' id='word_1_491' title='bbox 1072 2975 1261 3015; x_wconf 85' lang='lat' dir='ltr'>Iudicium]</span> <span class='ocrx_word' id='word_1_492' title='bbox 1291 2976 1341 3008; x_wconf 81' lang='lat' dir='ltr'>Of.</span> <span class='ocrx_word' id='word_1_493' title='bbox 1372 2975 1460 3018; x_wconf 84' lang='lat' dir='ltr'>Epp.</span> <span class='ocrx_word' id='word_1_494' title='bbox 1501 2977 1593 3017; x_wconf 79' lang='lat'>1348.</span> <span class='ocrx_word' id='word_1_495' title='bbox 1632 2987 1709 3018; x_wconf 81' lang='lat'>3511,</span> 
     </span>
    </p>
   </div>
   <div class='ocr_carea' id='block_1_5' title="bbox 160 3019 1140 3129">
    <p class='ocr_par' dir='ltr' id='par_1_7' title="bbox 160 3019 1140 3129">
     <span class='ocr_line' id='line_1_53' title="bbox 160 3019 1140 3063; baseline -0.003 -9"><span class='ocrx_word' id='word_1_496' title='bbox 160 3031 211 3063; x_wconf 90' lang='lat'>79.</span> <span class='ocrx_word' id='word_1_497' title='bbox 238 3021 403 3063; x_wconf 76' lang='lat' dir='ltr'>papistis]</span> <span class='ocrx_word' id='word_1_498' title='bbox 419 3019 470 3052; x_wconf 79' lang='lat' dir='ltr'>cf.</span> <span class='ocrx_word' id='word_1_499' title='bbox 490 3020 555 3062; x_wconf 83' lang='lat' dir='ltr'>Ep.</span> <span class='ocrx_word' id='word_1_500' title='bbox 575 3028 671 3061; x_wconf 81' lang='lat'>1459.</span> <span class='ocrx_word' id='word_1_501' title='bbox 686 3029 766 3060; x_wconf 88' lang='lat' dir='ltr'>94n.</span> <span class='ocrx_word' id='word_1_502' title='bbox 953 3021 1045 3060; x_wconf 87' lang='lat'>1496.</span> <span class='ocrx_word' id='word_1_503' title='bbox 1062 3022 1140 3052; x_wconf 88' lang='lat' dir='ltr'>26n.</span> 
     </span>
     <span class='ocr_line' id='line_1_54' title="bbox 846 3089 973 3129; baseline 0 -5"><span class='ocrx_word' id='word_1_504' title='bbox 846 3092 874 3124; x_wconf 69' lang='lat' dir='ltr'><em>Q</em></span> <span class='ocrx_word' id='word_1_505' title='bbox 899 3091 927 3129; x_wconf 80' lang='lat' dir='ltr'><strong>q</strong></span> <span class='ocrx_word' id='word_1_506' title='bbox 952 3089 973 3116; x_wconf 67' lang='lat'>&#39;²⁴&#39;</span> 
     </span>
    </p>
   </div>
  </div>
 </body>
</html>
