2012 3370
302 166 353 203 64
774 164 1031 204 LETTERS
1062 164 1135 204 OF
1164 163 1428 206 ERASMUS
1778 166 1901 215 [1522

301 287 460 325 peram,
487 273 655 312 cuidam
681 274 818 312 amico
842 285 994 323 parum
1020 285 1210 323 syncero,
1237 274 1304 312 cui
1328 273 1453 312 simili
1478 286 1650 312 munere
1675 272 1903 324 gratificari

301 329 511 375 volebam,
529 328 728 367 videlicet
741 332 790 366 vt
805 327 1013 365 haberent
1029 327 1184 366 similes
1197 327 1316 366 labra
1329 328 1529 367 lactucas.
1571 328 1765 367 Lectioni
1778 328 1903 366 simul

244 399 284 422 10
300 388 345 423 et
365 384 662 434 compositioni
681 395 766 420 non
794 381 888 432 plus
917 382 1121 432 temporis
1150 382 1362 421 tributum
1392 387 1456 421 est
1476 395 1606 433 quam
1627 382 1715 421 dies
1735 383 1901 433 viginti.

301 438 443 488 Atque
460 437 565 475 adeo
583 449 668 475 non
684 440 776 474 erat
792 440 886 474 tum
903 436 1070 474 animus
1086 436 1166 475 hoc
1183 449 1288 487 opus
1305 437 1537 483 absoluere,
1556 441 1604 475 vt
1621 437 1902 487 archetypum

300 492 359 530 illi
385 491 633 530 tradiderim
661 490 939 529 auferendum
968 492 1084 538 (nam
1110 490 1350 530 adornabat
1376 492 1651 542 longinquam
1678 490 1902 542 profectio-

300 548 428 594 nem),
462 545 578 584 nullo
609 544 864 596 antigrapho
895 544 1011 595 apud
1043 558 1110 584 me
1141 550 1323 585 seruato.
1385 546 1618 596 Aliquanto
1649 549 1748 596 post
1779 546 1904 584 amici

300 600 489 650 quidam,
511 601 584 650 qui
602 600 743 638 nescio
761 612 846 650 quo
866 611 966 638 casu
985 600 1101 638 nacti
1121 613 1255 651 nugas
1273 613 1343 639 eas
1363 600 1686 650 descripserant,
1708 599 1904 650 precibus

243 668 281 703 ις
301 654 534 706 adegerunt
562 667 630 692 me
657 658 708 693 vt
735 654 872 705 operis
899 653 1190 693 rudimentum
1219 655 1481 694 absoluercm
1503 668 1511 694 z
1557 659 1649 693 erat
1677 655 1789 692 enim
1818 667 1903 692 non

300 709 437 748 solum
451 708 556 748 rude
570 709 851 748 verumetiam
866 712 1066 747 truncum
1082 721 1130 747 ac
1146 709 1359 749 mutilum.
1404 710 1663 759 Rcceperam
1678 709 1722 747 in
1738 721 1903 755 manus,

300 763 374 802 sed
403 776 537 814 quum
565 776 618 801 ne
646 764 899 802 retractanti
928 763 1100 813 quidem
1131 763 1347 809 arrideret,
1379 765 1423 802 in
1451 768 1593 802 totum
1623 763 1786 809 abieci3
1833 776 1902 801 ne-

300 830 518 868 quaquam
544 817 633 856 fore
659 819 877 868 suspicans
904 830 1148 868 quenquam
1174 822 1265 856 tam
1291 817 1515 857 effrontem
1541 819 1615 868 qui
1641 830 1707 856 me
1733 818 1834 856 Viuo
1860 821 1904 856 et

300 872 559 911 reclamante
589 871 765 911 schedas
795 885 911 910 meas
940 872 1172 922 euulgaret.
1232 872 1402 918 Verum,
1435 877 1485 911 vt
1514 872 1651 918 video,
1683 872 1787 910 nihil
1818 872 1902 909 iam

239 943 284 966 20
301 926 436 978 pudet
464 927 769 977 typographos.
829 926 984 965 Postea
1014 939 1143 976 quam
1174 927 1450 977 experiuntur
1480 927 1584 965 nihil
1614 926 1782 965 auidius
1811 926 1904 976 rapi

301 994 430 1032 quam
462 982 766 1032 nugacissimas
797 993 989 1031 quasque
1021 982 1207 1027 naenias,
1241 981 1442 1031 neglectis
1473 982 1643 1019 interim
1676 981 1823 1031 priscis
1854 993 1903 1018 ac

300 1035 491 1086 probatis
511 1035 745 1082 autoribus,
766 1034 968 1086 perfricta
987 1034 1127 1074 fronte
1147 1039 1383 1085 sequuntur
1402 1035 1507 1073 illud
1526 1048 1547 1074 e
1568 1039 1727 1086 satyra,
1751 1034 1760 1050 ‘
1780 1034 1905 1074 Lucri

302 1090 437 1129 bonus
458 1093 524 1128 est
544 1089 648 1128 odor
669 1102 721 1128 ex
741 1102 785 1127 re
808 1089 1008 1136 Qualibet
1028 1089 1051 1128 ⁹.

355 1143 536 1182 Proinde
569 1156 645 1182 nos
678 1144 851 1182 tametsi
885 1144 943 1181 sic
976 1155 1161 1182 essemus
1194 1142 1350 1189 affecti,
1385 1148 1436 1182 vt
1466 1155 1688 1194 nunquam
1721 1142 1904 1181 antehac

240 1216 259 1238 2
265 1215 280 1248 5
300 1211 434 1249 aeque
453 1199 705 1237 senserimus
724 1197 939 1248 quomodo
957 1197 1087 1236 fuerit
1105 1198 1321 1236 animatus
1340 1197 1528 1244 Flaccus,
1550 1210 1683 1248 quum
1703 1197 1905 1236 scriberet

301 1265 471 1291 carmen
490 1252 608 1299 illud,
638 1252 647 1268 ⁶
663 1252 722 1291 Vt
746 1265 833 1291 nox
858 1251 984 1304 longa
1010 1252 1165 1303 quibus
1181 1252 1204 1299 ³,
1232 1256 1471 1291 etc—nam
1492 1252 1684 1304 agnoscis
1709 1251 1872 1302 reliqua
1893 1265 1900 1290 ε

300 1311 446 1346 tamen
478 1307 673 1358 sepositis
705 1307 842 1358 operis
874 1306 1187 1353 sacratioribus,
1221 1319 1331 1357 quae
1362 1311 1413 1346 vt
1444 1307 1578 1358 magis
1609 1306 1762 1345 decent
1793 1306 1904 1345 hanc

300 1366 503 1408 aetatem,
537 1363 600 1401 ita
632 1362 766 1412 magis
799 1362 953 1400 iuuant
984 1361 1097 1400 hunc
1135 1362 1340 1408 animum,
1379 1361 1468 1400 dies
1505 1361 1671 1412 aliquot
1707 1362 1749 1399 in
1788 1373 1899 1399 reco-

301 1415 550 1468 gnoscendis
580 1429 689 1466 quae
718 1416 803 1454 iam
834 1416 1027 1454 exierant
1055 1415 1330 1466 perdidimus,
1361 1416 1501 1454 nescio
1538 1419 1702 1466 quanta
1736 1415 1902 1453 iactura

241 1487 284 1522 30
301 1470 540 1510 studiorum
571 1471 827 1521 grauiorum,
859 1474 972 1508 certe
1002 1470 1190 1509 maximo
1220 1483 1314 1508 meo
1344 1469 1501 1508 taedio.
1562 1469 1686 1517 Quod
1715 1482 1767 1508 ne
1798 1469 1901 1507 mihi

300 1526 468 1577 saepius
486 1525 668 1572 accidat,
686 1525 817 1563 etiam
835 1528 966 1575 atque
984 1525 1114 1563 etiam
1132 1528 1176 1563 te
1193 1537 1308 1575 rogo,
1328 1525 1386 1563 mi
1405 1523 1596 1570 Beralde,
1616 1524 1732 1563 effice
1751 1524 1903 1574 quouis

301 1584 429 1631 pacto
448 1584 498 1618 vt
513 1580 678 1618 iuuenis
694 1580 786 1625 iste,
807 1579 1001 1625 nimium,
1022 1583 1072 1618 vt
1087 1584 1281 1630 apparet,
1299 1592 1449 1617 amans
1468 1579 1563 1625 mei,
1584 1578 1740 1617 librum
1759 1590 1899 1629 quem,

301 1635 365 1673 vti
393 1633 552 1680 scribis,
581 1647 606 1672 a
633 1633 786 1672 callido
813 1633 1033 1672 venditore
1060 1646 1215 1684 magno
1241 1634 1357 1679 emit,
1386 1637 1464 1672 aut
1489 1633 1660 1672 aboleat
1686 1636 1763 1671 aut
1789 1636 1901 1671 certe

301 1688 381 1727 tibi
416 1688 564 1727 tradat
593 1687 648 1726 ad
683 1700 750 1726 me
778 1687 1174 1734 transmittendum,
1211 1700 1296 1738 quo
1332 1687 1436 1726 mihi
1470 1687 1649 1726 liberum
1679 1688 1736 1725 sit
1765 1686 1817 1725 de
1851 1699 1902 1725 eo

243 1761 259 1792 3
267 1760 281 1792 5
302 1747 503 1782 statuere.
555 1742 850 1793 Typographis
872 1742 976 1792 quid
998 1743 1214 1793 imprecer,
1239 1743 1320 1781 nisi
1343 1746 1529 1780 mentem
1560 1741 1775 1780 meliorem
1798 1741 1902 1792 ipsis

302 1797 393 1836 dari
416 1798 429 1835 ἰ
462 1797 685 1836 Caeterum
711 1798 981 1835 iuuentutem
1002 1796 1241 1835 studiorum
1267 1796 1485 1835 cultricem
1510 1796 1645 1835 libens
1671 1795 1901 1834 admonue-

301 1852 380 1890 rim
403 1855 452 1890 vt
473 1852 517 1890 in
538 1851 651 1890 hisce
672 1852 794 1902 nugis
816 1852 1173 1902 quamminimum
1195 1864 1346 1902 operae
1368 1850 1533 1902 perdat.

355 1905 501 1952 Video,
524 1905 837 1956 discruciorque
857 1906 1013 1952 animo,
1034 1905 1192 1944 bellum
1212 1906 1291 1944 hoc
1312 1906 1422 1944 inter
1443 1904 1676 1944 Germanos
1696 1908 1739 1943 et
1760 1903 1903 1943 Gallos

301 1960 435 1998 indies
459 1961 592 2011 magis
617 1973 665 1998 ac
690 1960 823 2010 magis
846 1959 1147 1998 incrudescere.
1203 1959 1375 2007 Quanta
1397 1960 1532 1998 totius
1554 1959 1613 1997 rei
1637 1958 1902 1998 Christianae

239 2032 285 2064 40
303 2014 536 2060 calamitas,
554 2014 661 2052 duos
676 2015 995 2065 potentissimos
1017 2014 1129 2052 orbis
1151 2014 1402 2052 monarchas
1418 2014 1475 2052 sic
1496 2012 1698 2051 feralibus
1719 2012 1902 2050 dissidiis

301 2069 412 2107 inter
432 2081 475 2107 se
496 2068 729 2107 conflictari
747 2070 754 2106 l
793 2068 1069 2107 Tolerabilius
1089 2073 1199 2107 esset
1219 2068 1391 2114 malum,
1415 2068 1449 2106 si
1469 2080 1533 2106 res
1554 2080 1700 2106 eorum
1720 2079 1902 2117 quorum

302 2123 479 2161 interest
515 2122 821 2161 monomachiis
857 2121 1061 2161 finiretur.
1129 2122 1211 2162 Sed
1247 2122 1351 2172 quid
1388 2134 1671 2160 commeruere
1709 2122 1821 2159 ciues
1858 2124 1903 2159 et

303 2177 521 2228 agricolae,
562 2177 635 2226 qui
674 2177 911 2227 spoliantur
947 2176 1143 2223 fortunis,
1183 2178 1412 2227 exiguntur
1449 2176 1631 2222 sedibus,
1671 2175 1903 2214 trahuntur

303 2232 477 2282 captiui,
513 2230 783 2270 trucidantur
817 2243 865 2269 ac
899 2231 1148 2269 laniantur?
1192 2230 1227 2270 O
1260 2231 1416 2269 ferreos
1450 2231 1689 2281 principum
1723 2230 1900 2275 animos,

241 2303 283 2337 45
303 2286 337 2324 si
352 2285 454 2324 haec
470 2284 739 2336 perpendunt
754 2297 802 2323 ac
818 2284 961 2323 ferunt
981 2285 987 2323 !
1022 2298 1046 2324 o
1067 2297 1240 2331 crassos,
1262 2285 1297 2323 si
1311 2297 1397 2323 non
1411 2284 1654 2335 intelligunt
1675 2284 1681 2321 l
1714 2284 1901 2334 supinos,

303 2341 338 2378 si
372 2352 458 2378 non
492 2339 768 2390 expendunt!
833 2339 940 2378 Erat
974 2339 1178 2377 nonnulla
1213 2352 1307 2390 spes
1341 2339 1385 2377 in
1419 2338 1498 2376 hoc
1533 2351 1646 2376 nouo
1681 2336 1900 2384 Pontifice,

303 2395 487 2445 primum
526 2394 735 2444 theologo
777 2393 928 2432 deinde
967 2397 1185 2444 spectatae
1223 2406 1248 2431 a
1286 2393 1431 2443 primis
1470 2393 1591 2430 annis
1628 2392 1902 2442 integritatis.

305 2448 461 2487 Verum
481 2448 597 2487 haud
618 2449 703 2486 scio
723 2461 809 2498 quo
836 2452 965 2499 pacto
992 2447 1042 2487 fit
1069 2451 1118 2487 vt
1138 2446 1395 2486 Pontificum
1422 2448 1632 2485 autoritas
1658 2446 1781 2497 longe
1808 2445 1903 2496 plus

304 2502 446 2541 valeat
461 2502 516 2541 ad
528 2502 803 2541 excitandum
816 2503 927 2541 inter
940 2503 1150 2554 principes
1163 2501 1321 2540 bellum
1335 2514 1464 2552 quam
1478 2500 1534 2540 ad
1548 2499 1903 2551 componendum.

247 2574 289 2608 50
360 2556 442 2596 Sed
465 2557 505 2596 hi
532 2557 746 2595 tumultus
769 2570 856 2595 non
879 2556 1086 2595 dirimunt
1109 2556 1327 2595 Musarum
1351 2555 1535 2602 foedera,
1560 2568 1636 2594 nec
1661 2554 1765 2593 haec
1790 2567 1901 2592 com-

306 2612 460 2650 mercia
494 2611 616 2650 nobis
649 2612 899 2662 intercipere
932 2615 1112 2662 possunt
1146 2610 1352 2649 bellorum
1385 2610 1509 2660 leges.
1572 2609 1669 2648 Non
1703 2609 1904 2647 conuenit

691 2700 742 2732 13.
768 2694 871 2725 amici
887 2692 1029 2735 quidam
1046 2695 1068 2727 β
1085 2705 1092 2725 :
1122 2693 1241 2724 amicis
1258 2691 1466 2734 quibusdam
1484 2704 1515 2723 α.

308 2795 372 2826 but
401 2799 465 2826 not
494 2793 701 2836 necessarily
731 2805 752 2826 a
784 2795 1069 2827 miscalculation.
1144 2797 1229 2837 117).

306 2838 355 2869 At
378 2837 437 2868 the
466 2842 559 2869 most
583 2842 841 2880 twenty-seven
870 2848 970 2880 years
999 2838 1069 2870 had
1186 2847 1240 2870 22.
1265 2837 1401 2880 satyra]
1417 2838 1498 2870 Juv.
1521 2847 1569 2878 14.
1586 2845 1696 2877 2045.

307 2880 446 2921 elapsed
458 2882 550 2912 since
569 2882 745 2914 Erasmus’
763 2882 891 2913 arrival
906 2883 942 2913 in
960 2882 1068 2913 Paris.
1185 2890 1239 2922 25.
1265 2881 1423 2921 Flaccus]
1440 2882 1529 2922 Epp.
1553 2890 1578 2912 1.
1601 2889 1627 2911 1.
1646 2889 1698 2911 20.

352 2924 382 2955 8.
408 2924 548 2955 cuidam
585 2924 713 2964 amieo]
752 2925 888 2957 Robert
926 2925 1070 2964 Fisher3
1188 2934 1241 2964 32.
1265 2926 1403 2957 iuuenis
1431 2923 1514 2963 iste]
1545 2923 1602 2955 No
1633 2922 1746 2954 doubt
1770 2932 1834 2954 one
1866 2923 1902 2954 of

307 2978 362 2999 see
380 2967 445 3008 EP.
463 2968 517 2998 62.
1141 2968 1319 3000 Beraldus’
1337 2967 1453 3009 pupils
1469 2966 1538 2999 had
1562 2966 1696 3006 bought
1716 2977 1735 2997 a
1753 2976 1842 3008 copy
1866 2966 1902 2998 of

356 3019 367 3040 1
378 3019 407 3049 3.
433 3011 535 3042 amici
547 3010 707 3052 quidam]
724 3011 878 3053 Perhaps
889 3011 1072 3052 Adolphus
1140 3012 1201 3044 the
1216 3011 1378 3043 Formula
1393 3021 1432 3041 or
1447 3011 1482 3042 of
1499 3009 1669 3041 Siberch's
1685 3009 1785 3041 issue.

309 3054 343 3086 of
365 3054 470 3087 Veere
487 3053 591 3096 (Epp.
612 3056 706 3095 94‚5)
723 3065 762 3086 or
781 3055 967 3096 Mountjoy
989 3054 1068 3097 (Ep.
1189 3055 1241 3095 38.
1268 3053 1413 3093 bellum]
1429 3053 1479 3086 Cf.
1499 3053 1565 3094 Ep.
1587 3054 1680 3086 1228.
1700 3063 1775 3094 52n.
