2012 3370
247 137 325 175 396
709 132 963 173 LETTERS
994 132 1066 172 OF
1096 131 1360 173 ERASMUS
1721 132 1845 182 [1524

245 257 401 283 arcana
428 243 626 282 effundo!
689 242 812 281 Hanc
840 242 1062 281 audaciam
1091 242 1194 281 mihi
1220 246 1295 282 tua
1323 242 1436 293 parit
1462 241 1735 280 humanitas:
1780 241 1847 280 cui

247 298 427 338 multam
448 312 496 336 ac
518 297 729 336 diutinam
743 296 1019 336 foelicitatem
1041 301 1156 347 opto.
1206 298 1249 337 si
1269 298 1336 336 hic
1357 296 1603 336 tabellarius
1623 295 1848 334 obtulisset

184 367 224 400 45
246 365 289 391 se
310 357 408 404 post
428 352 632 398 triduum,
656 351 862 390 misissem
883 355 1026 390 totum
1047 363 1153 402 opus
1173 365 1183 398 ;
1220 364 1321 391 nam
1342 355 1557 390 extremae
1572 350 1725 402 pagine
1746 353 1847 389 sunt

245 407 289 445 in
332 406 528 445 manibus
570 406 841 457 typographi.
914 405 1036 445 Intra
1077 418 1234 457 paucos
1277 406 1365 445 dies
1408 406 1594 451 mittam,
1637 403 1848 455 simulque

246 461 428 500 scribam
449 473 587 511 pauca
608 460 706 499 huic
729 459 939 499 Pontifici.
991 460 1106 499 Bene
1128 460 1271 500 valeat
1293 465 1369 499 tua
1391 458 1740 498 reuerendissima
1763 457 1815 497 D.
1839 471 1847 497 ε

246 516 313 554 cui
334 515 514 554 libenter
535 527 630 553 sum
651 514 995 566 obligatissimus.

299 569 491 608 Basileae
513 569 718 620 postridie
740 569 1115 621 quinquagesimae
1138 569 1263 608 Anno
1286 580 1333 608 M.
1349 580 1391 608 D.
1407 579 1557 607 ΧΧΠΠ.

187 640 226 671 50
299 623 491 670 Interim,
518 624 554 663 si
577 624 760 670 videtur,
787 624 834 662 T.
862 624 914 663 R..
942 624 994 663 D.
1021 625 1180 675 poterit
1204 624 1313 663 hanc
1338 623 1620 674 prefationem
1645 621 1848 673 scriptam

244 678 415 717 mittere
450 682 494 717 et
528 679 780 718 Sanctitatis
814 678 925 717 illius
960 679 1003 717 in
1039 691 1107 718 me
1140 678 1331 717 fauorem
1368 690 1444 716 sua
1479 676 1849 716 commendatione

245 732 367 772 alere.

1035 788 1238 827 Erasmus
1255 800 1352 826 vere
1370 791 1471 826 tuus
1489 786 1629 825 cliens.

299 865 669 905 Reuerendissimo
698 865 742 905 in
770 865 938 905 Christo
967 865 1081 916 patri
1110 878 1158 904 ac
1188 864 1360 904 domino
1389 863 1442 903 D.
1474 863 1628 910 Ennio,
1649 862 1848 914 episcopo

185 929 222 962 55
245 919 456 959 Verulano
480 933 528 959 ac
551 920 706 959 nuncio
730 920 964 971 apostolico
988 919 1245 972 dignissimo.
1299 918 1588 958 Constantiae.

597 1055 717 1092 1417.
781 1051 848 1092 To
880 1050 1161 1092 VVILLIBALD
1195 1051 1558 1092 PIRCKHEIMER.

291 1135 552 1170 l'irckhcimeri
571 1135 692 1181 Opera
710 1147 745 1180 p.
765 1136 845 1179 276.
1561 1135 1680 1170 Basle.

291 1194 350 1229 02.
371 1206 406 1238 p.
430 1204 493 1238 174
511 1207 517 1226 :
552 1193 668 1228 Lond.
689 1205 776 1228 xxx.
797 1204 839 1238 32
858 1208 865 1227 :
899 1194 974 1229 LB.
990 1195 1074 1238 669.
1448 1194 1470 1227 8
1490 1192 1679 1238 February
1701 1201 1800 1237 1524.

332 1269 491 1311 [Shortly
507 1269 600 1302 after
617 1269 681 1311 Ep.
707 1272 802 1310 1408,
823 1280 929 1311 many
948 1269 984 1302 of
1002 1270 1063 1302 the
1082 1270 1194 1312 topics
1213 1268 1249 1301 of
1267 1269 1379 1302 which
1397 1280 1456 1302 are
1474 1268 1554 1301 here
1572 1268 1760 1308 resumed.]

298 1342 339 1381 ὅ.
395 1341 610 1380 Prioribus
635 1341 788 1380 litteris
813 1341 900 1380 tuis
925 1342 1011 1380 iam
1035 1341 1248 1392 respondi,
1275 1341 1431 1392 quibus
1456 1340 1691 1379 nunciabas
1717 1339 1849 1378 Leum

242 1396 390 1435 adesse
417 1409 466 1435 ac
494 1396 546 1434 de
574 1395 726 1434 Dureri
752 1395 911 1434 tabulis
939 1408 1160 1435 censuram
1188 1396 1331 1447 egisse.
1388 1395 1457 1434 An
1483 1408 1598 1433 meas
1626 1394 1849 1445 acceperis,

244 1463 330 1489 non
356 1451 460 1489 satis
487 1450 607 1501 quiui
632 1464 685 1489 ex
713 1451 801 1489 tuis
825 1450 980 1489 litteris
1004 1450 1250 1501 intelligere.
1320 1449 1384 1488 De
1412 1449 1539 1488 rebus
1564 1454 1635 1489 τῶν
1665 1451 1850 1501 ἀρχόντων

244 1505 351 1543 scito
369 1508 414 1544 te
433 1505 535 1543 mihi
554 1505 727 1556 quidem
746 1508 844 1544 tuto
863 1505 1055 1552 scribere,
1076 1505 1111 1542 si
1130 1504 1257 1543 modo
1276 1508 1374 1543 tuto
1394 1503 1651 1542 commiseris
1668 1503 1848 1549 litteras,

207 1569 221 1601 5
245 1559 360 1611 quod
400 1559 581 1598 antehac
625 1559 730 1598 bene
771 1560 984 1598 successit.
1057 1559 1180 1606 Quod
1221 1558 1412 1598 Clemens
1452 1559 1658 1610 septimus
1699 1557 1849 1596 foedus

244 1613 448 1652 aduersus
474 1613 616 1653 Gallos
640 1614 876 1660 renunciat,
903 1626 989 1652 non
1015 1613 1118 1652 satis
1143 1613 1333 1652 intellexi
1354 1626 1362 1659 ;
1404 1625 1505 1651 nam
1528 1612 1753 1652 renunciat
1778 1611 1850 1663 qui

244 1668 433 1714 nunciat,
476 1672 519 1706 et
558 1668 782 1706 renunciat
822 1668 895 1719 qui
936 1668 1150 1706 rescindit.
1220 1667 1337 1706 Nihil
1377 1668 1516 1706 minus
1557 1667 1680 1706 decet
1719 1679 1849 1718 quam

243 1722 507 1769 Pontificem,
537 1722 611 1773 qui
636 1726 758 1772 pater
785 1726 850 1761 est
876 1722 1080 1769 omnium,
1109 1735 1206 1760 cum
1232 1721 1311 1760 hoc
1339 1725 1416 1760 aut
1440 1721 1512 1760 illo
1538 1721 1661 1760 ferire
1686 1719 1850 1766 foedus,

244 1777 317 1815 sed
336 1789 518 1828 aequam
538 1776 734 1816 omnibus
754 1776 983 1828 oportebat
1000 1777 1111 1815 inter
1131 1789 1276 1815 omnes
1296 1788 1547 1826 componere
1567 1775 1849 1815 concordiam.

186 1841 224 1864 10
244 1830 301 1869 Et
320 1831 399 1870 hoc
420 1831 616 1871 omnibus
636 1831 759 1870 bonis
777 1831 878 1870 Viris
897 1831 1137 1882 optandum
1156 1834 1233 1870 est.
1282 1830 1341 1869 Et
1360 1830 1471 1870 Galli
1489 1829 1718 1870 Christiani
1735 1833 1850 1868 sunt.

244 1885 417 1937 Imperii
448 1885 578 1925 titulo
610 1886 750 1924 minus
782 1885 920 1931 faueo,
955 1886 1071 1936 quod
1104 1885 1273 1924 videam
1307 1898 1396 1924 esse
1427 1897 1654 1936 perennem
1685 1883 1849 1923 fontem

244 1939 463 1979 bellorum.
517 1940 600 1980 Sed
621 1941 706 1979 isba
727 1943 818 1980 θεῶν
840 1945 876 1980 ἐν
895 1943 1054 1994 γούνασι
1075 1945 1200 1980 κεῖται.

297 1995 573 2034 Verissimum
601 1999 667 2034 est
694 1995 811 2046 quod
841 1995 1000 2041 scribis,
1030 1994 1268 2034 Lutherum
1295 1994 1500 2045 plurimos
1528 1993 1734 2039 euehere;
1779 1991 1850 2031 ille

243 2052 360 2088 creat
384 2049 621 2095 canonicos,
648 2050 880 2100 episcopos,
908 2049 1155 2096 cardinales,
1182 2052 1313 2100 atque
1337 2049 1469 2088 etiam
1493 2047 1607 2087 ditat
1630 2047 1848 2099 plurimos,

186 2113 221 2146 15
244 2102 377 2142 velint
405 2103 556 2142 nolint.
614 2103 697 2143 Sed
724 2117 893 2143 rursum
921 2103 1079 2143 multos
1108 2103 1252 2142 deiicit
1280 2116 1330 2142 ac
1357 2102 1541 2154 spoliat;
1587 2115 1770 2153 quorum
1797 2101 1851 2140 de

243 2170 418 2196 numero
454 2170 548 2196 sum
583 2171 672 2209 ego,
710 2158 778 2196 cui
812 2171 886 2209 per
921 2158 1206 2209 Margaretam
1242 2171 1290 2196 ac
1325 2157 1547 2197 Caesarem
1581 2156 1850 2208 promittitur

244 2211 389 2261 pensio
429 2211 667 2258 consiliarii,
709 2212 783 2251 sed
821 2213 866 2251 in
904 2213 1090 2263 patriam
1129 2225 1311 2251 reuerso.
1380 2211 1538 2251 Verum
1576 2211 1661 2250 illic
1698 2213 1849 2262 regnat

244 2265 565 2312 Edmondanus,
594 2266 722 2305 homo
748 2265 944 2313 furiosus,
974 2270 1166 2305 armatus
1192 2266 1347 2318 gladio,
1376 2267 1451 2317 qui
1477 2279 1545 2305 me
1572 2265 1703 2316 duplo
1730 2264 1849 2316 peius

244 2320 336 2359 odit
379 2333 510 2372 quam
554 2320 803 2359 Lutherum.
878 2321 1024 2360 Habet
1068 2320 1271 2371 collegam
1316 2320 1590 2359 Franciscum
1627 2319 1848 2365 Hulstum,

181 2386 224 2408 20
244 2375 398 2414 mirum
428 2375 594 2413 hostem
624 2375 835 2414 bonarum
862 2374 1116 2414 litterarum.
1176 2374 1366 2413 Primum
1396 2374 1629 2413 conjiciunt
1656 2373 1849 2412 homines

241 2429 286 2468 in
315 2442 538 2476 carcerem,
566 2442 615 2468 ac
641 2433 740 2481 post
765 2433 979 2481 quaerunt
1004 2442 1114 2480 quae
1139 2429 1357 2468 obiiciant.
1413 2428 1505 2467 Ista
1525 2428 1678 2468 Caesar
1697 2428 1845 2474 nescit,

243 2495 353 2535 quae
365 2487 512 2523 tamen
524 2497 675 2535 operae
691 2484 879 2535 precium
898 2488 1009 2523 esset
1024 2483 1145 2522 illum
1164 2483 1280 2522 scire.
1328 2482 1507 2522 Interim
1521 2482 1625 2521 mihi
1637 2481 1848 2521 debentur

242 2537 464 2631 quingenti
499 2537 646 2577 floreni
681 2539 810 2578 aurei.
875 2538 1144 2578 Periclitatur
1180 2541 1224 2576 et
1259 2536 1393 2576 altera
1429 2537 1575 2588 pensio
1610 2536 1848 2588 resignatae

243 2605 345 2643 prae
377 2592 523 2632 endae.

290 2663 384 2695 1417.
415 2672 440 2694 1.
466 2662 498 2695 S.
522 2662 572 2695 P:
607 2671 771 2695 ERASMVS
793 2672 991 2696 BHJBALDO
1012 2672 1079 2696 svo
1100 2672 1128 2695 s.
1142 2670 1175 2696 P.
1198 2661 1248 2694 0².
1386 2671 1415 2702 3.
1442 2662 1541 2703 quiui
1560 2685 1568 2694 .
1591 2686 1599 2694 .
1622 2685 1629 2693 .
1652 2660 1846 2703 intelligere

243 2705 366 2738 PLB:
402 2706 519 2748 quiuit
539 2730 547 2738 .
572 2731 580 2738 .
605 2731 613 2738 .
637 2706 787 2748 intelligi
809 2706 859 2739 0².
992 2716 1023 2746 9.
1050 2706 1113 2738 0²:
1149 2715 1301 2748 aequum
1322 2705 1362 2738 P.
1482 2715 1530 2738 11.
1556 2705 1696 2738 videam
1717 2704 1843 2737 PLB:

243 2749 344 2781 video
369 2749 419 2782 0³.
560 2759 610 2789 14
634 2750 730 2782 ditat
753 2749 817 2783 0²:
855 2750 958 2783 docet
981 2750 1022 2783 P.
1164 2752 1212 2782 18.
1239 2749 1489 2793 Egmondanus
1514 2748 1564 2782 02.

288 2854 383 2885 1416.
405 2863 458 2893 47.
483 2854 634 2886 scribam
647 2855 775 2896 pauca]
788 2854 853 2905 Ep.
873 2856 966 2895 1418.
1126 2864 1173 2893 14.
1201 2854 1307 2895 ditat]
1327 2852 1377 2886 Cf.
1397 2853 1461 2902 Ep.
1485 2861 1577 2892 1352.
1601 2862 1672 2891 114.

289 2896 382 2928 1417.
411 2906 438 2937 5.
465 2897 637 2938 Clemens]
676 2898 743 2930 For
770 2898 823 2930 his
854 2898 1006 2931 resolute
1121 2906 1173 2938 23.
1199 2897 1310 2928 altera
1329 2896 1465 2938 penem]
1485 2895 1539 2928 On
1558 2895 1611 2927 his
1630 2894 1785 2936 prebend
1804 2898 1844 2927 at

240 2942 412 2990 attempts
435 2944 475 2972 at
497 2941 568 2973 this
592 2942 678 2974 time
701 2945 740 2974 to
764 2942 937 2974 maintain
960 2952 1007 2973 an
1075 2940 1248 2990 Courtray
1270 2940 1350 2990 (Ep.
1372 2940 1449 2980 436.
1475 2940 1544 2988 ⁵.¹¹.)·
1590 2938 1658 2970 For
1679 2938 1732 2971 his
1754 2938 1841 2971 diffi-

241 2982 1006 3069 23332535313533335335&saffram
1074 2981 1840 3068 ἓξὲὓὲῗξὲᾞζέῗᾞζζῗὲῒὲἓῗῗὲἓ-ῗοω
