2012 3370
241 156 318 194 340
714 152 967 191 LETTERS
999 152 1071 190 OF
1101 151 1364 191 ERASMUs
1715 150 1839 199 [1523

240 275 500 314 cognoscere.
570 262 650 300 Sed
692 261 919 311 oportebat
961 261 1024 298 vel
1067 262 1179 298 vitae
1218 262 1381 299 iactura
1422 259 1565 310 populi
1607 259 1836 298 stulticiam

240 330 477 368 coarguere.
532 316 720 355 Tantum
745 314 907 354 roboris
933 328 1009 354 nec
1034 316 1136 366 ipsis
1162 314 1312 354 aderat
1335 314 1565 366 Apostolis,
1592 315 1836 364 priusquam

182 384 219 423 85
245 373 476 411 hauserant
489 371 711 410 coelestem
723 370 935 421 spiritum,
948 368 1231 420 vtimpudens
1244 368 1389 408 sithoc
1403 369 1568 419 exigere
1582 380 1608 406 a
1620 367 1677 406 M.
1687 367 1837 406 Tullio.

295 427 451 465 Verum
479 426 558 464 hac
584 424 637 463 de
662 438 706 463 re
731 424 911 463 liberum
938 428 1029 462 esto
1055 437 1179 462 suum
1207 425 1358 474 cuique
1383 423 1601 462 iudicium.
1656 420 1724 460 Ad
1749 421 1841 461 illos

242 493 402 519 crassos
427 479 566 526 redeo,
594 480 667 530 qui
694 482 861 529 praeter
886 479 1056 517 inanem
1083 478 1310 517 verborum
1336 478 1543 516 tinnitum
1569 475 1675 516 nihil
1700 476 1842 526 magni

239 535 420 574 crodunt
441 547 529 573 esse
550 535 595 573 in
615 533 733 572 libris
754 533 976 572 Ciceronis.
1029 532 1109 580 Qui
1131 532 1219 571 ficri
1242 536 1386 583 potest
1407 536 1457 570 vt
1477 535 1546 569 tot
1566 543 1632 569 res
1654 530 1843 569 eruditas

241 594 331 628 tam
355 589 551 635 dilucido,
575 592 667 627 tam
691 589 872 639 copiose,
896 590 1022 626 tanto
1046 600 1142 625 cum
1167 586 1324 625 affectu
1348 586 1544 637 explicet,
1569 585 1649 623 nisi
1672 585 1844 635 penitus

181 661 225 692 90
241 643 452 695 intelligat
479 643 594 694 quod
622 643 804 681 scribit?
864 642 965 690 Quis
993 646 1137 680 autem
1166 642 1348 692 sumpsit
1375 639 1618 679 huiusmodi
1644 639 1773 677 libros
1800 640 1844 677 in

243 711 417 737 manum
432 699 535 749 quin
550 698 778 736 surrexerit
792 698 934 735 animo
948 696 1157 735 seda-tiore
1179 700 1194 733 ἶ)
1240 695 1342 743 Quis
1357 700 1447 734 tam
1463 695 1640 733 accessit
1653 706 1844 732 moerens

243 754 316 804 qui
340 765 426 791 non
450 752 602 791 abierit
626 751 796 790 hilarior
817 754 832 789 ⁴?
887 751 983 790 Geri
1008 751 1179 789 videtur
1202 750 1318 800 quod
1342 749 1456 800 legis,
1483 762 1558 787 nec
1583 761 1702 787 secus
1726 748 1845 786 afilat

244 809 432 846 animum
471 811 595 846 tuum
633 806 809 857 quidam
847 806 1051 844 orationis
1090 806 1375 854 e'l'(⁴l‹›:'‹5·1‹1‹rj¹.ci?,
1415 816 1545 854 quam
1583 804 1617 841 si
1654 815 1706 841 ex
1744 803 1844 841 vius»

244 863 376 913 ipsius
390 866 560 913 pectore
577 874 625 900 ac
641 861 881 899 felicissimo
896 860 967 898 illo
984 873 1053 898 orc
1070 863 1316 897 manantem
1335 858 1514 898 audires.
1560 856 1844 905 Quamobrem

183 935 223 967 95
246 916 348 956 mihi
371 929 495 968 saepe
518 916 651 955 videri
675 915 794 961 solet,
818 916 929 953 inter
952 915 1094 952 omnia
1117 926 1225 964 quae
1248 914 1292 951 in
1314 925 1438 951 vsum
1462 914 1577 951 vitae
1600 910 1844 951 mortalium

245 971 455 1010 industria
475 972 642 1022 reperit,
667 969 771 1008 nihil
791 982 880 1007 esse
901 968 1047 1007 vtilius
1068 981 1198 1019 quam
1220 981 1343 1006 vsum
1364 968 1595 1013 literarum,
1618 979 1695 1005 nec
1716 965 1845 1004 vllam

245 1030 381 1065 artem
406 1026 759 1077 praestantiorem
786 1023 952 1074 opificio
977 1022 1356 1074 typographorum.
1412 1021 1523 1068 Quid
1548 1021 1660 1060 enim
1685 1019 1846 1059 felicius

246 1093 375 1131 quam
389 1093 485 1118 cum
499 1079 854 1130 eloquentissimis
867 1077 992 1116 simul
1007 1090 1055 1115 ac
1066 1077 1342 1115 sanctissimis
1355 1077 1468 1121 viris,
1480 1076 1649 1126 quoties
1661 1074 1845 1114 lubitum

246 1138 324 1181 est,
345 1133 608 1173 confabulari
625 1135 641 1171 ‘?
677 1145 815 1183 neque
833 1133 974 1170 minus
992 1131 1147 1170 habere
1165 1134 1435 1182 perspectum
1453 1130 1634 1176 illorum,
1655 1131 1728 1181 qui
1747 1133 1847 1168 ante

167 1205 230 1228 100
246 1192 314 1228 tot
347 1201 480 1227 annos
513 1189 727 1234 vixerunt,
761 1187 991 1238 ingenium,
1026 1198 1177 1232 mores,
1213 1186 1505 1236 cogitationes,
1540 1184 1696 1231 studia,
1732 1183 1848 1223 facta

246 1256 376 1294 quam
397 1244 431 1282 si
451 1242 598 1281 multis
618 1243 740 1281 annis
759 1243 912 1293 egisses
933 1253 1029 1280 cum
1049 1240 1131 1279 illis
1151 1239 1501 1279 consuetudinem
1523 1241 1538 1277 ’ἲ

300 1297 533 1348 Nunquam
554 1296 658 1336 mihi
678 1297 813 1347 magis
832 1295 1063 1347 probatum
1083 1299 1149 1334 est
1168 1294 1273 1334 illud
1295 1293 1559 1342 Quintiliani,
1582 1293 1657 1332 Ille
1678 1293 1786 1332 sciat
1805 1306 1848 1332 se

248 1351 484 1403 profecisse,
519 1353 586 1390 cui
619 1351 762 1391 Cicero
795 1350 920 1389 valde
952 1350 1117 1401 placere
1150 1349 1348 1400 coeperit.
1409 1347 1513 1387 Mihi
1546 1360 1677 1399 puero
1709 1348 1848 1386 minus

247 1406 463 1445 arridebat
487 1406 630 1446 Cicero
654 1418 784 1457 quam
809 1404 968 1445 Seneca
987 1418 995 1450 ;
1036 1405 1207 1455 iamque
1230 1407 1360 1442 natus
1383 1415 1498 1442 eram
1523 1415 1657 1441 annos
1681 1402 1846 1453 viginti,

172 1476 226 1509 ¹05
248 1462 496 1513 priusquam
515 1460 667 1499 ferrem
687 1460 900 1498 diutinam
919 1460 1008 1498 eius
1027 1458 1265 1505 lectionem,
1287 1470 1384 1496 cum
1404 1458 1558 1496 caeteri
1577 1469 1685 1508 pene
1704 1469 1849 1495 omnes

248 1515 476 1567 placerent.
524 1515 592 1554 An
610 1515 765 1553 aetatis
783 1526 1005 1565 progressu
1024 1512 1273 1564 profecerim
1292 1513 1432 1551 nescio
1453 1525 1459 1551 :
1497 1515 1609 1550 certe
1627 1523 1846 1562 nunquam

249 1570 352 1609 mihi
376 1571 510 1621 magis
532 1569 695 1621 placuit
717 1568 873 1615 Cicero,
898 1572 993 1607 tum
1017 1580 1151 1619 quum
1174 1567 1419 1606 adamarem
1442 1566 1514 1605 illa
1537 1565 1694 1612 studia,
1719 1578 1848 1616 quam

249 1638 361 1664 nunc
390 1625 552 1676 placuit
589 1625 677 1663 seni
695 1638 702 1671 ;
740 1636 827 1662 non
862 1627 1036 1662 tantum
1074 1622 1128 1661 ob
1161 1621 1352 1660 diuinam
1391 1620 1608 1672 quandam
1646 1620 1850 1659 orationis

248 1679 511 1726 felicitatem,
528 1692 676 1717 verum
690 1679 821 1717 etiam
836 1677 890 1716 ob
905 1677 1088 1728 pectoris
1101 1676 1257 1715 eruditi
1271 1676 1610 1715 sanctimoniam.
1654 1673 1850 1713 Profecto

173 1749 234 1771 110
252 1747 393 1773 meum
412 1733 576 1772 afflauit
595 1734 798 1779 animum,
819 1744 971 1782 meque
989 1731 1093 1770 mihi
1110 1730 1297 1769 reddidit
1315 1730 1544 1768 meliorem.
1592 1729 1747 1780 Itaque
1765 1741 1850 1767 non

250 1787 444 1827 dubitem
476 1788 637 1827 hortari
667 1788 951 1833 iuuentutem,
984 1790 1035 1824 vt
1064 1786 1109 1824 in
1140 1785 1265 1824 huius
1296 1784 1413 1823 libris
1444 1783 1690 1823 euoluendis
1721 1787 1852 1834 atque

251 1844 381 1882 ctiam
411 1842 645 1882 ediscendis
674 1842 807 1881 bonas
832 1841 958 1880 horas
987 1839 1206 1886 collocent,
1228 1840 1372 1891 potius
1393 1851 1524 1890 quam
1552 1839 1597 1877 in
1624 1839 1775 1876 rixosis
1803 1850 1851 1876 ac

251 1896 515 1949 pugnacibus
536 1896 700 1943 libellis,
725 1895 880 1947 quibus
902 1908 1015 1934 nunc
1038 1894 1226 1945 Vndique
1249 1898 1417 1933 scatent
1439 1893 1594 1932 omnia.
1646 1892 1714 1931 Me
1736 1905 1850 1938 vero,

251 1953 425 1991 tametsi
451 1952 537 1990 iam
564 1955 765 2002 vergente
792 1953 948 1997 aetate,
977 1962 1054 1988 nec
1081 1948 1262 2000 pudebit
1287 1961 1364 1987 nec
1391 1947 1565 1999 pigebit,
1595 1946 1853 1997 simulatque

175 2020 231 2053 115
252 2007 462 2046 extricaro
481 2019 548 2045 me
568 2005 623 2045 ab
643 2006 708 2044 his
727 2017 837 2056 quae
857 2008 957 2043 sunt
975 2005 1020 2043 in
1039 2003 1250 2050 manibus,
1272 2015 1369 2042 cum
1388 2014 1482 2041 meo
1502 2001 1700 2041 Cicerone
1718 2001 1853 2039 redire

251 2062 296 2100 in
337 2061 533 2112 gratiam,
577 2060 887 2112 pristinamque
928 2058 1279 2104 familiaritatem,
1322 2058 1502 2095 nimium
1544 2055 1690 2095 multis
1732 2056 1854 2094 annis

252 2116 552 2161 intermissam,
571 2127 777 2153 renouare
794 2126 959 2152 menses
978 2113 1155 2164 aliquot.

308 2169 456 2208 Visum
480 2172 545 2208 est
567 2172 712 2207 autem
735 2168 828 2215 hoc,
852 2168 1056 2219 quicquid
1079 2171 1144 2206 est
1167 2179 1331 2218 operae,
1356 2165 1436 2204 tibi
1458 2165 1612 2211 dicare,
1636 2163 1782 2203 multis
1805 2177 1854 2202 ac

254 2225 418 2275 magnis
434 2223 607 2263 dotibus
623 2223 890 2262 ornatissime
905 2222 1119 2268 Vlattene‚
1137 2222 1226 2260 siue
1241 2225 1292 2260 vt
1306 2220 1386 2259 hoc
1402 2223 1654 2271 argumento
1669 2218 1853 2257 declara-

177 2291 239 2314 120
254 2291 356 2323 rem,
378 2278 482 2317 mihi
500 2277 691 2316 nondum
710 2276 916 2316 excidisse
933 2277 1230 2315 suauissimam
1248 2274 1364 2314 illam
1384 2273 1748 2320 consuetudinem,
1769 2285 1856 2324 qua

255 2333 359 2372 mihi
390 2333 576 2384 primum
608 2331 804 2383 Friburgi
835 2330 1058 2382 singularis
1089 2330 1336 2368 humanitas
1367 2333 1445 2368 tua
1476 2340 1657 2379 raraque
1689 2339 1854 2366 morum

255 2387 489 2427 dexteritas
511 2387 682 2438 cognita
703 2389 1010 2437 perspectaque
1032 2388 1098 2423 est
1117 2397 1125 2423 :
1165 2385 1254 2423 siue
1276 2387 1326 2422 vt
1348 2383 1525 2422 haberes
1546 2382 1624 2421 hos
1645 2381 1857 2422 Ciceronis

253 2442 385 2482 libros
416 2441 739 2488 emendatiores,
773 2453 880 2491 quos
910 2439 1122 2478 literariae
1153 2438 1258 2489 pubi
1289 2437 1455 2476 iuberes
1486 2436 1682 2488 praelegi.
1743 2435 1854 2474 Nam

256 2495 424 2536 scholae
437 2509 608 2547 quoque
620 2508 765 2534 curam
777 2495 1047 2546 potissimum
1061 2492 1116 2532 ad
1128 2496 1172 2532 te
1186 2493 1396 2544 pertinere
1405 2491 1588 2530 dicebas.
1632 2489 1855 2529 Caeterum

180 2563 236 2595 125
256 2551 382 2591 isthic
409 2564 499 2590 esse
526 2563 727 2589 ranarum
757 2549 931 2588 chorum
960 2561 1069 2600 quae
1098 2547 1221 2586 bonis
1248 2546 1500 2597 obstrepant
1526 2545 1671 2591 literis,
1701 2545 1855 2583 mirum

301 2680 354 2718 85.
381 2688 402 2708 a
425 2677 470 2709 M.
497 2690 538 2709 a:
576 2676 622 2709 ab
637 2676 779 2708 ethnico
803 2678 836 2710 Β.
955 2676 1052 2715 86-7.
1080 2682 1213 2705 crassos
1227 2671 1305 2704 illos
1322 2674 1355 2706 Β.
1491 2671 1542 2702 88.
1568 2680 1641 2702 esse
1657 2668 1805 2701 credunt
1821 2671 1855 2704 β.

258 2731 310 2761 90.
337 2720 433 2762 quod
454 2733 497 2753 a:
533 2731 624 2762 quae
647 2722 680 2755 β.
837 2727 888 2760 91.
916 2727 1060 2749 manum
1084 2729 1125 2749 a:
1149 2725 1274 2748 manus
1297 2718 1331 2750 β.
1472 2723 1525 2756 93.
1550 2713 1808 2746 enthusiasmos
1822 2715 1855 2746 Β.

258 2765 311 2805 96.
336 2765 491 2806 repperit
506 2767 540 2799 β.
627 2766 683 2805 98.
707 2773 747 2795 ac
762 2775 803 2795 a:
831 2766 867 2794 et
882 2765 914 2796 β.
1011 2769 1081 2800 103.
1106 2760 1248 2801 (fateor)
1260 2763 1336 2800 post
1350 2768 1458 2800 puero
1474 2758 1548 2791 add.
1567 2760 1600 2792 Β.
1674 2766 1746 2790 120.
1771 2766 1855 2788 non-

259 2807 344 2839 dum
358 2808 445 2840 mihi
461 2810 494 2843 Β.

309 3011 379 3036 102.
406 2999 630 3040 Quintiliani]
645 3000 731 3032 Just.
752 3007 801 3030 10.
823 3007 849 3029 1.
872 3007 942 3029 112.
1093 2995 1264 3027 influence
1277 2994 1312 3026 of
1323 2994 1461 3025 Jerome
1477 3004 1484 3024 :
1510 2990 1553 3022 of.
1568 2990 1633 3032 Ep.
1648 3000 1720 3032 325.
1733 2992 1856 3032 69-70.

310 3054 381 3086 103.
407 3044 495 3076 Mihi
515 3041 638 3085 puero]
661 3042 816 3084 Perhaps
832 3041 943 3074 under
967 3041 1027 3073 the
1143 3048 1213 3072 121.
1240 3036 1415 3078 Friburgi]
1431 3035 1492 3068 See
1507 3045 1542 3077 p.
1561 3035 1638 3068 262.
