2012 3370
116 145 237 192 1323]
685 140 757 179 ΤΟ
789 139 1133 178 FERDINAND
1633 136 1706 174 143

110 254 230 292 simo.
282 254 368 293 Nec
392 254 469 292 hoc
491 253 535 291 in
557 251 671 290 aliud
695 255 794 301 peto
816 250 895 288 nisi
918 253 967 287 vt
990 253 1131 288 vestro
1154 248 1362 300 praesidio
1386 247 1521 286 bonae
1543 247 1710 286 litterae

109 307 412 359 doctrinaeque
434 305 713 357 Euangelicae
737 305 855 356 Vigor
876 304 1010 343 indies
1033 304 1165 355 magis
1188 316 1236 342 ac
1259 303 1392 354 magis
1415 301 1573 353 polleat
1595 302 1708 353 apud

109 361 337 401 Christiani
370 361 551 400 nominis
584 359 852 410 professores.
915 358 1013 397 Non
1046 359 1158 397 enim
1192 357 1334 396 ambio
1368 356 1599 407 dignitates
1634 360 1711 394 aut

108 416 274 462 salaria,
304 429 398 454 mea
424 415 623 453 nimirum
650 413 892 452 humilitate
920 425 1098 463 meaque
1126 412 1338 451 tenuitate
1366 414 1606 456 contentus,
1635 410 1708 449 sed

108 469 263 509 Christi
281 470 456 521 gloriam
475 469 571 507 sitio
593 481 601 506 z
637 468 704 506 cui
722 471 799 506 tua
817 467 1033 513 serenitas,
1054 471 1104 505 vt
1121 479 1207 504 non
1226 466 1365 504 minus
1382 464 1515 511 fauet,
1535 464 1598 503 ita
1615 464 1710 515 plus

108 528 252 574 potest
282 523 492 575 prodesse.
553 522 643 573 Ego
676 525 788 560 certe
819 533 894 571 pro
927 533 1021 559 mea
1052 520 1163 558 virili
1194 520 1400 558 hactenus
1431 519 1596 570 integra
1627 517 1710 557 fide

107 591 368 629 synceraque
390 577 647 616 conscientia
669 588 762 614 sum
786 575 959 613 adnisus
981 579 1031 613 vt
1053 573 1308 625 prodessem.

165 631 458 683 Superioribus
505 630 719 669 mensibus
767 629 1051 680 Paraphrasin
1098 630 1142 667 in
1190 627 1471 673 Matthaeum‚
1521 626 1706 677 impulsu

110 686 318 725 Matthaei
352 685 474 725 Card.
510 684 718 724 Sedunefi.
755 687 1009 734 susceptam,
1045 683 1324 721 inuictissimo
1358 681 1524 720 Caesari
1559 681 1706 720 Carolo

110 739 232 779 fratri
257 744 334 779 tuo
360 740 617 790 nuncupaui.
674 738 800 790 Isque
826 737 979 776 litteris
1004 750 1081 787 pro
1107 749 1183 775 sua
1210 735 1535 774 mansuetudine
1560 735 1706 774 huma-

111 795 281 833 nissime
328 794 383 833 ad
431 807 498 832 me
546 794 712 843 scriptis
759 795 944 831 testatus
991 795 1057 830 est
1098 791 1177 829 hoc
1217 789 1407 829 studium
1447 802 1587 828 meum
1627 789 1706 828 sibi

109 849 395 899 gratissimum
416 847 557 887 fuisse.
610 847 733 886 Nunc
752 848 797 885 in
816 846 1012 884 manibus
1031 848 1096 884 est
1120 844 1394 896 Paraphrasis
1418 844 1462 882 in
1486 843 1705 891 Ioannem,

108 915 239 953 quam
263 915 359 941 cum
384 902 616 941 multorum
640 901 815 940 hortatu
841 913 935 939 sum
957 912 1188 951 aggressus,
1214 903 1308 938 tum
1332 899 1557 949 praecipue
1581 898 1702 938 Card.

110 956 346 1008 Mogontim‘
388 960 432 996 et
475 956 678 1007 praesulis
716 956 859 994 eximii
897 954 1069 993 Ioannis
1111 954 1296 1005 episcopi
1335 951 1548 992 Roffensis
1590 952 1706 1003 apud

108 1011 278 1062 Anglos,
318 1011 398 1050 viri
436 1011 716 1049 sanctimonia
754 1010 1032 1059 doctrinaque
1068 1007 1418 1059 incomparabili:
1473 1006 1589 1058 quod
1626 1007 1706 1046 hoc

110 1065 389 1115 Euangelium
420 1065 515 1116 plus
546 1065 704 1103 habeat
736 1064 1008 1103 obscuritatis
1040 1075 1170 1113 quam
1202 1066 1382 1108 caetera,
1416 1074 1501 1100 non
1533 1065 1705 1100 tantum

109 1119 163 1158 ob
188 1119 495 1158 sublimitatem
518 1132 657 1158 rerum
682 1118 923 1157 diuinarum
947 1117 999 1156 de
1024 1117 1178 1168 quibus
1202 1120 1376 1162 tractat,
1403 1128 1550 1154 verum
1575 1116 1705 1154 etiam

108 1173 162 1212 ob
200 1174 403 1212 sermonis
436 1174 678 1224 aenigmata
705 1173 859 1223 quibus
885 1171 1128 1210 inuolutum
1155 1175 1232 1210 est.
1290 1170 1383 1209 Hoc
1411 1169 1614 1221 quicquid
1641 1173 1705 1209 est

1730 422 1770 446 10

1732 696 1766 728 15

1727 968 1742 989 2
1747 968 1768 987 O

107 1227 262 1267 laboris
282 1227 498 1267 decretum
518 1232 584 1266 est
602 1232 678 1266 tuo
698 1227 838 1266 dicare
857 1227 1030 1272 nomini,
1052 1227 1125 1277 qui
1145 1225 1384 1264 doctrinam
1404 1224 1705 1275 Euangelicam
1726 1240 1763 1272 25

106 1295 191 1321 non
210 1281 345 1321 solum
364 1281 585 1333 profiteris,
606 1281 721 1332 quod
740 1285 805 1320 est
823 1282 1012 1319 omnium
1032 1292 1268 1326 commune,
1289 1292 1436 1317 verum
1456 1279 1586 1317 etiam
1605 1291 1706 1317 aues

105 1349 366 1387 cognoscere,
396 1336 541 1375 studes
569 1336 660 1374 vita
686 1348 735 1373 ac
763 1335 951 1374 moribus
978 1335 1224 1385 exprimere.
1280 1333 1412 1372 Porro
1438 1337 1562 1371 tuum
1589 1332 1705 1371 istud

107 1390 435 1441 pulcherrimum
464 1389 706 1440 exemplum
736 1389 875 1440 plures
904 1388 1202 1434 imitabuntur,
1233 1400 1369 1438 spero,
1400 1387 1433 1425 si
1462 1391 1540 1425 tua
1569 1387 1705 1437 pietas

106 1448 150 1483 et
170 1444 410 1495 religiosum
431 1457 529 1495 erga
551 1457 691 1483 sacras
713 1443 877 1482 litteras
898 1442 1090 1482 studium
1112 1441 1216 1481 nulli
1237 1441 1368 1480 fuerit
1387 1441 1595 1492 ignotum.

162 1498 243 1546 Qui
268 1498 344 1538 has
370 1498 522 1544 reddit,
552 1498 732 1537 Iacobus
758 1496 934 1549 Spiegel,
962 1509 1046 1536 auo
1070 1500 1147 1536 tuo
1172 1500 1352 1547 paterno
1378 1495 1545 1535 Caesari
1570 1494 1703 1533 Maxi·
1726 1536 1732 1542 .

108 1553 280 1592 miliano
318 1554 566 1592 secretarius
603 1552 700 1599 fuit,
741 1555 790 1591 vt
828 1551 1068 1598 fidissimus,
1108 1552 1171 1590 ita
1208 1563 1305 1590 cum
1343 1550 1490 1601 primis
1528 1553 1674 1600 gratus
1694 1561 1702 1588 :

105 1607 318 1659 eleganter
348 1607 499 1646 doctus
523 1610 567 1646 et
591 1606 688 1646 stilo
712 1606 836 1653 felici,
862 1619 911 1646 ac
935 1609 1102 1657 praeter
1126 1605 1203 1644 has
1227 1604 1349 1644 dotes
1372 1605 1561 1655 impense
1584 1603 1704 1643 fauet

106 1674 155 1700 ac
191 1661 389 1712 prouehit
426 1661 683 1713 Euangelica
719 1661 875 1700 studia.
934 1660 1068 1708 Quem
1095 1663 1197 1699 tuae
1225 1658 1464 1698 celsitudini
1492 1671 1702 1697 commen·

105 1715 263 1762 darem,
284 1717 318 1755 si
338 1715 405 1755 vel
423 1716 513 1767 ipse
532 1728 698 1767 possem
718 1714 892 1766 aliquid,
914 1715 981 1753 vel
1000 1714 1069 1753 ille
1088 1714 1187 1753 talis
1210 1717 1320 1753 esset
1343 1717 1393 1752 Vt
1415 1716 1556 1764 egeret
1579 1712 1703 1751 vllius

105 1770 472 1809 commendatione
493 1783 500 1808 :
533 1783 660 1821 quem
676 1771 760 1809 scio
777 1770 862 1808 suis
877 1770 1008 1820 ipsius
1024 1768 1258 1808 virtutibus
1272 1767 1362 1807 fore
1378 1766 1702 1806 commendatis·
1751 1783 1763 1810 ς

106 1825 273 1872 simum,
321 1825 521 1863 nimirum
567 1824 715 1863 iisdem
764 1824 919 1874 quibus
966 1822 1270 1868 Maximiliano,
1320 1822 1511 1861 acerrimi
1558 1820 1703 1859 iudicii

106 1878 303 1930 Principi,
322 1879 496 1930 placuit.
542 1879 634 1917 Tua
650 1879 852 1917 serenitas
870 1878 950 1916 sibi
968 1877 1216 1928 polliceatur
1232 1877 1287 1915 ab
1305 1876 1483 1915 Erasmo
1500 1875 1703 1926 quicquid

106 1933 161 1971 ab
181 1932 330 1972 humili
350 1933 522 1984 quidem
543 1933 614 1971 sed
636 1932 721 1971 fido
742 1933 954 1983 mancipio
974 1932 1176 1983 praestari
1200 1932 1372 1982 poterit.
1422 1930 1529 1968 Eam
1550 1929 1703 1980 iugiter

104 1986 324 2026 florentem
344 1991 484 2026 seruet
503 1987 603 2038 Opt.
623 1986 737 2025 Max.
759 1986 877 2025 Iesus
896 1986 1086 2025 Christus
1107 1999 1114 2024 :
1151 1987 1224 2036 qui
1242 1989 1386 2024 vestra
1405 1984 1578 2023 consilia
1597 1984 1703 2022 bene

106 2041 310 2088 fortunet,
331 2042 375 2080 in
394 2041 650 2092 reipublicae
670 2040 851 2080 salutem
872 2045 915 2080 et
934 2041 978 2079 in
998 2041 1077 2080 Dei
1097 2040 1286 2091 gloriam.

160 2095 288 2134 Basil.
310 2096 438 2134 tertio
460 2095 546 2135 Cal.
569 2095 769 2134 Decemb.
793 2095 871 2134 An.
898 2104 1014 2145 1522.

475 2286 764 2328 1304713101324.
830 2285 972 2327 FROM
1004 2285 1200 2327 ADRIAN
1234 2285 1313 2326 VI.

151 2384 281 2419 Gouda
296 2384 370 2420 Ms.
392 2395 490 2429 1324,
508 2385 532 2420 f.
551 2395 591 2429 57
611 2387 672 2429 (ιι).
1406 2385 1532 2417 Rome.

150 2442 436 2487 Exomologesis,
459 2443 501 2478 f0.
519 2444 549 2477 F
564 2448 606 2477 v⁰
623 2445 685 2487 (Β).
1299 2454 1309 2476 1
1332 2442 1534 2476 December
1552 2450 1652 2485 1522.

149 2500 246 2536 HN:
274 2499 390 2536 Lond.
408 2501 508 2535 xxiii.
526 2512 544 2545 3
563 2515 570 2536 ε
600 2502 674 2536 LB.
689 2503 769 2546 639.

145 2595 228 2635 [For
248 2596 306 2627 the
328 2596 421 2628 Brief
441 2596 552 2628 which
572 2596 716 2633 follows,
737 2596 796 2627 tho
817 2599 893 2628 text
914 2596 949 2628 of
969 2596 1028 2628 the
1048 2596 1172 2628 Gouda
1192 2596 1263 2628 MS.
1285 2598 1354 2635 (sce
1375 2595 1441 2627 vol.
1463 2595 1486 2632 i,
1507 2594 1596 2635 App.
1618 2596 1652 2632 o)
1674 2594 1701 2624 is

102 2639 282 2680 markedly
305 2639 466 2671 different
488 2640 577 2671 from
601 2650 671 2681 any
694 2639 804 2677 other,
828 2639 897 2671 and
920 2640 956 2671 in
979 2650 1072 2671 some
1095 2641 1213 2681 points
1237 2640 1360 2671 better.
1408 2638 1449 2669 In
1473 2638 1560 2669 view
1584 2638 1617 2667 of
1642 2637 1700 2668 1110

101 2682 248 2724 possible
271 2684 463 2714 connexion
485 2684 568 2714 with
593 2683 747 2714 Hei-man
770 2683 990 2714 Lcthmatius
1012 2685 1081 2722 (300
1104 2694 1137 2724 p.
1164 2683 1250 2724 138),
1274 2682 1351 2713 who
1373 2692 1442 2713 was
1465 2686 1502 2712 nt
1525 2681 1593 2712 this
1616 2682 1700 2711 time

149 2811 198 2842 14.
225 2804 261 2834 in
280 2802 513 2840 Matthaeum]
534 2803 597 2843 Ep.
622 2811 713 2842 1255.
1022 2801 1209 2839 Roffonsis]
1228 2802 1277 2833 Cf.
1301 2802 1364 2841 Ep.
1390 2812 1481 2842 1311.
1506 2811 1579 2834 21n.

150 2855 199 2886 15.
227 2846 402 2883 Sedunofi]
423 2846 471 2878 Cf.
495 2847 558 2886 Ep.
585 2848 677 2886 1248.
704 2854 817 2884 12-14.
983 2855 1032 2884 30.
1060 2844 1208 2886 Spiegel]
1235 2846 1296 2877 See
1323 2846 1387 2886 Ep.
1417 2855 1488 2885 323.
1522 2855 1594 2877 1211.
1648 2846 1700 2877 Hc

150 2889 200 2921 16.
225 2890 365 2928 litteris]
384 2891 448 2931 Ep.
473 2899 564 2930 1270.
937 2889 997 2920 did
1009 2889 1129 2925 not,in
1142 2889 1279 2930 fact‚go
1290 2892 1327 2920 to
1337 2889 1618 2929 Nureniberg(cf.
1634 2890 1696 2930 Ep.

149 2933 199 2964 18.
225 2934 261 2964 in
279 2932 460 2971 Ioannem]
478 2933 541 2974 Ep.
565 2941 657 2973 1333.
942 2942 1034 2972 1344.
1056 2934 1223 2971 llo-20);
1259 2932 1323 2964 but
1346 2933 1511 2964 Erasmus
1530 2943 1612 2964 soon
1630 2933 1698 2964 had

148 2984 199 3007 20.
226 2975 436 3017 Mogontini]
463 2977 513 3009 Cf.
544 2976 632 3018 Epp.
666 2985 758 3013 1200.
789 2986 868 3018 42¹¹»
938 2986 1057 3006 reason
1070 2980 1106 3006 to
1118 2975 1249 3007 believe
1261 2976 1339 3007 that.
1353 2976 1394 3007 he
1406 2976 1474 3007 had
1488 2976 1698 3007 securedthe

107 3021 198 3058 1308.
220 3030 312 3054 20—2.
937 3020 1182 3060 appointment
1195 3019 1236 3051 hc
1250 3019 1383 3051 desirerl
1397 3021 1475 3061 (Ep.
1496 3030 1589 3060 1341.
1610 3021 1672 3055 10).

1730 1511 1768 1539 30

1721 2054 1765 2085 40
