2012 3370
225 139 303 177 604
699 136 953 175 LETTERS
984 135 1056 174 OF
1086 135 1350 174 ERAsMUs
1702 138 1825 187 [1524

224 260 312 286 esse
336 247 588 291 desinerent,
615 250 703 290 aut,
730 243 846 294 quod
869 244 1061 294 experior
1083 244 1127 282 in
1152 243 1364 282 nonnullis
1388 243 1551 282 dudum
1574 244 1749 292 intimis,
1775 258 1826 284 ex

224 303 369 340 amicis
408 304 672 338 verterentur
707 299 748 336 in
788 298 931 336 hostes
968 298 1183 348 capitales.
1249 298 1377 337 Nulla
1413 302 1479 337 est
1513 299 1626 349 regio
1662 299 1706 337 in
1741 312 1827 350 qua

163 367 204 393 κο
226 356 325 394 mihi
364 367 481 393 meae
516 353 833 391 lucubrationes
869 365 954 390 11011
991 351 1194 402 plurimos
1231 353 1388 391 amicos
1426 352 1731 398 conciliarant3
1783 357 1828 392 et

226 410 302 447 hac
344 408 603 458 possessione
643 406 745 444 mihi
784 410 851 444 sat
891 406 1042 445 beatus
1082 406 1257 445 videbar
1296 408 1339 445 in
1379 407 1552 446 fortuna
1590 406 1828 458 quamlibet

225 464 354 501 tenui.
407 462 470 500 Ea
490 462 698 512 possessio
713 460 835 511 longe
856 460 1103 499 charissima
1118 474 1228 512 equo
1244 462 1386 499 animo
1402 460 1543 499 fuerat
1559 460 1824 512 deponenda,

224 516 432 567 simulque
483 515 822 565 consequebatur
873 519 921 553 vt
972 515 1178 553 bonarum
1228 515 1470 554 litterarum
1520 515 1711 554 osoribus
1761 528 1827 554 me

227 570 415 621 presidiis
443 571 675 608 amicorum
705 569 962 607 destitutum
997 574 1039 608 et
1074 570 1275 608 inermem
1311 570 1547 615 obiicerem,
1584 569 1650 608 vel
1685 570 1828 620 potius

162 636 198 673 33
225 626 422 676 vtrinque
444 623 763 663 dilacerandum
786 622 1016 674 preberem.

278 679 358 718 Hie
380 692 446 717 me
467 678 749 717 consolaberis
776 677 1027 728 pontificum
1055 682 1098 716 et
1119 679 1279 717 Cesaris
1307 678 1489 729 presidio
1511 691 1517 716 :
1559 690 1614 716 an
1633 678 1705 717 isti
1725 677 1828 717 mihi

223 737 481 779 succurrent,
508 733 582 784 qui
605 732 721 771 nulla
746 733 789 770 vi
813 737 993 783 possunt
1016 732 1177 771 efficere
1202 746 1288 783 quo
1312 733 1451 771 minus
1476 731 1829 773 contumeliarum

222 792 265 826 et
281 788 505 826 criminum
520 787 654 838 plenis
671 786 820 825 libellis
835 786 1078 837 lapidentur
1094 787 1174 838 ipsi
1196 793 1211 824 2¹
1258 786 1381 834 Quod
1396 786 1451 825 ad
1467 786 1641 825 diuitias
1656 787 1828 832 attinet,

222 847 287 881 est
308 842 419 881 vnde
442 841 554 880 alam
576 841 656 880 1100
678 840 987 892 corpusculum.
1040 842 1236 880 Ceterum
1259 842 1451 891 quisquis
1473 840 1569 879 huic
1593 840 1829 879 valetudini

160 915 202 945 90
222 901 352 948 atque
378 897 512 935 aetati
538 896 769 947 dignitates
795 895 972 941 dederit,
1000 908 1086 934 non
1111 895 1251 934 dicam
1280 895 1378 934 boui
1405 894 1594 940 clitellas,
1622 894 1695 933 sed
1721 907 1830 946 equo

224 951 367 990 vetulo
403 955 447 989 et
482 950 640 989 elumbi
676 950 885 988 sarcinam
920 950 1183 1000 imposuerit,
1222 949 1300 988 sub
1337 962 1423 1000 qua
1461 948 1670 988 concidat.
1737 948 1829 987 Iam

222 1005 362 1052 audio,
388 1005 503 1056 quod
528 1005 649 1043 aiunt
674 1003 863 1055 quidam,
890 1003 987 1042 fidei
1008 1003 1251 1043 Catholicae
1272 1004 1405 1042 vitam
1431 1004 1562 1042 etiam
1582 1003 1827 1054 impenden-

221 1060 333 1098 dam.
395 1060 453 1098 At
487 1072 551 1097 me
584 1058 771 1097 terrebat
805 1057 1047 1108 exemplum
1081 1058 1177 1104 Oze,
1212 1059 1278 1096 cui
1311 1071 1462 1109 parum
1494 1057 1673 1097 feliciter
1705 1058 1829 1096 cessit

224 1114 403 1153 voluisse
433 1113 598 1151 labanti
629 1126 750 1150 arcae
780 1125 1032 1151 succurrere.
1092 1112 1190 1151 Non
1219 1116 1283 1151 est
1315 1113 1500 1151 cuiusuis
1528 1113 1703 1151 nutanti
1733 1111 1830 1150 fidei

160 1186 198 1217 93
222 1169 418 1207 humeros
452 1180 702 1218 supponere.
765 1166 862 1217 Ipse
896 1166 1183 1216 Hieronymus
1216 1166 1319 1205 dum
1353 1171 1574 1218 oppugnat
1607 1166 1828 1211 hereticos,

225 1223 295 1262 vix
310 1226 435 1261 cauet
450 1222 553 1273 quin
568 1221 730 1260 incidat
744 1222 789 1259 in
803 1220 995 1259 heresim.
1042 1220 1153 1268 Quid
1167 1222 1296 1271 igitur
1312 1221 1415 1259 mihi
1430 1220 1708 1259 metuendum
1723 1224 1828 1266 erat,

221 1290 355 1328 quum
375 1276 467 1315 aliis
486 1276 611 1315 rebus
631 1280 748 1321 nato,
766 1280 861 1313 tum
878 1275 933 1313 ad
948 1275 1057 1314 hanc
1077 1275 1280 1314 harenam
1296 1288 1569 1326 nequaquam
1585 1276 1796 1314 instructo
1813 1280 1828 1313 't

222 1331 308 1371 Nec
332 1330 587 1370 dubitabam
611 1331 715 1381 quin
738 1343 791 1368 ex
815 1334 881 1368 tot
906 1329 1200 1380 theologorum
1224 1329 1477 1381 agminibus,
1504 1342 1555 1368 ex
1580 1333 1647 1368 tot
1671 1330 1828 1381 episco-

223 1399 372 1437 porum
403 1384 587 1436 collegiis
617 1388 757 1423 essent
788 1383 1011 1435 prodituri,
1043 1385 1117 1435 qui
1147 1397 1236 1422 rem
1266 1388 1357 1423 tam
1388 1384 1567 1422 arduam
1597 1388 1641 1422 et
1672 1383 1830 1422 vellent

143 1458 202 1479 100
222 1441 431 1491 suscipere
448 1443 492 1478 et
510 1442 684 1490 possent
701 1443 903 1489 prestare.
949 1438 990 1477 N
992 1451 1038 1476 00
1057 1451 1123 1477 me
1140 1438 1291 1477 fefellit
1309 1451 1403 1477 mea
1420 1438 1643 1477 diuinatio.
1692 1437 1830 1485 Quam

223 1494 346 1533 multi
369 1494 606 1545 quantique
628 1494 707 1531 viri
731 1493 865 1531 coorti
888 1493 974 1531 sint
996 1493 1041 1531 in
1064 1492 1269 1531 Luterum
1292 1493 1423 1531 vides.
1478 1492 1615 1540 Queso
1639 1492 1742 1542 quid
1765 1493 1830 1530 his

221 1548 420 1587 effectum
465 1552 530 1586 est
552 1552 567 1586 'a’
640 1547 830 1586 Accessit
873 1546 1059 1585 terribile
1104 1546 1322 1585 Pontificis
1359 1547 1559 1592 edictum,
1599 1545 1828 1584 terribilius

222 1602 395 1648 Cesaris,
452 1602 634 1652 denique
689 1614 886 1647 carceres,
945 1600 1278 1647 confiscationes,
1324 1600 1577 1651 palinodiae,
1624 1599 1826 1646 fasciculi,

221 1657 428 1695 incendia.
480 1655 596 1694 Nihil
617 1655 682 1693 his
704 1655 829 1693 rebus
851 1654 976 1693 video
997 1654 1250 1705 profectum,
1273 1656 1354 1693 nisi
1376 1655 1491 1706 quod
1513 1653 1673 1692 malum
1694 1654 1830 1693 indies

143 1730 198 1761 103
223 1712 354 1762 serpit
376 1710 517 1749 latius.
570 1709 638 1748 An
660 1710 789 1760 igitur
811 1710 917 1747 istos
940 1709 1008 1747 vel
1030 1709 1249 1747 tantulum
1273 1709 1573 1747 commonisset
1596 1721 1829 1760 pygmaeus

224 1766 425 1804 Erasmus
445 1765 489 1803 in
509 1764 712 1803 harenam
734 1763 966 1814 prosiliens,
989 1764 1063 1814 qui
1083 1767 1230 1802 tantos
1250 1764 1442 1815 gigantes
1462 1762 1682 1814 negligunt
1703 1766 1719 1801 ’ἔ

277 1819 344 1858 Μο
374 1818 548 1871 quidem
578 1822 747 1869 praeter
777 1817 1029 1868 dogmatum
1058 1817 1315 1869 hyperbolas
1347 1817 1619 1856 vehementer
1650 1816 1829 1856 offendit

224 1875 266 1913 in
288 1874 433 1913 Luteri
452 1870 570 1912 libris
590 1872 886 1918 amarulentia,
909 1885 1006 1910 cum
1030 1873 1122 1922 pari
1149 1872 1376 1910 coniuncta
1397 1872 1664 1923 arrogantia:
1695 1884 1827 1922 quan-

224 1942 353 1980 quam
377 1941 490 1967 nunc
515 1927 748 1966 succedunt
766 1925 827 1965 illi
847 1926 902 1964 ad
921 1939 1028 1977 quos
1055 1926 1234 1965 collatus
1255 1926 1436 1965 Luterus
1457 1926 1675 1965 modestus
1694 1925 1829 1965 videri

146 2003 205 2025 110
224 1986 367 2034 queat.
414 1982 471 2021 Et
487 1986 634 2020 tamen
650 1981 723 2020 vix
740 1993 868 2019 ausus
885 1993 978 2019 sum
996 1993 1089 2019 meo
1106 1980 1234 2019 fidere
1250 1981 1420 2027 iudicio,
1438 1981 1605 2031 quoties
1622 1993 1716 2018 meo
1733 1992 1828 2018 cum

225 2038 367 2076 animo
397 2036 651 2087 reputabam
683 2039 751 2074 tot
782 2035 1003 2073 hominum
1035 2035 1151 2073 milia
1180 2036 1224 2074 in
1257 2035 1401 2074 Luteri
1432 2034 1624 2073 fauorem
1656 2047 1827 2073 consen-

225 2092 401 2130 tientia:
441 2092 552 2129 inter
582 2102 689 2141 quos
720 2090 754 2128 si
779 2089 885 2128 nihil
911 2102 977 2127 me
1004 2093 1196 2128 moueret
1222 2089 1364 2136 turba,
1393 2088 1598 2140 plurimos
1624 2100 1827 2127 noueram

225 2146 393 2196 ingenio
431 2144 541 2183 felici
581 2156 819 2195 magnoque
863 2143 1019 2182 iudicio
1058 2143 1261 2194 preditos,
1301 2157 1377 2182 nec
1417 2143 1581 2194 vulgari
1619 2142 1826 2188 doctrina,

227 2203 441 2249 postremo
478 2198 581 2236 mihi
618 2211 782 2248 semper
819 2197 1000 2236 antehac
1037 2199 1150 2236 Visos
1186 2199 1373 2249 integros
1409 2211 1458 2236 ae
1496 2198 1587 2248 pios
1623 2197 1827 2235 homines.

148 2274 203 2307 115
227 2253 408 2292 Proinde
436 2265 533 2303 sepe
561 2265 728 2291 mecum
755 2251 989 2290 demiratus
1017 2264 1111 2290 sum
1138 2252 1243 2303 quid
1269 2253 1341 2290 isti
1369 2252 1561 2290 viderent
1590 2252 1634 2290 in
1662 2251 1830 2302 scriptis

228 2308 385 2355 Luteri,
414 2307 531 2358 quod.
555 2311 647 2345 tam
676 2305 965 2357 pertinacibus
995 2306 1148 2344 studiis
1174 2306 1532 2357 amplecterentur
1558 2318 1607 2344 ac
1636 2308 1831 2344 tenerent

228 2362 451 2400 mordicus.
502 2361 560 2400 Et
579 2364 726 2399 tamen
746 2373 799 2398 ex
819 2360 884 2398 his
903 2359 1044 2398 nullus
1065 2360 1204 2399 adhuc
1224 2364 1417 2411 repertus
1437 2364 1502 2399 est
1528 2360 1601 2410 qm·
1628 2359 1731 2398 mihi
1758 2371 1832 2410 per

227 2417 370 2455 omnia
387 2415 654 2461 satisfecerit,
674 2415 708 2453 si
725 2413 898 2466 quando
914 2414 1066 2453 incidit
1084 2414 1304 2453 familiaris
1325 2414 1599 2453 conflictatio.
1645 2413 1831 2453 Verebar

226 2471 373 2522 itaque
395 2481 704 2520 nonnunquam
725 2481 778 2507 ne
801 2469 884 2507 mei
906 2469 1091 2519 stuporis
1114 2472 1236 2515 esset,
1261 2469 1335 2520 qui
1357 2481 1407 2507 ea
1429 2481 1515 2507 non
1537 2468 1830 2519 perspicerem,

147 2545 209 2570 120
229 2538 337 2576 quae
370 2524 431 2563 illi
464 2523 600 2562 veluti
633 2523 867 2574 perspicua,
903 2526 1029 2561 tanta
1063 2536 1159 2562 cum
1192 2523 1348 2562 fiducia
1381 2527 1590 2573 tantoque
1625 2534 1831 2561 consensu

228 2583 464 2617 tuerentur.

282 2633 381 2672 Non
413 2637 479 2671 est
511 2632 641 2684 igitur
675 2631 790 2682 quod
819 2632 1047 2682 quisquam
1081 2631 1148 2670 hic
1176 2631 1459 2683 reprehendat
1489 2643 1629 2669 meam
1657 2633 1828 2669 cuncta-

228 2688 402 2734 tionem,
438 2699 571 2738 quum
604 2685 760 2724 lentius
793 2689 1021 2724 cunctatus
1053 2686 1110 2724 sit
1142 2685 1267 2725 diuus
1301 2685 1488 2725 Hilarius
1522 2688 1754 2736 antequam
1786 2684 1829 2723 in

279 2778 350 2808 104.
375 2767 536 2800 incendia
548 2767 625 2799 add.
643 2767 687 2798 H.
784 2776 855 2807 117.
882 2765 997 2798 adhuc
1015 2776 1079 2798 om.
1105 2766 1149 2798 H.
1243 2776 1314 2798 122.
1341 2766 1396 2798 hie
1417 2776 1479 2798 om.
1505 2766 1552 2804 H,
1569 2765 1689 2807 infine
1705 2773 1828 2797 versus.

231 2812 492 2844 cunctationem
512 2811 569 2842 αΗ
585 2823 592 2842 :
629 2810 686 2842 vel
702 2810 964 2842 cunctationem
982 2812 1014 2846 Β,
1032 2809 1071 2841 in
1087 2810 1186 2841 initio
1202 2810 1357 2851 paginae.

277 2926 329 2954 91.
355 2915 541 2955 sarcinam]
563 2914 615 2948 cf.
638 2915 703 2956 Ep.
730 2915 825 2955 1481.
851 2915 927 2954 38n.
1111 2922 1182 2953 103.
1208 2912 1354 2953 Cesaris]
1396 2914 1460 2947 See
1497 2913 1587 2955 Epp.
1625 2921 1719 2951 1192.
1747 2912 1828 2948 6611,

277 2968 330 2998 93.
357 2958 440 2998 Oze]
469 2959 607 2997 Uzzah;
646 2969 702 2991 see
734 2967 752 2989 2
785 2958 878 2991 Sam.
910 2958 942 2995 6,
979 2966 990 2988 1
1067 2966 1160 2998 1217.
1180 2966 1280 2996 1441]-

233 3001 358 3034 Chron.
379 3011 428 3041 13.
1112 3009 1183 3039 104.
1208 3000 1383 3040 incendia]
1415 3001 1478 3033 See
1506 3000 1595 3041 Epp.
1625 3007 1718 3030 1102.
1751 3006 1827 3037 1311,

283 3054 353 3077 102.
380 3043 573 3082 Pontifiois]
590 3045 653 3077 See
670 3044 734 3085 Ep.
759 3053 851 3083 1141.
871 3053 949 3075 2011.
1068 3051 1161 3084 1157.
1178 3046 1236 3080 611,
1256 3053 1268 3074 1
1280 3045 1350 3075 186.
1373 3053 1447 3084 15n.
