2012 3370
204 330 242 370 65

201 608 245 640 70

203 1142 246 1171 So

205 1693 249 1721 ΘΟ

264 161 343 199 482
729 158 983 198 LETTERS
1015 158 1087 197 OF
1118 157 1380 197 ERASMUs

1740 155 1863 203 [1524

265 268 483 320 Capitone,
508 282 632 319 quem
657 269 846 318 exceptis
867 266 1140 317 dogmatibus
1162 279 1324 317 semper
1347 266 1477 304 habui
1501 278 1575 316 pro
1598 264 1866 303 amicissimo.

264 328 307 362 et
329 326 396 362 cui
416 336 580 374 semper
603 336 667 361 me
689 322 865 373 praebui
887 321 1202 360 amicissimum.
1253 320 1309 360 Et
1331 326 1477 360 tamen
1498 325 1597 358 sunt
1619 319 1693 370 qui
1714 322 1870 369 putent

264 377 383 416 illum
413 391 498 416 non
528 389 616 415 0330
647 376 832 415 alienum
863 375 917 414 ab
947 376 1026 414 hac
1056 374 1289 426 tragoedia.
1348 375 1445 413 Non
1474 378 1540 413 est
1568 377 1661 412 tam
1690 370 1869 423 simplex

266 437 316 470 vt
350 444 435 470 non
471 430 727 470 intellexerit
762 430 939 468 technas
974 429 1208 468 decoctoris
1244 433 1288 468 et
1322 428 1454 467 furias
1490 426 1719 478 scriptoris.
1785 425 1870 464 Diu

264 486 381 523 siluit
412 485 515 523 dum
547 485 731 523 aleretur
761 485 839 523 1100
872 487 1123 522 monstrum.
1183 483 1374 522 Tandem
1406 482 1631 521 admonuit
1662 480 1714 519 de
1744 479 1871 518 rebus

264 537 478 590 grauibus,
523 538 722 578 videlicet
765 538 881 589 quod
924 537 1085 588 aliquid
1127 538 1364 588 attigissem
1407 537 1460 575 de
1502 535 1636 575 libero
1678 533 1869 578 arbitrio,

264 594 512 644 priusquam
528 592 739 632 Lutherus
754 591 956 631 scriberet
969 590 1166 631 delibero
1181 591 1359 631 arbitrio
1378 604 1387 638 ;
1417 590 1570 630 (101οᾶ0
1585 589 1701 640 quod
1715 587 1870 628 alicubi

264 648 501 699 scripserim
522 647 656 699 legem
678 647 785 686 Mosi
806 646 1000 686 cohibere
1021 659 1186 693 manus,
1209 645 1491 697 Euangelium
1512 645 1643 684 etiam
1664 643 1869 682 animum.

267 703 274 716 ‘
296 702 389 740 Imo
410 702 433 748 ’,
451 703 604 753 inquit,
626 702 633 716 ‘
654 702 721 740 lex
736 701 923 740 intendit
938 702 981 739 in
998 705 1140 740 totum
1157 701 1373 739 hominem
1393 700 1416 738 '.
1462 699 1498 739 O
1515 711 1664 751 graues
1680 697 1870 736 admoni-

264 757 402 795 tiones
425 757 551 795 amici
575 760 673 807 post
697 760 894 806 acceptas
918 756 1026 793 tales
1050 755 1196 806 plagas
1216 755 1224 793 1
1278 755 1375 794 Νο11
1398 755 1498 793 licet
1522 764 1731 804 exponere
1756 750 1872 802 quod

264 810 390 850 docet
407 810 611 857 Christus,
633 811 641 825 ‘
661 810 835 849 Dictum
854 815 917 848 cst
936 810 1137 860 antiquis,
1158 809 1254 848 Non
1272 809 1435 848 occides
1457 808 1479 854 ⁹,
1499 808 1578 847 hoc
1595 811 1661 846 est
1678 805 1873 846 cohibere

266 878 416 904 manus
437 879 445 911 3
481 866 489 880 ‘
510 865 601 915 Ego
617 869 762 903 autem
779 865 874 903 dico
892 864 1026 910 vobis,
1047 864 1126 911 Qui
1144 864 1352 909 irascitur,
1371 863 1482 908 ete),
1501 862 1580 901 1100
1596 866 1662 900 est
1679 859 1873 900 cohibere

265 921 469 958 animum.
530 919 709 969 Explica
737 919 884 970 legem,
915 918 1028 956 idem
1057 923 1123 956 est
1151 931 1247 956 cum
1278 917 1524 967 Euangelio.
1583 916 1641 954 At
1670 928 1747 966 ego
1776 926 1872 953 cum

266 974 433 1013 Christo
469 973 619 1025 loquor
655 974 707 1012 de
743 974 832 1024 lege
869 972 1059 1011 nondum
1097 972 1322 1022 explicata.
1390 972 1425 1010 O
1461 970 1677 1022 piaculum
1713 968 1873 1008 talibus

265 1028 416 1066 libellis
436 1028 710 1078 expiandum,
733 1032 777 1066 et
797 1027 969 1078 quidem
990 1040 1064 1077 per
1084 1026 1191 1064 tales
1211 1027 1382 1072 amicos,
1405 1025 1560 1076 quibus
1580 1026 1711 1063 etiam
1727 1025 1871 1063 decem

268 1083 379 1121 vitas
393 1082 630 1121 crediturus
643 1094 772 1128 eram,
786 1083 821 1121 si
833 1081 978 1120 decem
992 1080 1234 1119 habuissem
1250 1081 1256 1119 !
1288 1079 1399 1127 Quid
1412 1093 1535 1131 agam
1549 1092 1626 1130 pro
1639 1077 1873 1129 Euangelio

266 1136 397 1175 nolim
436 1137 610 1187 quosuis
649 1137 765 1174 scire.
835 1135 1024 1186 Fingunt
1062 1147 1129 1173 me
1168 1134 1381 1180 timidum,
1423 1134 1615 1173 homines
1654 1133 1709 1171 ad
1748 1145 1873 1171 omne

265 1190 430 1229 facinus
458 1191 723 1241 praecipites.
780 1189 823 1229 Si
851 1190 954 1228 mihi
982 1193 1198 1228 constaret
1226 1189 1498 1235 conscientia,
1527 1189 1559 1226 si
1589 1187 1873 1238 conspicerem

265 1244 430 1283 fructus
469 1244 761 1295 Euangelicos,
801 1244 997 1283 viderent
1035 1257 1101 1282 me
1139 1257 1225 1282 non
1262 1256 1351 1282 0330
1389 1242 1602 1282 timidum.
1671 1241 1874 1292 Egregius

268 1299 489 1351 Euangelii
527 1299 756 1350 profectus,
797 1300 832 1337 si
871 1312 922 1337 ex
964 1311 1048 1338 vna
1087 1299 1263 1338 ciuitate
1302 1299 1461 1336 eiectae
1500 1302 1598 1336 sunt
1639 1297 1844 1347 imagines
1864 1295 1871 1333 !

267 1355 433 1392 vtinam
456 1355 705 1393 011001001111
728 1355 966 1393 animorum
989 1353 1116 1399 idola,
1141 1366 1250 1404 quac
1272 1352 1577 1404 prodigiosiora
1600 1351 1726 1391 video
1746 1363 1874 1403 penes

267 1409 372 1447 istos
393 1409 467 1459 qui
487 1409 654 1447 iactant
675 1408 897 1458 Euangelii
918 1408 1094 1447 titulum
1115 1408 1121 1445 !

324 1461 435 1502 Olim
460 1475 603 1501 amore
628 1462 863 1513 Euangelii‚
889 1463 962 1512 qui
988 1462 1207 1501 habebant
1232 1474 1397 1507 onres,
1423 1460 1721 1511 relinquebant
1746 1458 1874 1499 vitro.

269 1516 309 1555 N
311 1529 392 1555 unc
408 1516 531 1555 floret
551 1516 845 1568 Euangelium,
863 1518 897 1555 si
918 1517 1044 1566 pauci
1063 1516 1225 1554 ducant
1246 1528 1397 1554 vxores
1418 1515 1524 1554 bene
1539 1515 1725 1554 dotatas.
1776 1513 1874 1553 Non

268 1571 372 1610 haec
396 1571 491 1610 dico
515 1571 631 1621 quod
655 1571 901 1622 simpliciter
924 1570 1160 1622 improbem
1186 1571 1506 1609 matrimonium
1531 1568 1814 1614 sacerdotum,
1841 1568 1874 1606 31

268 1624 345 1664 fiat
367 1637 420 1663 ex
442 1626 707 1671 necessitate,
732 1626 767 1664 si
789 1638 886 1664 cum
909 1626 1143 1664 autoritate
1166 1625 1387 1670 maiorum,
1412 1625 1447 1662 si
1469 1623 1631 1674 absque
1653 1622 1875 1668 seditione,

269 1680 303 1717 si
331 1691 508 1730 syncero
536 1680 692 1718 animo.
750 1679 875 1718 Nunc
903 1692 1049 1717 vereor
1077 1691 1130 1718 ne
1159 1679 1284 1717 multi
1312 1679 1474 1717 ducant
1501 1690 1677 1716 vxorem
1705 1689 1791 1716 non
1819 1676 1874 1714 ob

269 1733 385 1771 aliud
405 1734 485 1771 nisi
505 1733 621 1783 quod
641 1746 727 1773 non
749 1733 849 1772 licet
872 1734 1081 1773 maiorum
1104 1733 1280 1784 legibus.
1333 1732 1427 1772 8010
1451 1744 1580 1783 quam
1605 1733 1661 1770 sit
1682 1732 1875 1781 impurus

267 1787 537 1838 quorundam
559 1788 806 1827 coelibatus.
857 1787 1014 1826 Verum
1035 1801 1091 1826 an
1113 1800 1243 1826 vxore
1265 1787 1396 1826 ducta
1416 1787 1612 1837 protinus
1633 1784 1875 1825 consultum

267 1846 333 1881 est
366 1843 595 1881 castitati?
660 1842 771 1890 Quid
805 1843 839 1881 si
872 1842 1067 1881 sacerdos
1100 1843 1172 1892 qui
1207 1843 1323 1892 prius
1356 1841 1545 1880 habebat
1578 1839 1874 1886 concubinam,

269 1909 381 1935 nunc
402 1895 561 1935 habeat
580 1910 756 1935 vxorem
779 1910 875 1935 cum
892 1897 1037 1948 pellice
1060 1900 1075 1935 ?
1128 1896 1183 1935 Et
1206 1901 1352 1935 tamen
1373 1896 1489 1947 apud
1511 1908 1657 1935 omnes
1677 1893 1876 1945 Papistas

313 2022 367 2051 66.
393 2030 462 2051 non
486 2030 560 2052 esse
582 2017 750 2057 alienum]
773 2018 824 2050 Cf.
850 2019 914 2060 Ep.
944 2029 1038 2059 1429.

270 2073 348 2096 2011.

1150 2018 1300 2060 Sapidus
1327 2018 1362 2050 in
1390 2028 1411 2050 a
1438 2017 1543 2050 letter
1570 2021 1608 2050 to
1636 2018 1757 2055 Bucer,
1783 2018 1873 2050 from

1105 2061 1340 2094 Schlettstadt
1372 2070 1389 2101 3
1417 2061 1504 2104 Aug.
1542 2063 1626 2102 1526
1658 2061 1774 2100 (Basle
1801 2061 1871 2095 MS.

315 2109 368 2145 69.
395 2106 438 2138 de
482 2106 590 2139 libero
635 2105 796 2144 arbitrio]
841 2106 903 2139 See
948 2106 1038 2148 Epp.

276 2159 370 2191 1419,
389 2152 483 2190 1481.

317 2202 370 2233 70.
396 2191 539 2231 alicubi]
576 2192 730 2234 Perhaps
766 2193 803 2224 in
839 2192 900 2224 the
937 2193 1040 2225 Para-

272 2236 414 2278 phrases
441 2247 485 2268 on
512 2236 617 2268 Matt.
646 2245 673 2277 5.
707 2245 815 2274 19-20
841 2247 879 2268 01
906 2236 981 2268 Gal.
1011 2247 1038 2277 3.

270 2282 360 2321 24-6
386 2280 470 2320 (LB.
498 2281 558 2312 vii.
585 2289 663 2318 290
688 2279 758 2311 and
784 2288 846 2320 955
865 2280 976 2320 E—956
992 2284 1039 2319 A).

274 2324 346 2355 But
364 2323 462 2355 there
482 2324 511 2355 is
531 2334 551 2355 a
571 2333 716 2364 passage
736 2324 771 2354 in
792 2323 853 2355 the
872 2323 920 2354 De
943 2323 1042 2354 libero

271 2367 410 2399 arbitrio
436 2367 547 2399 which
572 2368 600 2398 is
626 2366 734 2398 closer
758 2366 845 2398 than
870 2367 982 2398 either
1006 2367 1043 2398 of

273 2411 369 2443 these
389 2411 472 2450 (LB.
493 2411 538 2442 ix.
564 2419 644 2441 1222
662 2412 707 2448 c).
750 2410 783 2441 If
801 2410 883 2442 that
899 2411 928 2442 is
946 2410 1042 2442 what

272 2454 399 2496 Capito
420 2454 489 2486 had
509 2455 545 2485 in
567 2454 620 2485 his
641 2453 750 2490 mind,
773 2453 815 2485 he
836 2458 932 2485 must
951 2454 1042 2485 have

271 2509 352 2530 seen
368 2498 428 2530 the
446 2498 521 2530 first
537 2497 634 2529 draft
649 2497 685 2529 of
701 2497 782 2529 that
798 2498 1039 2538 composition.

320 2551 371 2580 74.
398 2539 571 2579 Christus]
588 2541 693 2573 Matt.
714 2550 740 2581 5.
761 2550 858 2572 21-2.

317 2586 369 2617 80.
391 2585 546 2627 Fingunt
554 2595 608 2616 me
616 2583 930 2626 timidum]Cf.¹Ep.
945 2586 1039 2625 1384.

273 2638 350 2660 zon.
370 2629 440 2660 and
457 2639 479 2659 a
494 2628 599 2660 letter
612 2628 648 2659 of
665 2627 832 2660 Bom‘face
845 2628 1040 2660 Amerbach

274 2675 324 2711 <0.
339 2672 424 2713 July
440 2673 543 2712 1524>
558 2671 649 2710 (Am.
664 2671 704 2703 E.
722 2673 774 2710 19)
792 2684 799 2703 :
828 2670 835 2683 ‘
851 2671 1040 2711 <Erasmo>

274 2718 313 2746 vt
338 2715 517 2756 quondam
542 2714 629 2746 nihil
653 2714 748 2755 apud
772 2725 836 2746 nos
862 2715 1039 2751 celebrius,

274 2768 398 2799 nempe
433 2759 488 2791 cui
524 2768 644 2790 omnes
678 2759 836 2790 vnanimi
872 2768 1040 2790 consensu

273 2812 446 2833 summam
468 2812 569 2834 verae
590 2801 786 2843 theologiae
807 2802 1041 2844 cognitionem

274 2845 489 2882 tribuebant,
546 2846 597 2877 ita
654 2845 741 2877 nihil
800 2855 892 2877 nunc
946 2845 1040 2886 apud

276 2887 468 2920 Luteranos
507 2889 728 2929 despectius:
782 2893 823 2920 vt
862 2888 1042 2920 Pontificis

275 2930 448 2968 adulator,
479 2936 520 2964 vt
549 2936 676 2969 orator,
707 2935 749 2964 vt
777 2932 922 2964 timidus
952 2932 1042 2964 male

275 2974 388 3009 audit,
409 2985 487 3006 cum
507 2979 627 3007 tamen
647 2986 688 3007 eo
707 2979 827 3007 tenore
847 2986 917 3016 quo
936 2975 1042 3007 semel

275 3018 417 3057 incepit,
445 3019 625 3058 negocium
654 3019 904 3060 Euangelicum
932 3020 1042 3051 indies

279 3064 483 3103 promoueat
497 3061 516 3090 '.
566 3061 626 3093 See
645 3062 717 3093 also
736 3063 811 3095 Am.
832 3062 871 3094 E.
891 3071 942 3093 20.

1107 2106 1164 2137 Ki.
1188 2105 1246 2138 Ar.
1269 2115 1321 2146 25.
1346 2116 1378 2137 a.
1400 2108 1470 2146 45),
1493 2109 1629 2146 reports
1649 2115 1670 2137 a
1692 2115 1873 2138 conversa-

1104 2150 1180 2181 tion
1223 2149 1309 2181 with
1350 2149 1483 2181 Beatus
1525 2148 1741 2186 Rhenanus;
1796 2149 1874 2181 who

1105 2192 1256 2235 laughed
1281 2197 1320 2224 at
1345 2192 1482 2234 Capito,
1509 2192 1621 2224 Bucer
1647 2192 1717 2224 and
1743 2192 1872 2230 others,

1107 2237 1252 2268 because
1306 2235 1315 2248 ‘
1328 2236 1589 2277 reprehendunt
1639 2236 1675 2267 in
1727 2235 1874 2267 Erasmo

1105 2284 1212 2320 atque
1229 2279 1306 2311 aliis
1323 2280 1466 2321 optimis
1483 2280 1566 2311 viris
1584 2280 1644 2320 qui
1663 2279 1875 2321 Euangelico

1105 2324 1247 2365 negocio
1283 2334 1353 2354 non
1390 2324 1504 2354 minus
1540 2327 1765 2364 prospectum
1801 2333 1875 2355 0330

1106 2368 1253 2408 cupiunt
1288 2377 1394 2407 quam
1432 2367 1509 2407 ipsi,
1548 2367 1773 2408 prudentiam
1811 2367 1872 2398 hu-

1106 2420 1257 2447 manam,
1295 2411 1468 2442 rationem
1504 2414 1541 2441 et
1575 2410 1665 2442 vires
1702 2409 1874 2441 humanas

1106 2457 1311 2494 caeteraque
1333 2453 1369 2485 id
1390 2464 1509 2495 genus,
1534 2463 1643 2493 quum
1665 2453 1731 2494 ipsi
1753 2457 1873 2485 tamen

1105 2497 1201 2529 nulla
1216 2496 1285 2528 alia
1303 2507 1367 2537 ope
1385 2497 1495 2537 magis
1511 2497 1673 2528 nitantur
1687 2496 1706 2527 ².

1151 2542 1202 2580 83.
1228 2540 1412 2582 imagines]
1428 2539 1479 2571 Cf.
1499 2539 1552 2571 Bl.
1571 2539 1609 2571 E.
1625 2542 1679 2579 87,
1694 2539 1820 2581 Capito
1836 2544 1874 2572 to

1107 2585 1144 2615 A.
1178 2583 1332 2617 Blaurer.
1363 2583 1454 2615 from
1483 2584 1682 2625 Strasburg.
1718 2592 1755 2622 17
1788 2584 1872 2616 Dec.

1110 2637 1215 2668 1524:
1261 2626 1432 2668 ‘Reliqua
1462 2627 1638 2668 Papistica
1667 2627 1785 2658 omnia
1812 2637 1872 2659 an-

1104 2672 1243 2712 tiquata
1260 2675 1355 2702 sunt.
1393 2671 1589 2711 Supersunt
1604 2669 1719 2702 adhuc
1735 2669 1873 2711 aliquae

1103 2719 1256 2752 statuae,
1280 2725 1368 2755 quas
1390 2714 1592 2755 propediem
1615 2714 1790 2746 eiiciemus
1806 2713 1825 2746 ’.

1150 2759 1203 2789 88.
1230 2758 1494 2790 matrimonium
1513 2755 1752 2795 sacerdotum]
1771 2757 1872 2789 Eras-

1106 2801 1192 2834 mus'
1209 2802 1313 2833 views
1328 2812 1372 2833 on
1386 2801 1457 2833 this
1471 2801 1633 2841 question
1647 2800 1717 2832 had
1730 2799 1874 2842 already

1107 2846 1192 2877 been
1210 2845 1396 2886 expressed
1413 2846 1450 2876 in
1468 2844 1528 2876 the
1547 2844 1596 2876 Dc
1615 2854 1675 2876 esu
1691 2844 1847 2875 carnium
1863 2855 1871 2875 :

1104 2899 1160 2920 see
1177 2888 1242 2930 Ep.
1265 2897 1358 2928 1274.
1382 2898 1455 2928 140.

1149 2940 1203 2970 94.
1231 2929 1408 2973 Papistas]
1429 2931 1594 2963 Erasmus
1610 2930 1680 2962 had
1696 2929 1781 2962 used
1802 2929 1873 2962 this

1106 2975 1199 3007 word
1218 2976 1254 3007 in
1276 2984 1359 3016 1519
1378 2975 1457 3016 (Ep.
1477 2976 1552 3015 983.
1572 2975 1607 3012 6)
1624 2985 1633 3007 ι
1664 2973 1730 3005 but
1747 2982 1870 3015 appar-

1106 3019 1205 3059 ently
1238 3020 1268 3050 it
1300 3029 1371 3050 was
1403 3018 1480 3050 still
1511 3017 1677 3059 regarded
1712 3027 1750 3048 as
1785 3027 1870 3049 new.

1108 3062 1227 3093 Fisher
1250 3062 1283 3092 in
1308 3073 1327 3094 a
1351 3071 1487 3094 sermon
1513 3060 1549 3092 of
1576 3069 1653 3100 1521
1682 3060 1872 3092 attributes
