2012 3370
140 111 263 160 1334]
599 109 672 149 To
700 108 856 149 JOHN
885 108 1271 150 OARONDELET
1658 112 1732 150 177

190 217 384 257 Socrates
417 215 697 261 Atheniensis,
734 215 852 254 cuius
885 220 951 255 est
983 217 1088 256 illud
1122 217 1381 257 celebratum
1417 217 1734 270 apophthegma

138 271 147 287 ‘
167 270 284 319 Quae
316 284 444 322 supra
474 283 564 317 nos,
597 269 701 308 nihil
733 269 788 308 ad
820 283 897 308 nos
916 270 939 317 '‚
974 271 1284 323 philosophiam
1317 286 1343 311 a
1374 273 1733 323 contemplatione

134 339 274 364 rerum
300 325 558 364 naturalium
583 324 627 362 in
653 323 836 362 mediam
863 324 1082 364 hominum
1109 327 1245 365 vitam
1271 326 1463 374 deduxit,
1490 327 1734 378 frequenter

135 393 343 431 vsurpans
364 379 468 418 illud
488 378 762 417 Homericum
782 391 790 417 :
1755 389 1816 420 180

363 453 475 492 ‘'Orn'
498 470 556 492 τοι
585 456 623 491 ἐν
650 453 851 504 μεγάροισι
881 453 993 491 κακόν
1020 452 1051 491 τ’
1081 455 1222 505 ἀγαθόν
1250 471 1290 493 τε
1318 454 1497 493 τέτυκται.

135 529 193 568 Et
227 532 372 568 tamen
406 528 458 566 de
492 528 656 566 naturis
691 527 903 578 syderum,
941 529 992 567 de
1028 533 1147 567 motu
1184 529 1428 568 coelestium
1463 529 1643 576 orbium,
1680 528 1732 567 de

133 583 394 630 fulminibus,
422 582 473 621 de
500 582 651 628 ventis,
680 581 731 620 de
758 582 861 621 iride
888 582 1024 634 deque
1051 582 1256 622 similibus
1282 583 1420 630 rebus,
1448 583 1650 635 quoniam
1678 583 1732 622 ad

131 637 176 676 id
215 638 338 676 initia
378 636 628 688 cognitionis
668 636 946 687 suppeditant
987 637 1053 675 vel
1094 650 1240 676 sensus
1280 638 1359 688 ipsi
1401 650 1623 688 corporum
1665 637 1733 676 vel

131 691 361 730 effectuum
393 691 665 741 experientia,
699 690 835 729 multa
867 695 981 729 certo
1014 691 1401 742 deprehenduntur,
1436 696 1480 730 et
1510 692 1554 730 in
1586 692 1732 743 primis
1753 701 1811 742 185

130 745 315 784 iucunda
341 745 523 796 cognitio
548 748 626 791 est,
653 748 697 783 et
720 745 764 782 in
790 745 1114 784 admirationem
1140 745 1265 784 simul
1289 750 1333 784 et
1358 759 1544 784 amorem
1570 745 1732 796 opificis

129 799 330 838 subuehit
349 813 358 845 ;
395 802 587 838 attamen
607 799 808 849 quoniam
830 800 895 837 vir
914 800 1080 849 sapiens
1101 799 1406 838 animaduertit
1425 800 1470 838 in
1488 799 1731 838 huiusmodi

129 853 271 892 studio
296 857 434 892 totam
460 856 646 892 aetatem
671 853 861 892 homines
886 853 1086 901 desidere,
1113 854 1313 905 neglectis
1337 854 1507 892 interim
1532 853 1596 892 his
1620 866 1730 904 quae

129 908 302 958 propius
342 907 397 946 ad
437 920 513 946 nos
553 908 781 958 pertinent,
824 921 849 946 a
889 907 1249 959 contemplatione
1289 921 1428 947 rerum
1469 908 1729 947 naturalium

129 975 253 1000 omne
284 961 474 1000 studium
506 961 561 1000 ad
592 975 728 1000 mores
759 961 998 1002 deuocauit.
1056 962 1116 1001 At
1146 976 1196 1002 ea
1227 975 1337 1014 quae
1367 976 1444 1001 nos
1475 966 1728 1009 scrutamur,
1752 981 1815 1012 190

128 1029 238 1067 quae
275 1015 511 1063 definimus,
549 1016 763 1054 interdum
802 1029 877 1055 nec
915 1017 1042 1055 sacris
1079 1016 1210 1055 literis
1248 1016 1418 1068 prodita
1454 1020 1569 1064 sunt,
1608 1020 1658 1055 vt
1695 1017 1730 1055 si

127 1069 427 1121 comprehendi
448 1083 533 1108 non
556 1071 732 1121 possint,
757 1075 869 1109 certe
891 1070 1003 1109 credi
1025 1070 1210 1110 debeant
1230 1085 1237 1118 ;
1277 1084 1353 1110 nec
1376 1071 1471 1109 vllis
1492 1070 1729 1110 rationibus

127 1124 288 1163 idoneis
327 1124 497 1175 probari
535 1137 610 1163 nec
651 1125 908 1176 cogitatione
947 1125 1123 1176 concipi,
1164 1138 1240 1164 nec
1280 1125 1486 1164 similibus
1525 1124 1728 1164 adhibitis

127 1178 385 1225 adumbrari,
428 1183 478 1217 vt
518 1182 630 1225 sunt,
674 1184 864 1230 possunt.
924 1178 975 1218 In
1016 1179 1170 1230 quibus
1212 1179 1485 1231 vestigandis,
1528 1192 1660 1230 quum
1703 1191 1728 1217 a

125 1232 375 1271 felicissimis
406 1233 581 1283 ingeniis
614 1246 780 1271 summa
812 1234 855 1271 vi
887 1232 959 1272 diu
992 1233 1248 1272 desudatum
1280 1233 1421 1281 fuerit,
1455 1234 1522 1272 1110
1555 1233 1726 1272 demum
1750 1252 1806 1284 195

125 1291 190 1325 est
220 1290 434 1325 extremus
465 1286 692 1337 profectus,
725 1291 774 1326 vt
804 1287 1044 1338 intelligant
1074 1301 1117 1326 se
1147 1288 1251 1326 nihil
1281 1289 1413 1327 scire:
1460 1291 1504 1326 et
1535 1288 1640 1327 adeo
1672 1287 1727 1326 ad

125 1341 241 1379 vitae
258 1341 463 1392 pietatem
484 1340 587 1379 nihil
607 1340 784 1387 faciunt,
806 1345 855 1380 vt
874 1354 1085 1392 nusquam
1106 1343 1240 1393 magis
1269 1342 1427 1381 habeat
1455 1341 1595 1381 locum
1622 1341 1726 1380 illud

126 1394 261 1442 Pauli,
289 1394 297 1410 ⁵
317 1394 502 1434 Scientia
525 1394 659 1442 inflat,
686 1395 871 1434 charitas
895 1394 1093 1434 aedificat
1108 1395 1131 1435 ⁵.

179 1448 303 1497 Quod
349 1449 631 1500 supercilium,
680 1462 787 1501 quas
834 1450 1140 1497 contentiones,
1189 1462 1296 1501 quos
1342 1449 1567 1497 tumultus,
1616 1462 1726 1500 quae

125 1503 274 1542 mundi
302 1503 475 1542 dissidia
502 1503 695 1542 videmus
725 1517 776 1542 ex
805 1504 930 1543 huius
958 1504 1119 1555 generis
1146 1505 1300 1543 inscita
1327 1505 1504 1544 scientia
1532 1508 1695 1543 scatere
1718 1506 1723 1541 !
1744 1523 1810 1546 200

126 1557 351 1609 Quumque
382 1562 474 1597 tam
505 1557 636 1609 fugax
668 1559 725 1597 sit
756 1558 848 1597 Vita
879 1563 1038 1605 nostra,
1072 1559 1242 1598 interim
1275 1571 1325 1598 ea
1356 1559 1605 1610 negligimus
1637 1559 1726 1597 sine

123 1612 278 1663 quibus
297 1611 413 1651 nulla
431 1625 526 1663 spes
545 1616 610 1651 est
629 1613 827 1663 cuiquam
847 1612 1134 1664 assequendae
1153 1613 1314 1652 salutis.
1372 1614 1464 1653 Nisi
1484 1613 1725 1652 condonaro

122 1666 245 1705 fratri
277 1666 393 1718 quod
424 1667 467 1705 in
500 1680 566 1706 me
599 1668 806 1717 peccauit,
840 1667 943 1706 mihi
975 1680 1061 1706 non
1093 1667 1354 1706 condonabit
1386 1667 1501 1706 Deus
1533 1667 1650 1719 quod
1681 1668 1725 1706 in

122 1721 262 1771 ipsum
302 1720 465 1759 admisi.
523 1721 615 1760 Nisi
654 1721 861 1760 mundum
901 1735 971 1760 cor
1010 1721 1210 1767 habuero,
1251 1735 1337 1760 non
1375 1722 1530 1761 videbo
1570 1721 1722 1760 Deum.

124 1775 218 1814 Hoc
246 1776 376 1826 igitur
404 1776 508 1814 totis
537 1775 689 1814 studiis
723 1776 933 1826 agendum
963 1780 1068 1824 erat,
1099 1776 1178 1815 hoc
1208 1776 1516 1823 meditandum,
1548 1776 1627 1814 hoc
1657 1789 1722 1814 Vr·
1743 1794 1805 1827 205

121 1829 319 1880 gendum,
353 1833 403 1868 vt
432 1829 576 1876 liuore,
611 1834 659 1868 vt
689 1830 864 1876 inuidia,
897 1834 948 1868 vt
977 1830 1088 1876 odio,
1121 1833 1171 1869 vt
1201 1830 1411 1881 superbia,
1444 1834 1494 1869 vt
1525 1830 1724 1878 auaricia,

125 1888 174 1922 vt
204 1884 377 1922 libidine
408 1896 582 1935 purgem
617 1885 820 1922 animum.
878 1884 976 1923 Non
1009 1884 1277 1923 damnaberis
1311 1886 1345 1923 si
1378 1885 1539 1923 nescias
1577 1889 1722 1923 vtrum

121 1938 303 1988 Spiritus
320 1951 345 1976 a
361 1937 488 1976 Patre
505 1942 549 1976 et
564 1937 670 1976 Filio
687 1937 989 1989 proficiscentis
1006 1938 1176 1977 vnicum
1195 1940 1250 1977 sit
1266 1939 1519 1990 principium
1537 1952 1592 1977 an
1608 1938 1692 1977 duo
1713 1950 1724 1986 ;

120 1991 195 2030 sed
211 2005 297 2030 non
315 1991 487 2042 effugies
504 1993 695 2039 exitium,
715 1993 795 2031 nisi
812 1993 969 2031 curaris
986 1993 1155 2031 interim
1174 1993 1328 2032 habere
1345 1993 1509 2032 fructus
1527 1993 1724 2043 Spiritus,

121 2046 195 2096 qui
230 2050 331 2084 sunt
366 2046 563 2093 charitas,
600 2046 816 2097 gaudium,
853 2059 951 2097 pax,
988 2048 1211 2098 patientia,
1249 2047 1501 2099 benignitas,
1539 2047 1807 2094 bonitas,210

120 2100 433 2151 longanimitas,
470 2101 767 2148 mansuetudo,
803 2100 920 2147 fides,
958 2101 1179 2148 modestia,
1217 2102 1494 2148 continentia,
1532 2102 1724 2141 castitas.

120 2154 188 2193 Ad
208 2155 310 2193 haec
331 2155 460 2205 igitur
481 2155 686 2194 vertenda
706 2160 784 2202 est,
806 2155 888 2194 huc
908 2155 1169 2195 intendenda
1189 2157 1417 2207 praecipua
1438 2155 1569 2195 studii
1589 2156 1724 2194 nostri

121 2221 233 2247 cura.
292 2208 389 2248 Non
409 2209 524 2260 quod
544 2210 587 2247 in
608 2214 750 2248 totum
771 2209 1061 2249 damnandam
1082 2212 1320 2250 existimem
1342 2210 1409 2250 vel
1430 2210 1722 2261 philosophiae

119 2263 163 2301 in
183 2267 268 2301 tres
290 2266 431 2313 partes
453 2263 659 2303 dissectae
680 2264 748 2303 vel
768 2277 907 2303 rerum
930 2264 1357 2304 vltramundanarum
1380 2265 1720 2316 vestigationem,

120 2316 246 2355 modo
285 2317 398 2356 adsit
434 2318 648 2369 ingenium
686 2318 799 2365 felix,
840 2323 883 2358 et
922 2319 1034 2358 absit
1072 2318 1299 2358 definiendi
1337 2320 1568 2365 temeritas,
1609 2319 1802 2370 absit215

118 2372 355 2422 peruicacia
379 2376 423 2410 et
448 2372 695 2411 concordiae
720 2373 864 2424 pestis,
891 2373 1088 2412 vincendi
1113 2375 1310 2425 pertinax
1335 2373 1480 2412 libido.

172 2425 347 2465 Summa
364 2430 534 2465 nostrae
551 2427 760 2478 religionis
778 2440 863 2478 pax
881 2431 946 2466 cst
962 2432 1006 2466 et
1024 2429 1296 2466 vnanimitas.
1355 2428 1419 2466 Ea
1436 2428 1509 2466 vix
1527 2430 1719 2466 constare

117 2480 289 2531 poterit,
319 2481 399 2519 nisi
428 2480 481 2519 de
509 2494 639 2531 quam
668 2485 812 2533 potest
840 2482 1104 2533 paucissimis
1133 2482 1398 2528 definiamus,
1429 2486 1473 2520 et
1501 2482 1545 2519 in
1575 2481 1721 2520 multis

117 2534 296 2573 liberum
338 2534 627 2585 relinquamus
669 2549 793 2574 suum
837 2536 988 2587 cuique
1030 2536 1262 2582 iudicium;
1322 2540 1560 2587 propterea,
1605 2535 1721 2585 quod

116 2588 263 2639 ingens
284 2589 340 2627 sit
360 2602 500 2628 rerum
521 2589 799 2641 plurimarum
821 2590 1070 2637 obscuritas,
1093 2595 1137 2629 ot
1158 2591 1236 2629 hoc
1260 2590 1395 2628 morbi
1416 2589 1501 2628 foro
1523 2590 1719 2628 innatum
1737 2608 1803 2632 220

116 2643 173 2681 sit
201 2643 421 2681 hominum
449 2643 640 2695 ingeniis,
670 2648 721 2683 vt
749 2643 893 2684 cedere
923 2645 1114 2683 nesciant
1142 2644 1268 2683 simul
1297 2648 1427 2695 atque
1456 2656 1521 2682 res
1549 2644 1591 2682 in
1623 2656 1717 2682 con-

331 2741 401 2769 101.
426 2731 602 2763 interdum
619 2731 695 2763 add.
712 2734 746 2767 β.
1017 2734 1090 2765 218.
1117 2741 1224 2773 quam
1243 2734 1360 2773 potest
1378 2731 1452 2764 add.
1474 2732 1507 2765 β.

166 2836 236 2868 177.
262 2823 536 2866 apophthegma]
575 2825 626 2856 (tf.
660 2825 765 2866 Adaq.
808 2827 882 2867 569,
996 2837 1068 2868 214.
1093 2826 1129 2858 in
1154 2830 1223 2858 tres
1248 2827 1381 2866 partes]
1405 2825 1456 2858 Cf.
1482 2826 1542 2858 the
1573 2827 1650 2859 title
1682 2827 1716 2858 of

117 2869 264 2910 quoting
287 2869 382 2899 Lact.
406 2869 490 2899 lust.
514 2877 543 2908 3.
566 2878 620 2900 20.
949 2869 1103 2911 Gregory
1155 2870 1311 2901 R-eisch’s
1364 2869 1556 2909 Marqarita
1606 2871 1714 2911 phila-

167 2914 236 2945 180.
263 2910 502 2950 Homericum]
523 2912 582 2944 Od.
602 2922 635 2952 4.
658 2921 732 2952 392.
948 2913 1097 2953 sophica,
1136 2913 1236 2945 totius
1273 2913 1486 2954 philosophie
1524 2914 1714 2948 rationali-v.

167 2958 236 2993 198.
264 2954 376 2993 Pauli]
399 2965 409 2986 1
434 2955 509 2987 (lor.
529 2958 561 2986 8.
585 2964 612 2986 1.
948 2956 1127 2994 naturalis,
1163 2961 1191 2988 el
1227 2956 1365 2989 moralis
1401 2957 1574 2999 principia
1615 2983 1620 2989 .
1663 2983 1666 2985 Α

164 3010 237 3038 209.
262 2997 411 3038 fructus]
428 2998 478 3031 Cf.
497 2998 572 3031 Gal.
593 3008 622 3040 5.
641 3008 695 3031 22.
947 3000 1161 3041 complectens
1177 3013 1183 3032 :
1218 3011 1273 3033 sec
1292 3000 1358 3043 Ep.
1380 3002 1456 3041 308.

178 3069 278 3102 45²·5
897 3066 930 3095 N
