2012 3370
242 466 280 505 85

240 747 283 778 90

223 1290 284 1313 100

222 1562 279 1594 105

305 130 381 168 148
772 130 1026 170 LETTERS
1059 131 1130 171 OF
1160 131 1424 172 ERASMUS
1512 193 1515 197 .
1775 134 1896 183 [1522

303 239 361 279 Et
380 240 589 291 propheta
608 241 651 278 in
673 239 854 286 Psalmo,
879 239 888 254 ‘
908 239 1004 279 Vidi
1024 241 1201 291 impium
1223 241 1588 292 superexaltatum
1609 255 1734 293 super
1753 243 1899 283 cedros

303 294 466 341 Libani,
498 299 542 333 et
571 295 763 340 transiui,
794 299 839 333 et
868 307 975 341 ecce,
1008 308 1093 334 non
1123 299 1243 334 erat:
1289 297 1452 347 quesiui
1483 296 1616 344 illum,
1647 300 1692 336 et
1719 310 1805 337 non
1834 302 1900 337 est

302 350 503 388 inuentus
524 349 640 387 locus
661 349 750 387 eius
771 349 793 387 ’.

358 403 480 450 Quod
506 403 749 441 nullatenus
777 403 1024 442 dubitamus
1051 405 1184 442 eciam
1213 404 1398 444 Luthero
1426 409 1469 443 et
1496 406 1582 443 suis
1610 405 1897 456 complicibus,

302 458 383 495 nisi
417 458 682 508 resipuerint,
722 459 807 496 cito
843 462 1110 497 euenturum.
1178 458 1258 506 Qui
1294 464 1344 498 vt
1379 460 1459 510 ipsi
1496 464 1597 498 sunt
1633 460 1820 499 carnales
1856 465 1900 499 et

301 511 635 550 dominationem
653 516 985 559 contemnentes,
1003 513 1065 551 ita
1082 526 1226 552 omnes
1242 515 1306 552 sui
1322 514 1477 552 similes
1493 514 1665 552 reddere
1683 518 1898 565 satagunt.

302 566 369 604 An
395 567 524 617 igitur
552 570 701 605 contra
728 567 906 605 istorum
935 568 1142 606 insaniam
1171 568 1316 607 stilum
1343 573 1467 607 tuum
1496 581 1644 607 acuere
1672 569 1900 616 recusabis,

301 632 407 670 quos
429 621 545 659 Deus
564 621 650 659 iam
671 634 696 659 a
716 620 824 659 facie
852 634 929 659 sua
950 623 1171 672 proiecisse
1192 627 1236 661 et
1256 623 1300 661 in
1327 623 1554 674 reprobum
1577 635 1745 661 sensum
1767 624 1899 662 mani-

301 673 411 713 festo
438 674 663 714 tradidisse
692 676 960 726 perspicuum
989 680 1066 723 est,
1098 682 1147 715 vt
1175 677 1375 723 dicerent,
1407 677 1606 716 docerent
1635 690 1683 716 ac
1712 677 1901 717 facerent

302 742 384 780 quc
401 742 488 768 non
505 730 765 769 conueniunt
783 733 798 768 Υ
827 730 906 769 Ρο1
925 730 999 769 hos
1022 732 1214 770 vniuersa
1232 731 1386 771 Christi
1405 732 1591 770 Ecclesia
1610 732 1900 783 perturbatur,

301 784 468 822 animae
495 784 823 823 innumerabiles
851 789 1020 823 eternae
1049 786 1335 825 damnationis
1363 791 1484 825 reatu
1513 800 1609 825 cum
1637 788 1738 837 ipsis
1767 786 1899 825 inuol-

302 842 476 878 uuntur.
542 839 696 890 Itaque
733 852 888 890 exurge
925 840 968 878 in
1005 840 1264 879 adiutorium
1302 854 1454 879 causae
1492 842 1583 887 Dei,
1622 847 1666 880 et
1703 841 1901 892 preclaris

300 894 456 944 ingenii
476 894 541 931 tui
562 893 734 932 dotibus
753 894 799 932 in
818 894 993 944 gloriam
1014 895 1116 941 eius,
1138 896 1249 933 sicut
1268 896 1312 933 in
1332 896 1440 934 hanc
1462 908 1595 946 vsque
1616 895 1727 934 diem
1748 895 1899 940 fecisti,

302 951 433 987 vtere.
485 948 634 999 Cogita
656 952 698 987 te
721 949 766 987 in
787 948 866 987 hoc
888 950 1089 999 positum,
1115 953 1163 987 vt
1186 962 1260 999 per
1281 954 1402 988 tuam
1425 949 1679 988 industriam
1702 963 1799 988 cum
1822 950 1901 989 Dei

269 1019 280 1026 -
302 1002 460 1041 auxilio
490 1015 644 1053 magna
673 1015 817 1041 eorum
848 1004 920 1052 qui
950 1016 974 1040 a
1005 1003 1192 1041 Luthero
1220 1003 1412 1042 8110110181
1440 1008 1555 1050 sunt,
1586 1016 1684 1054 pars
1712 1005 1756 1042 in
1785 1005 1899 1042 viam

302 1060 463 1095 rectam
501 1056 647 1095 redeat
668 1070 676 1102 ;
728 1058 801 1107 qui
839 1057 1029 1095 nondum
1074 1057 1329 1104 ceciderunt,
1375 1057 1550 1096 stabiles
1593 1063 1871 1109 permaneant
1891 1072 1899 1105 ;

302 1112 375 1161 qui
395 1111 643 1149 vacillantes
664 1123 712 1149 ac
734 1111 871 1161 lapsui
892 1112 1120 1162 propinqui
1141 1116 1255 1157 sunt,
1278 1124 1304 1150 a
1324 1124 1426 1150 casu
1445 1117 1754 1163 preseruentur.

357 1164 447 1212 Que
473 1177 538 1203 res
565 1178 695 1216 quam
722 1169 845 1216 grata
872 1166 975 1212 Deo,
1005 1179 1135 1216 quam
1162 1167 1272 1205 veris
1299 1166 1517 1205 catholicis
1543 1166 1729 1206 iucunda
1755 1166 1901 1206 futura

302 1219 371 1265 sit,
401 1222 451 1258 tu
479 1220 569 1270 ipse
598 1219 720 1258 facile
753 1220 1092 1259 animaduertere
1125 1224 1260 1272 potes.
1323 1221 1471 1260 Eciam
1500 1221 1629 1260 debes
1661 1222 1901 1260 meminisse

302 1273 406 1312 dicti
435 1273 546 1312 illius
576 1274 691 1313 beati
722 1273 867 1313 Iacobi
896 1275 1103 1326 Apostoli,
1135 1288 1221 1326 quo
1250 1280 1466 1315 asseuerat
1495 1289 1592 1314 eum
1622 1277 1696 1326 qui
1723 1275 1900 1315 fratrem

300 1340 426 1366 suum
448 1341 474 1366 a
496 1329 678 1367 veritate
700 1333 912 1367 errantem
936 1331 1193 1368 conuerterit
1215 1334 1260 1369 et
1281 1335 1547 1381 peccatorem
1570 1330 1625 1369 ab
1647 1343 1784 1369 errore
1807 1331 1901 1369 viae

301 1395 403 1421 suae
428 1383 706 1429 reuocauerit,
735 1396 902 1422 serua-re
929 1384 1047 1422 illum
1075 1397 1100 1422 a
1128 1387 1264 1423 morte
1291 1389 1335 1423 et
1362 1385 1573 1436 cooperire
1600 1384 1681 1423 sibi
1707 1385 1900 1424 multitu-

301 1436 443 1475 dinem
473 1441 758 1488 peccatorum.
818 1438 952 1476 Nobis
981 1442 1093 1477 certe
1122 1438 1205 1477 dici
1234 1452 1320 1478 non
1348 1443 1493 1490 potest
1521 1452 1650 1490 quam
1681 1443 1901 1490 acceptam

301 1492 357 1530 sis
381 1504 470 1530 rem
493 1491 698 1539 facturus,
726 1493 760 1531 si
784 1496 861 1531 tua
887 1506 1014 1544 opera
1039 1494 1260 1544 contingat
1285 1498 1335 1532 vt
1359 1495 1431 1544 qui
1456 1495 1639 1545 pessima
1663 1493 1743 1533 hac
1768 1494 1902 1533 heresi

301 1545 448 1585 infecti
470 1550 583 1592 sunt,
608 1551 760 1597 sponte
782 1547 929 1597 pocius
952 1560 1029 1586 sua
1051 1549 1300 1598 resipiscant
1323 1561 1453 1598 quam
1477 1549 1665 1587 censoria
1688 1561 1900 1587 sacrorum

301 1613 513 1639 canonum
530 1600 755 1651 legumque
772 1601 1054 1652 imperialium
1072 1603 1191 1652 virga
1208 1601 1323 1641 feriri
1340 1606 1581 1653 expectent.
1630 1602 1753 1650 Quod
1771 1615 1899 1654 quam

345 1672 396 1703 81.
423 1671 471 1702 Et
485 1694 492 1701 .
510 1695 517 1702 .
534 1695 541 1702 .
560 1671 637 1702 Vidi
653 1683 671 1701 α
687 1683 693 1702 :
721 1672 813 1709 Vidi,
826 1673 941 1713 inquit
955 1673 1139 1714 propheta,
1153 1676 1186 1708 Β.
1315 1677 1366 1707 82.
1392 1674 1489 1706 illum
1505 1686 1567 1707 om.
1597 1678 1619 1709 β
1753 1677 1804 1713 84.
1830 1675 1905 1706 11111-

298 1713 436 1745 latenus
463 1714 667 1746 dubitamus
693 1727 735 1746 cz:
776 1716 1006 1757 proculdubio
1031 1719 1064 1750 β.
1223 1718 1450 1760 complicibus
1466 1729 1528 1750 om.
1549 1721 1583 1753 β.
1749 1721 1800 1760 85.
1826 1729 1902 1750 eue-

300 1757 373 1789 niet
391 1759 423 1791 Β.
560 1760 611 1791 86.
639 1758 887 1791 dominationis
905 1761 938 1793 β.
1090 1764 1257 1803 satagunt
1274 1774 1292 1791 cz
1309 1774 1316 1793 ε
1356 1762 1501 1794 student
1521 1764 1554 1796 β.
1713 1763 1764 1805 87.
1782 1772 1905 1794 acuere

300 1801 474 1832 recusabis
495 1813 537 1833 u:
573 1806 774 1834 conuertere
796 1803 975 1835 dubitabis
996 1806 1029 1838 β.
1207 1807 1257 1838 88.
1285 1805 1468 1838 manifeste
1481 1807 1514 1840 β.
1697 1807 1747 1845 89.
1774 1806 1903 1847 perspi-

300 1855 405 1876 cuum
418 1848 471 1876 est
483 1857 503 1874 a
518 1857 525 1877 z
553 1847 766 1887 conspicitur
778 1849 811 1879 Β.
1026 1847 1182 1880 dicerent
1193 1850 1267 1882 add.
1284 1852 1316 1883 β.
1488 1859 1528 1880 30
1547 1849 1703 1880 facerent
1721 1861 1741 1879 α
1757 1862 1764 1881 ;
1797 1853 1904 1891 atque

300 1892 442 1930 agerent
461 1890 494 1923 β.
666 1901 718 1929 90.
745 1890 811 1921 Per
829 1890 891 1922 hos
910 1902 951 1922 a:
986 1891 1113 1932 quibus
1134 1895 1166 1924 Β.
1346 1904 1397 1932 91.
1423 1892 1692 1924 innumerabiles
1711 1893 1849 1924 animae
1869 1895 1903 1927 Β.

300 1932 384 1973 ipsis
403 1944 445 1963 a:
480 1933 528 1964 eis
547 1935 581 1967 β.
755 1944 807 1973 92.
834 1934 961 1976 Itaque
981 1946 1023 1966 a:
1058 1935 1197 1977 Exurge
1217 1938 1250 1970 β.
1423 1947 1474 1978 93.
1500 1937 1628 1978 ingenii
1650 1960 1658 1968 .
1683 1961 1690 1967 .
1715 1960 1722 1968 .
1747 1937 1840 1968 diem
1861 1949 1879 1967 α
1897 1950 1903 1969 :

300 1975 443 2007 dotibus
478 1976 620 2017 ingenii,
654 1987 742 2018 quas
777 1977 822 2009 ab
858 1988 899 2009 eo
935 1979 1114 2020 accepisti,
1147 1980 1184 2011 in
1225 1980 1297 2011 eius
1338 1979 1517 2018 honorem,
1552 1980 1643 2012 sicut
1676 1979 1855 2021 hucusque
1870 1983 1892 2014 β

301 2030 352 2061 94.
380 2023 415 2051 te
427 2044 434 2050 .
449 2043 456 2051 .
472 2043 479 2051 .
494 2030 546 2061 95.
572 2020 726 2052 Luthero
742 2032 761 2050 α
776 2033 783 2052 :
809 2022 845 2053 in
863 2026 898 2053 10
914 2023 1068 2063 positum
1091 2033 1176 2061 esse,
1193 2034 1272 2055 cum
1289 2024 1354 2055 Dei
1377 2024 1564 2063 adiutorio,
1584 2027 1625 2055 vt
1641 2033 1768 2065 magna
1783 2034 1903 2055 eorum

301 2063 360 2102 qui
380 2073 442 2104 per
461 2063 654 2095 Lutherum
685 2066 718 2098 β.
910 2069 1041 2097 10013111
1074 2067 1168 2098 viam
1197 2069 1230 2101 β.
1411 2078 1462 2110 97.
1490 2068 1551 2108 qui
1577 2079 1620 2099 a:
1650 2067 1717 2106 Qui
1749 2078 1832 2099 vero
1869 2070 1903 2101 Β.

300 2116 383 2137 03811
399 2118 418 2136 α
433 2119 440 2138 :
482 2106 632 2139 labendo
648 2108 789 2149 penitus
804 2109 837 2141 β.
1004 2111 1054 2149 98.
1082 2120 1189 2151 quam
1206 2111 1296 2142 veris
1312 2123 1330 2141 α
1346 2124 1354 2143 ;
1395 2115 1431 2142 et
1447 2111 1538 2143 veris
1554 2112 1588 2144 Β.
1753 2121 1806 2151 99.
1831 2111 1904 2152 ipse

301 2149 375 2181 add.
396 2151 429 2183 β.
659 2151 937 2184 animaduertere
954 2166 972 2181 <z
989 2165 996 2184 :
1028 2154 1211 2186 aestimare
1229 2157 1262 2188 β.
1487 2155 1553 2193 Qui
1576 2155 1684 2186 etiam
1708 2154 1904 2186 meminisse

300 2192 406 2224 debes
428 2195 462 2227 β.
580 2204 650 2226 100.
677 2194 772 2226 beati
795 2196 869 2227 add.
898 2199 929 2227 s,
1069 2202 1246 2230 asseuerat
1268 2210 1310 2229 a:
1343 2198 1465 2229 asserit
1482 2200 1515 2231 β.
1634 2208 1703 2230 102.
1731 2199 1904 2239 cooperire

299 2236 367 2268 sidi
384 2248 403 2266 α
420 2248 428 2267 2
461 2236 592 2278 operire
610 2239 644 2271 Β.
770 2249 841 2281 104.
866 2239 912 2271 sis
931 2249 1002 2271 rem
1021 2240 1178 2272 facturus
1195 2253 1213 2270 a
1230 2254 1237 2273 :
1270 2251 1343 2273 rem
1358 2240 1463 2273 facies
1479 2244 1511 2276 β.
1663 2242 1845 2284 contingat
1859 2254 1879 2272 α
1895 2254 1902 2274 z

302 2280 362 2311 fiet
378 2281 412 2312 Β.
570 2280 635 2312 1130
651 2292 671 2311 α
686 2293 693 2313 :
722 2282 792 2314 ista
806 2285 840 2316 β.
995 2286 1066 2316 106.
1092 2284 1186 2316 feriri
1202 2297 1220 2314 a
1236 2297 1244 2317 ι
1277 2285 1413 2327 percuti
1431 2287 1464 2319 β.

301 2370 335 2398 te
355 2367 564 2399 Lutheranis
583 2368 778 2401 eruditione
797 2374 860 2402 aut
878 2369 960 2402 stilo
979 2370 1098 2402 cedere
1117 2370 1286 2408 fatereris,
1305 2380 1394 2412 quos
1414 2371 1534 2402 multis
1553 2381 1756 2412 persuasum
1776 2375 1827 2403 est
1849 2372 1903 2405 vel

299 2410 413 2442 solum
431 2411 652 2453 promulgato
667 2413 730 2444 abs
746 2417 781 2445 te
797 2414 834 2445 in
850 2424 908 2445 eos
925 2413 1097 2446 scribendi
1113 2424 1260 2451 rumore,
1278 2418 1411 2455 puncto
1427 2415 1594 2456 temporis
1610 2414 1834 2456 profligatum
1849 2416 1903 2454 iri,

302 2454 351 2486 At
366 2454 415 2485 illi
431 2465 523 2486 nunc
540 2455 679 2497 superbi
694 2456 796 2488 elatis
812 2458 926 2489 cristis
941 2458 1071 2499 partim
1087 2461 1123 2489 te
1138 2457 1203 2489 sibi
1218 2457 1343 2489 ducem
1358 2458 1537 2496 iactitant,
1552 2462 1615 2489 tuo
1629 2459 1772 2490 consilio
1789 2460 1904 2491 omnia

300 2498 384 2538 geri,
404 2502 512 2539 atque
533 2499 622 2530 adeo
642 2500 814 2542 quidquid
836 2500 968 2532 habent
988 2511 1031 2532 ex
1053 2502 1123 2533 tuis
1143 2501 1301 2533 fontibus
1323 2501 1508 2539 deriuasse‚
1529 2502 1659 2542 partim
1680 2512 1904 2544 nequaquam

303 2541 493 2573 taciturum
521 2545 556 2573 te
584 2542 630 2574 ad
658 2543 742 2575 haec
770 2545 806 2575 in
834 2544 961 2586 quibus
990 2555 1136 2586 magnus
1165 2544 1338 2576 Ecclesiae
1366 2545 1471 2576 cardo
1498 2546 1660 2582 vertitur,
1688 2546 1755 2577 nisi
1783 2556 1902 2578 eorum

301 2585 432 2626 scripta
459 2585 635 2625 probares,
662 2597 772 2628 quum
800 2588 855 2619 vel
883 2588 1045 2619 minimas
1071 2598 1229 2630 quasque
1256 2589 1424 2620 sermonis
1449 2587 1623 2620 labeculas
1650 2589 1754 2630 longo
1781 2589 1905 2621 saltem

301 2629 379 2659 aeui
398 2631 435 2660 et
454 2628 627 2661 Ecclesiae
646 2640 711 2662 vsu
731 2630 926 2663 tolerabiles
945 2632 982 2663 in
1000 2632 1106 2663 sacris
1122 2631 1220 2663 libris
1238 2632 1316 2673 pati
1332 2642 1402 2663 non
1421 2633 1541 2673 possis.
1586 2632 1653 2664 Sed
1673 2632 1833 2664 omnibus
1852 2633 1906 2665 his

303 2671 402 2703 malis
423 2673 567 2704 minimo
586 2675 728 2714 negocio
748 2674 889 2706 obuiam
908 2675 987 2712 ibis,
1006 2679 1042 2706 et
1061 2685 1103 2706 ex
1123 2675 1290 2706 diuturno
1311 2678 1373 2706 tuo
1391 2675 1530 2706 silentio
1548 2683 1753 2717 conceptam
1773 2676 1809 2708 in
1828 2687 1900 2718 pec-

302 2714 436 2746 toribus
462 2715 642 2748 hominum
668 2717 797 2749 nubem
822 2719 945 2749 statim
970 2718 1131 2760 depelles,
1156 2719 1185 2750 si
1210 2722 1332 2750 contra
1355 2719 1441 2750 istos
1467 2718 1665 2751 turbatores
1690 2719 1906 2751 Christianae

303 2759 472 2796 caritatis,
493 2759 671 2801 nihiloque
695 2761 809 2793 minus
833 2762 885 2793 tui
908 2762 1059 2793 nominis
1081 2762 1319 2800 infamatores,
1344 2772 1463 2794 omnes
1485 2763 1615 2804 ingenii
1636 2762 1830 2803 calamique
1854 2765 1905 2794 tui

303 2811 426 2833 neruos
448 2805 485 2834 et
505 2804 767 2845 quamprimum
789 2808 825 2836 et
846 2806 934 2836 serio
955 2805 1114 2837 intendes
1131 2818 1138 2837 ε
1175 2805 1276 2844 Quod
1298 2806 1328 2836 si
1348 2805 1480 2843 feceris,
1501 2816 1573 2837 non
1595 2805 1798 2837 dubitamus
1820 2807 1906 2847 quin

303 2844 466 2876 melliflua
490 2849 553 2877 tua
575 2846 775 2888 eloquentia
798 2852 833 2879 et
857 2849 957 2880 bonis
984 2849 1143 2890 viuisque
1170 2848 1377 2886 rationibus,
1404 2859 1492 2890 qua-s
1522 2848 1684 2886 adduces,
1714 2848 1902 2890 plurimum

302 2888 409 2918 etiam
431 2890 623 2921 autoritate
646 2894 708 2922 tua
730 2893 883 2933 promoti
906 2892 1110 2930 Lutherani,
1130 2892 1177 2924 ad
1199 2892 1429 2933 redemptoris
1450 2892 1504 2923 sui
1525 2902 1662 2933 gregem
1685 2902 1789 2933 quem
1814 2893 1908 2925 malo

347 2976 397 3006 81.
425 2975 611 3016 propheta]
627 2977 690 3008 See
706 2977 770 3019 Ep.
792 2980 885 3020 1381.
908 2987 1004 3018 145n.
1183 2980 1235 3010 88.
1261 2977 1446 3019 reprobum
1458 2976 1612 3017 sensum]
1625 2977 1674 3010 Cf.
1687 2977 1789 3011 Rom.
1807 2987 1833 3010 1.
1849 2981 1903 3011 28.

392 3017 546 3058 Psalmo]
562 3021 614 3059 36.
633 3022 721 3061 35,6.
1190 3032 1260 3054 100.
1286 3019 1420 3060 Iacobi]
1439 3029 1468 3061 5.
1490 3029 1597 3059 19‚2o.
