2012 3370
114 147 239 198 1469}
561 143 633 184 TO
663 144 949 184 NICHOLAS
980 144 1258 185 EVERARD
1629 149 1708 186 499

111 255 182 289 and
199 256 260 288 the
275 266 371 289 same
388 256 559 288 inference
576 265 658 296 may
676 253 717 287 be
735 254 853 287 drawn
870 255 960 287 from
978 255 1039 288 the
1057 266 1133 288 care
1150 255 1236 288 with
1253 255 1365 288 which
1383 256 1426 288 he
1442 254 1619 297 amplified
1636 254 1707 287 this

111 300 216 332 letter
231 304 271 333 to
287 310 382 333 more
398 299 486 332 than
503 299 602 332 twice
617 299 665 331 its
681 298 827 341 original
843 298 964 341 length
979 299 1034 331 for
1049 299 1220 332 inclusion
1235 300 1272 332 in
1289 299 1334 332 H.

156 343 314 376 Another
335 343 467 386 change
488 342 570 376 that
591 341 633 375 he
656 341 758 374 made
779 342 816 374 in
838 342 993 384 printing
1015 352 1085 374 was
1107 347 1146 375 to
1167 342 1336 375 antedate
1357 342 1419 375 the
1440 342 1545 376 letter
1567 341 1616 384 by
1637 345 1708 375 two

112 387 254 419 months
273 387 344 420 and
363 397 468 419 more.
512 385 605 427 Why
623 385 667 417 he
686 385 747 417 did
768 385 839 417 this
860 385 879 417 I
900 389 1030 418 cannot
1048 386 1256 426 conjecture.
1301 386 1540 428 Presumably,
1562 396 1601 418 as
1621 385 1707 418 with

112 430 201 472 Epp.
226 439 299 471 333,
324 439 340 470 3
345 438 396 471 35,
418 430 461 462 he
479 428 609 462 wished
628 428 689 461 the
704 427 823 470 public
843 432 882 461 to
902 428 1035 461 believe
1050 429 1132 462 that
1147 428 1208 462 the
1224 429 1329 462 letter
1344 440 1414 462 was
1431 430 1570 462 written
1587 440 1609 462 a
1626 439 1706 461 con-

111 474 282 506 siderable
297 473 398 506 while
410 472 526 505 before
538 473 569 505 it
579 471 735 513 actually
746 483 827 505 was.
875 472 947 504 The
959 472 1183 505 mouth-date
1196 472 1233 505 of
1244 472 1304 505 the
1318 482 1374 505 ms.
1390 484 1472 514 may
1485 473 1527 506 be
1540 472 1707 515 accepted

111 518 148 549 in
166 518 253 550 view
271 517 308 550 of
325 517 425 550 other
442 516 563 549 letters
581 519 620 548 to
638 515 699 548 the
714 515 947 548 Netherlands
963 515 1071 548 dated
1087 526 1132 548 on
1149 516 1209 548 the
1221 526 1317 548 same
1329 516 1400 558 day
1413 517 1516 559 (Epp.
1537 519 1690 557 1471-3).

155 560 186 592 A
199 561 472 603 superscription
484 559 532 602 by
547 559 600 592 De
614 557 649 591 la
663 559 770 601 Faye,
786 559 794 572 ‘
805 559 869 600 Ep.
889 568 1055 592 Donxxrx
1076 559 1118 593 N.
1138 559 1205 597 E.',
1221 559 1293 591 and
1307 560 1367 592 the
1384 560 1491 602 figure
1506 568 1569 600 233
1588 563 1626 592 at
1647 559 1707 592 the

110 604 188 636 foot
204 603 240 636 of
255 604 316 636 the
330 613 432 647 page,
447 603 542 636 show
558 603 639 635 that
653 602 713 634 the
734 611 792 635 MS.
815 612 886 635 was
909 604 946 635 in
970 602 1030 634 the
1054 602 1232 635 Deventer
1254 602 1484 636 Letter-book
1507 604 1607 636 when
1628 603 1709 635 that

111 657 208 680 came
222 648 300 680 into
315 648 374 680 the
391 646 503 680 hands
519 646 556 679 of
572 646 729 684 Lecler03
754 645 798 679 cf.
816 646 885 678 vol.
904 647 927 685 i,
944 644 990 688 pl.
1009 655 1041 686 3,
1058 645 1094 678 of
1110 645 1174 688 Ep.
1195 655 1270 689 215,
1287 647 1357 679 and
1373 658 1406 689 p.
1424 647 1515 687 603]

165 705 206 747 S.
225 706 287 754 P„
317 706 581 745 ornatissime
595 705 781 744 Praeses.
811 704 978 743 Allatus
992 708 1057 743 est
1068 704 1151 743 huc
1165 704 1331 744 libellus
1344 705 1565 744 cuiusdam
1578 706 1709 744 etiam

109 761 198 800 sine
229 761 399 800 nomine
430 761 522 799 noti
552 772 602 798 ac
634 759 819 807 celebris,
852 759 999 797 iocone
1031 771 1086 798 an
1118 758 1224 797 serio
1256 759 1438 810 scriptus
1469 760 1709 806 incertum;

110 818 303 853 autorem
336 813 416 853 tibi
448 818 600 853 notum
633 826 722 851 esse
756 814 854 852 scio.
917 812 1108 851 Primum
1142 813 1248 851 miro
1282 812 1509 852 verborum
1543 812 1709 852 ambitu

107 867 249 907 reddit
276 869 485 907 rationem
515 881 624 919 quur
653 866 851 906 maluerit
880 866 1130 906 Hollandice
1160 865 1338 906 scribere
1368 880 1499 918 quam
1529 867 1710 906 Latine:

109 924 230 973 quasi
251 924 362 962 inter
380 935 457 961 nos
477 926 689 961 certamen
710 923 767 960 sit
786 925 881 960 vter
903 921 1086 960 alterum
1109 925 1280 972 superet
1301 921 1503 961 facundia
1526 921 1711 960 Romani
1731 936 1746 968 5

108 978 324 1024 sermonis,
344 980 421 1015 aut
439 977 560 1028 quasi
577 976 709 1015 lector
726 989 813 1014 non
831 977 979 1014 statim
999 977 1265 1015 coniecturus
1283 976 1340 1014 sit
1357 988 1488 1027 quare
1506 975 1711 1028 gloriosus

107 1031 209 1069 iuris
242 1031 463 1082 Vtriusque
497 1030 658 1070 Doctor
693 1030 890 1069 maluerit
923 1029 1087 1081 vulgari
1114 1029 1259 1082 lingua
1287 1030 1479 1077 scribere,
1508 1030 1709 1069 nimirum

108 1088 158 1123 vt
185 1084 411 1124 Erasmum
439 1084 554 1136 apud
581 1084 733 1136 vulgus
760 1083 1004 1123 traduceret
1030 1097 1116 1123 non
1142 1097 1457 1136 responsurum.
1513 1084 1577 1123 Ne
1604 1084 1710 1122 illud

108 1138 281 1190 quidem
324 1139 564 1185 obscurum,
608 1138 712 1190 quid
755 1138 970 1177 hominem
1012 1137 1230 1189 impulerit
1272 1138 1328 1177 ad
1370 1138 1450 1178 hoc
1492 1139 1679 1190 ineptiae
1700 1153 1708 1185 ;

106 1193 307 1232 nimirum
345 1193 498 1232 vrebat
534 1193 654 1232 illum
693 1192 941 1244 magnificus
978 1192 1047 1232 ille
1084 1192 1251 1240 titulus,
1291 1206 1418 1244 quem
1456 1193 1598 1232 nescio
1636 1193 1710 1244 qui
1731 1206 1770 1229 10

104 1245 246 1286 libello
266 1260 343 1286 suo
361 1246 659 1299 praefixerant.
710 1246 840 1295 Quasi
859 1247 963 1285 mihi
982 1246 1288 1298 praestandum
1308 1248 1364 1286 sit
1383 1259 1510 1298 quem
1530 1248 1710 1298 quisque

106 1301 283 1340 titulum
313 1301 447 1340 addat
477 1301 668 1340 Erasmo.
729 1301 850 1341 Certe
880 1314 966 1340 non
995 1302 1164 1352 ignorat
1194 1302 1325 1340 etiam
1354 1302 1444 1352 ipse
1474 1313 1542 1340 me
1571 1313 1709 1352 neque

104 1354 158 1394 de
176 1355 318 1394 libello
339 1355 481 1395 aedito
501 1368 639 1406 neque
660 1355 712 1394 de
732 1355 861 1394 titulo
882 1356 1112 1394 somniasse
1133 1367 1337 1406 vnquam‚
1359 1356 1609 1406 priusquam
1628 1356 1709 1394 iste

104 1422 193 1448 rem
224 1409 435 1460 proderet.
496 1409 590 1448 Iam
620 1409 743 1448 facile
775 1414 991 1448 succurret
1023 1410 1156 1448 cuiuis
1187 1422 1318 1461 quare
1348 1422 1435 1449 non
1466 1408 1711 1461 praefixerit

103 1475 260 1503 nomen
281 1476 418 1511 suum,
443 1476 691 1515 quanquam
713 1464 915 1515 plerique,
939 1468 989 1503 vt
1010 1465 1085 1511 ait,
1109 1476 1196 1502 non
1216 1465 1461 1515 ignorarent
1483 1465 1579 1516 quis
1600 1467 1711 1503 esset
1732 1479 1767 1510 15

105 1522 232 1557 autor
264 1522 357 1557 tam
391 1518 595 1570 elegantis
625 1517 769 1557 libelli.
847 1518 1060 1558 Nimirum
1094 1517 1314 1558 ambiebat
1344 1517 1427 1557 frui
1458 1518 1591 1570 gloria
1621 1518 1710 1557 sine

105 1573 282 1613 inuidia.
334 1573 463 1624 Apud
484 1586 554 1612 eos
575 1573 730 1624 quibus
751 1573 960 1611 arrisisset
979 1573 1312 1624 sycophanticus
1330 1572 1510 1620 libellus,
1533 1572 1710 1612 dixisset

104 1628 149 1666 in
187 1640 333 1666 aurem
373 1627 382 1642 ‘
401 1627 520 1667 Meus
557 1631 623 1666 est
642 1627 676 1668 ἐ
725 1628 760 1666 si
798 1628 893 1678 quis
930 1631 1124 1678 parasset
1167 1627 1350 1667 vltorem
1389 1627 1614 1674 calamum,
1655 1628 1710 1666 ad

103 1680 330 1720 inficialem
354 1694 505 1720 causae
530 1685 694 1721 statum
719 1681 989 1732 confugisset.

161 1734 318 1774 Verum
348 1748 400 1774 ne
430 1737 475 1774 in
504 1736 569 1774 his
598 1737 771 1787 ineptiis
801 1735 985 1774 multum
1016 1737 1220 1787 temporis
1250 1740 1451 1782 teramus,
1485 1736 1539 1774 ad
1570 1736 1710 1786 ipsum
1729 1750 1771 1773 20

106 1794 405 1841 argumentum
440 1789 789 1841 properabimus3
841 1790 957 1841 quod
991 1789 1077 1828 tale
1112 1794 1177 1828 est
1211 1794 1261 1829 vt
1295 1790 1483 1841 vndique
1519 1789 1707 1828 clamitet

104 1848 326 1896 parentem
347 1857 484 1891 suum,
507 1844 705 1883 videlicet
725 1844 949 1884 Nicolaum
971 1844 1310 1883 Ecmondanum.
1360 1843 1448 1884 Nec
1469 1845 1582 1883 enim
1602 1843 1710 1883 alius

104 1903 196 1938 tam
215 1898 414 1937 ridiculas
434 1911 568 1950 nugas
595 1912 672 1950 pro
693 1900 810 1938 seriis
830 1898 997 1938 effutire
1024 1900 1248 1950 potuisset.
1305 1898 1363 1938 Et
1391 1911 1573 1950 agnosco
1601 1911 1710 1949 quae

104 1952 239 1992 soleat
272 1953 538 2004 respondere,
575 1957 625 1992 vt
659 1953 757 1992 hinc
792 1953 996 2004 gloriosus
1032 1953 1192 1992 Doetor
1228 1957 1396 2004 praeter
1431 1952 1710 1991 Hollandicae

103 2007 328 2046 facundiae
348 2007 518 2046 laudem
537 2020 624 2046 non
642 2008 704 2046 ita
724 2008 908 2046 multum
928 2007 1084 2059 gloriae
1103 2009 1160 2046 sit
1177 2007 1401 2046 relaturus.
1728 2021 1767 2053 25

158 2061 371 2112 Principio
390 2063 497 2100 mira
514 2062 773 2101 dexteritate
792 2066 954 2101 tractat
973 2061 1113 2100 locum
1133 2074 1416 2101 communem.
1464 2060 1708 2100 Absurdum

103 2115 164 2154 illi
179 2115 351 2154 videtur
366 2116 401 2155 si
420 2117 515 2167 quis
534 2116 818 2167 reprehendat
838 2115 1024 2167 aliquem
1045 2117 1109 2155 sui
1129 2116 1301 2164 ordinis,
1323 2116 1403 2155 hoc
1422 2119 1489 2154 est
1508 2116 1543 2155 si
1563 2128 1706 2154 mona-

104 2169 207 2209 chus
252 2170 556 2209 monachorum
598 2171 709 2209 vicia
753 2174 915 2222 carpat,
954 2174 1031 2209 aut
1068 2171 1103 2208 si
1138 2169 1363 2222 theologus
1399 2168 1708 2221 theologorum,

104 2223 299 2263 sacerdos
338 2224 621 2263 sacerdotum.
691 2223 809 2272 Quur
847 2225 977 2275 igitur
1016 2224 1305 2275 Hieronymus
1345 2223 1579 2262 monachus
1617 2227 1709 2262 tam
1768 2250 1773 2252 ψ

104 2277 241 2317 multa
275 2278 443 2329 scripsit
476 2278 520 2317 in
556 2277 690 2317 malos
724 2279 992 2318 monachos?
1058 2278 1175 2326 Quur
1209 2279 1339 2318 toties
1372 2278 1417 2317 in
1452 2278 1516 2316 sui
1551 2276 1710 2316 ordinis
1726 2290 1769 2324 30

102 2331 294 2371 homines
323 2332 618 2371 stomachatur
648 2332 927 2372 Bernardus‘?
988 2332 1104 2380 Quur
1133 2333 1177 2371 in
1207 2332 1340 2371 malos
1369 2332 1588 2383 episcopos
1617 2335 1708 2370 tam

102 2386 255 2425 acriter
278 2386 494 2425 inuehitur
518 2386 754 2439 Cyprianus
776 2390 792 2426 ‘3
845 2386 939 2425 Imo
963 2399 1073 2437 quur
1095 2387 1225 2426 toties
1248 2385 1488 2437 Prophetae
1511 2386 1707 2424 saeuiunt

101 2441 146 2479 in
181 2439 613 2492 pseudoprophetas?
669 2441 786 2489 Quur
822 2442 951 2480 toties
987 2440 1146 2479 Paulus
1181 2439 1413 2491 Apostolus
1448 2440 1493 2478 in
1529 2438 1707 2490 pseudo-

101 2494 330 2545 apostolos,
354 2494 540 2534 Iudaeus
561 2496 606 2534 in
628 2494 823 2541 Iudaeos,
848 2495 1112 2535 Christianus
1133 2496 1178 2534 in
1200 2494 1474 2539 Christianos,
1498 2492 1708 2531 damnans

102 2552 146 2587 et
166 2548 394 2587 traducens
414 2548 581 2588 illorum
604 2549 851 2595 stulticiam,
874 2549 1109 2594 leuitatem,
1134 2549 1441 2593 contentiones,
1464 2547 1705 2592 ebrietates,
1726 2563 1742 2594 3
1750 2564 1764 2595 5

152 2629 177 2651 1.
203 2629 232 2651 S.
248 2629 277 2651 P.
311 2632 351 2652 a:
377 2629 542 2654 ERASMVS
557 2629 828 2653 ROTERODAMVS
845 2629 1002 2653 NJCOLAO
1026 2628 1233 2657 EVERARDO,
1259 2627 1498 2651 HOLLANDIAE
1519 2626 1704 2656 PRAESIDI,

102 2672 130 2695 s.
147 2672 182 2695 1).
203 2663 246 2695 H.
473 2673 502 2695 2.
530 2674 575 2696 an
593 2665 683 2696 ‹1N22
708 2674 748 2695 ac
768 2665 802 2695 II
814 2664 919 2696 Lami.
1157 2671 1184 2701 3.
1212 2666 1370 2695 autorem
1389 2687 1395 2693 .
1418 2687 1424 2693 .
1445 2688 1451 2694 .
1473 2662 1544 2694 scio
1561 2661 1637 2694 add.
1658 2661 1703 2694 H.

102 2706 189 2739 miro
207 2731 214 2738 .
235 2731 242 2738 .
263 2731 270 2738 .
293 2708 345 2738 26.
372 2717 591 2739 communem
609 2707 684 2739 add.
706 2707 750 2739 H.
922 2707 974 2738 28.
999 2707 1028 2739 si
1047 2717 1109 2738 om.
1134 2707 1177 2738 II.
1345 2714 1394 2744 32.
1422 2705 1499 2737 Iino
1519 2715 1610 2747 quur
1630 2732 1635 2738 .
1660 2731 1666 2737 .
1691 2731 1697 2737 .

104 2750 155 2789 36.
179 2750 375 2782 incaestum
394 2750 470 2783 add.
492 2750 527 2782 H
544 2751 732 2790 (incestum
749 2751 808 2789 N).

150 2830 199 2852 10.
224 2819 365 2858 titulus]
384 2819 576 2861 Evidently
593 2830 688 2851 some
709 2819 800 2852 book
820 2820 866 2861 by
936 2819 1103 2861 puerilem
1142 2819 1386 2860 expoliandam
1427 2818 1541 2856 vtiles,
1583 2829 1703 2852 verum

102 2862 269 2896 admirers
293 2863 330 2895 of
352 2863 542 2895 Erasmus:
579 2863 729 2905 perhaps
753 2863 866 2896 Eoba-
935 2864 1043 2896 etiam
1078 2863 1124 2895 ad
1159 2863 1271 2895 vitam
1305 2862 1560 2895 instituendam
1576 2861 1610 2901 ’ς
1658 2863 1706 2895 all

101 2906 178 2939 nus'
203 2907 458 2948 Hodoeporioon
481 2906 560 2948 (Ep.
585 2908 678 2946 870),
702 2917 742 2938 or
764 2906 868 2944 EAE„
940 2906 1092 2939 editions
1116 2906 1153 2938 of
1175 2906 1288 2938 which
1310 2906 1401 2939 from
1422 2906 1510 2949 Aug.
1539 2915 1620 2948 1522
1644 2918 1703 2939 on-

102 2950 221 2994 orssthe
240 2950 363 2983 Erfurt
381 2950 521 2982 volume
541 2949 578 2982 of
595 2950 767 2992 epigrams
788 2950 868 2992 (Ep.
943 2950 1055 2983 wards
1069 2950 1210 2982 contain
1221 2949 1281 2982 the
1291 2949 1491 2991 Apotheosis
1501 2949 1704 2992 capnionis,

102 2995 179 3033 998.
191 2995 286 3035 6611).
323 2993 372 3027 Or
381 2993 538 3036 possibly
549 2993 611 3026 the
622 2992 872 3034 Colloquiorum
943 2993 1029 3026 with
1051 3004 1072 3026 a
1093 3003 1179 3036 very
1204 2994 1369 3027 offensive
1396 2994 1558 3037 lampeon
1574 2993 1611 3026 of
1637 2993 1702 3036 Eg-

104 3037 295 3076 formulae,
333 3037 341 3050 ‘
354 3047 426 3070 non
460 3041 602 3071 tantum
637 3037 682 3070 ad
716 3037 871 3081 linguam
943 3037 1147 3070 mundanus.

837 3093 965 3135 Kk2
