2012 3370
255 134 333 171 :104
731 134 983 173 LETTERS
1016 134 1086 173 oF
1117 134 1380 175 ERASMUS
1733 138 1857 187 [1524

253 241 427 280 omnino
449 241 640 280 resistere
664 241 776 279 malo
798 241 819 287 ⁴,
846 242 925 280 huc
950 242 1127 281 trahunt
1151 247 1200 282 vt
1222 246 1377 294 putent
1398 256 1475 281 1100
1498 242 1644 282 Turcis
1665 244 1857 285 resisten-

253 296 370 341 dum,
399 295 566 334 Christo
591 296 821 346 imputent,
849 308 935 334 non
962 297 1077 335 mihi.
1135 296 1177 335 Is
1203 301 1268 336 est
1294 301 1419 336 autor
1445 309 1591 335 eorum
1618 297 1856 337 verborum.

253 349 312 389 At
348 362 426 400 ego
460 350 519 387 510
554 349 811 400 interpretor
847 350 951 389 haec
988 351 1119 389 verba
1154 352 1199 390 in
1234 351 1612 397 AnnotationibuS‚
1650 355 1700 390 vt
1734 365 1860 391 nemo

253 404 388 455 possit
420 402 503 441 huc
536 402 817 453 detorquere:
868 405 1124 456 interpretor
1157 406 1269 444 enim
1305 406 1313 420 ‘
1332 407 1524 444 resistere
1559 405 1684 451 malo,
1718 405 1763 444 id
1795 410 1862 445 cst

169 474 235 497 210
253 456 366 496 mala
398 457 563 495 ratione
584 457 606 495 '.
670 458 755 496 Eat
784 471 897 497 1111110
930 459 1183 498 venerabilis
1214 461 1388 506 Doctor,
1420 464 1463 498 et
1493 459 1610 498 dicat
1639 459 1860 499 Caesarem

251 515 365 550 recte
398 510 536 550 facere
569 512 604 550 si
637 511 796 551 Turcas
830 512 951 552 malis
983 514 1221 552 rationibus
1254 515 1449 564 impetat.
1513 514 1637 552 Nunc
1672 527 1771 553 vero
1805 514 1860 553 ab

252 565 382 604 asinis
401 565 446 603 in
467 578 592 604 canes
613 565 766 605 desilit.

309 618 466 658 Obiicit
497 633 549 658 ex
580 621 761 670 priuatis
792 621 848 659 ad
878 622 1093 672 quendam
1124 622 1269 668 literis,
1302 622 1415 673 quod
1449 634 1601 672 parum
1634 622 1859 662 honorifice

253 674 516 712 meminerim
557 673 739 714 duorum
779 675 1093 715 honorabilium
1134 678 1321 716 virorum
1363 676 1576 728 Egmondi
1615 680 1659 715 01
1699 676 1859 716 Η111511.

169 743 229 777 215
252 728 338 766 Res
366 728 459 779 ipsa
487 728 635 768 docuit
663 743 794 780 quam
823 731 909 769 sint
937 730 1134 777 honesti3
1180 731 1301 770 alteri
1331 735 1395 769 est
1425 731 1652 782 ademptus
1681 731 1860 782 gladius,

252 781 360 820 alter
390 783 464 821 vix
495 782 646 835 effugit
674 784 891 823 iudicium.
953 785 1278 825 Ecmondanum
1310 786 1439 824 noui:
1489 798 1636 823 verum
1667 798 1754 824 non
1784 798 1861 836 ego

251 835 378 875 solus.
431 836 489 875 Et
511 837 694 889 populus
716 839 840 878 nouit
862 852 947 878 non
971 841 1110 878 minus
1132 839 1313 878 stultum
1338 852 1468 891 quain
1490 840 1701 879 insanum.
1754 839 1859 878 Hul-

251 894 368 930 stum
387 890 476 930 vidi
494 895 680 939 tantum,
700 893 774 932 sed
792 897 837 932 et
854 893 966 933 hunc
984 907 1106 933 nosse
1125 895 1260 944 potui,
1281 893 1644 944 quemadmodum
1662 894 1861 932 nouimus

252 944 522 984 Phalaridem
542 959 591 985 ac
610 946 836 987 Neronem.
885 947 943 987 Hi
962 961 1095 1000 quum
1115 948 1252 987 tribus
1273 948 1412 987 verbis
1430 948 1581 986 leuiter
1600 948 1756 987 attacti
1775 948 1862 987 sint

168 1017 233 1039 220
250 1000 294 1039 in
315 999 496 1050 epistola
515 1001 719 1051 priuatim
739 1002 911 1053 scripta,
933 1002 1037 1053 quid
1057 1007 1149 1041 erat
1168 1015 1336 1041 necesse
1355 1001 1496 1041 libello
1518 1001 1695 1053 vulgato
1714 1002 1858 1041 tradu-

251 1067 356 1100 cere,
378 1066 560 1105 quorum
579 1054 720 1095 famae
739 1059 831 1095 tam
850 1060 994 1095 tenere
1014 1057 1170 1095 metuit
1187 1060 1202 1094 ‘l

306 1106 527 1148 Postremo
569 1113 695 1148 taxat
737 1110 854 1161 quod
896 1111 1133 1162 scripserim
1175 1111 1228 1149 de
1270 1110 1521 1161 publicanis,
1565 1110 1640 1161 qui
1681 1111 1860 1162 exigunt

250 1175 277 1200 a
303 1162 476 1213 populo,
504 1176 591 1202 non
619 1168 831 1215 quantum
858 1165 982 1204 iussit
1009 1166 1216 1216 princeps,
1246 1165 1363 1216 quod
1389 1166 1530 1216 ipsum
1556 1165 1752 1216 iniquum
1780 1168 1858 1212 est,

250 1216 324 1255 scd
360 1221 573 1267 quantum
608 1219 690 1269 ipsi
726 1219 891 1258 volunt.
957 1219 1038 1258 Hic
1073 1219 1143 1258 ille
1178 1223 1307 1270 putat
1343 1233 1410 1258 1110
1446 1219 1584 1257 dicere
1619 1220 1859 1270 principum

168 1288 228 1320 ,325
250 1272 495 1310 exactiones
516 1285 606 1310 esse
625 1273 819 1319 iniustas,
844 1278 894 1312 vt
915 1286 982 1312 me
1002 1287 1121 1312 reum
1142 1278 1320 1326 peragat
1341 1273 1479 1312 laesae
1501 1274 1750 1313 maiestatis.
1802 1272 1861 1312 Et

250 1329 363 1366 certe
404 1325 511 1365 tales
549 1331 651 1366 sunt
687 1340 998 1379 nomiunquam
1036 1328 1364 1367 monarcharum
1402 1329 1657 1367 exactiones.
1726 1327 1858 1378 Atqui

250 1392 328 1430 ego
365 1380 482 1430 quod
518 1393 647 1432 graue
684 1386 749 1420 051
789 1383 1011 1434 ‘iniquum
1032 1382 1040 1398 ’
1079 1382 1169 1421 dixi
1189 1395 1196 1421 :
1251 1382 1615 1434 quemadmodum
1653 1381 1859 1433 Vergilius

251 1434 362 1473 dixit
380 1433 390 1448 ‘
408 1437 453 1473 01
467 1434 614 1486 iniquo
630 1436 816 1486 pondere
832 1441 991 1476 rastros
1011 1436 1034 1475 ³.
1080 1436 1139 1475 Et
1153 1437 1348 1487 iniquum
1364 1436 1547 1476 iudicem
1562 1436 1755 1482 dicimus,
1773 1449 1859 1475 non

249 1488 324 1540 qui
351 1488 507 1527 iniuste
532 1489 708 1536 iudicat,
737 1490 811 1528 sed
837 1492 911 1541 qui
936 1490 1095 1542 rigidus
1122 1495 1187 1530 est
1213 1504 1450 1542 parumque
1476 1491 1625 1529 fauens
1651 1503 1735 1529 reo.
1792 1490 1859 1529 Sic

169 1560 185 1581 2
191 1554 410 1592 3011001105
445 1542 709 1583 conditiones
744 1545 1021 1596 appellamus,
1058 1558 1167 1596 quae
1202 1558 1254 1583 ex
1290 1545 1559 1584 humanitate
1594 1548 1859 1595 temperatae

250 1600 379 1642 sunt3
422 1597 603 1648 iniquas,
631 1602 823 1638 austeras
848 1603 893 1638 01
916 1599 1021 1639 nihil
1046 1599 1098 1637 de
1122 1600 1212 1638 iure
1237 1600 1517 1638 remittentes.
1573 1598 1639 1637 Sic
1663 1599 1858 1650 iniquum

251 1651 403 1689 vocaui
422 1652 537 1703 quod
557 1652 734 1704 exigunt
752 1654 962 1704 principes
982 1666 1008 1692 a
1026 1653 1198 1705 populo,
1219 1653 1334 1704 quod
1354 1666 1427 1704 per
1446 1667 1489 1691 se
1509 1654 1613 1692 satis
1632 1653 1858 1691 molestum

250 1705 307 1743 sit
330 1704 409 1743 hoc
432 1706 627 1756 pendere,
654 1708 822 1747 etiamsi
845 1707 950 1747 nihil
973 1707 1108 1746 addat
1130 1707 1448 1758 redemptorum
1472 1708 1698 1757 rapacitas.
1753 1706 1859 1746 Vide

249 1762 463 1812 quantum
488 1760 722 1810 periculum
748 1765 813 1800 est
838 1761 1017 1800 scribere
1044 1761 1195 1800 Latine
1218 1762 1270 1800 iis
1295 1763 1369 1812 qui
1396 1761 1546 1800 Latine
1571 1762 1779 1800 nesciunt.

168 1831 227 1862 235
306 1812 386 1853 Hic
410 1813 629 1853 existimat
651 1828 693 1853 se
717 1815 820 1854 mihi
842 1828 1012 1855 mouere
1034 1829 1235 1867 magnam
1255 1815 1463 1854 inuidiam
1486 1815 1602 1866 apud
1622 1815 1857 1861 Caesarem,

250 1867 284 1906 si
309 1868 638 1917 persuasum'sit
659 1869 720 1907 illi
743 1882 810 1908 me
832 1883 920 1909 non
942 1870 1123 1921 probare
1146 1870 1385 1922 principum
1409 1870 1578 1921 iniquas
1601 1870 1857 1909 exactiones.

251 1922 345 1960 Imo
365 1921 469 1960 nulli
490 1923 623 1973 magis
643 1924 832 1963 Caesaris
853 1924 950 1963 odio
969 1924 1086 1976 digni
1106 1929 1219 1971 sunt,
1242 1937 1372 1976 quam
1393 1925 1466 1975 qui
1485 1924 1671 1975 probant
1690 1924 1859 1975 iniquas

250 1976 507 2023 exactiones,
528 1990 580 2016 ex
598 1978 754 2028 quibus
771 1978 858 2017 fere
874 1991 962 2018 non
979 1978 1165 2018 multum
1181 1979 1293 2018 redit
1311 1979 1367 2017 ad
1385 1978 1618 2018 Caesarem.
1667 1977 1857 2029 Vectigal

250 2033 295 2069 et
316 2029 529 2069 tributum
550 2032 812 2083 principibus
835 2033 1029 2072 debitum
1050 2033 1206 2084 probat
1228 2032 1399 2072 Paulus.
1451 2033 1632 2073 Censum
1654 2031 1859 2083 persoluit

169 2102 232 2131 240
249 2084 340 2134 ipse
358 2083 562 2131 Christus,
583 2085 810 2125 Caesarum
830 2086 994 2126 Caesar.
1044 2086 1156 2135 Quid
1172 2087 1253 2126 1100
1271 2087 1327 2126 0(1
1345 2100 1412 2126 1110
1434 2092 1449 2126 ⁶:
1498 2087 1589 2137 Ego
1607 2086 1857 2137 publicanos

252 2139 409 2184 monui,
440 2151 527 2177 non
555 2138 789 2179 Caesarem.
848 2141 991 2192 Atque
1021 2141 1242 2181 Caesarem
1269 2143 1411 2194 ipsum
1438 2141 1611 2180 liberius
1640 2153 1765 2192 super
1793 2140 1858 2179 his

251 2191 455 2230 admonui
478 2193 524 2231 in
547 2192 689 2232 libello
715 2194 766 2233 de
792 2194 987 2246 Principe
1013 2195 1264 2235 Christiano.
1321 2195 1432 2234 Eum
1458 2195 1610 2235 Caesar
1636 2194 1858 2246 amplexus

250 2249 329 2292 est,
356 2245 650 2286 Ferdinandus
675 2248 877 2288 aedidicit
897 2262 904 2287 :
947 2253 991 2288 et
1014 2254 1194 2301 vterque
1219 2250 1323 2288 mihi
1347 2250 1506 2301 gratias
1531 2250 1630 2300 egit,
1656 2249 1856 2288 nimirum

252 2304 432 2351 vterque
458 2300 623 2340 doctior
646 2303 730 2341 isto
755 2303 941 2342 Doctore
968 2308 1012 2343 et
1036 2304 1120 2343 isto
1140 2304 1337 2355 theologo
1358 2304 1646 2344 Christianior.
1702 2303 1857 2354 Magna

297 2403 371 2434 209.
396 2394 503 2426 HN³:
537 2400 656 2437 posset
679 2396 739 2428 N'2.
835 2396 901 2428 huc
926 2407 987 2428 om.
1015 2397 1061 2428 N.
1161 2405 1234 2428 210.
1262 2396 1332 2428 Eat
1391 2421 1397 2428 .
1426 2421 1432 2428 .
1462 2405 1536 2428 212.
1563 2396 1680 2428 desilit
1703 2395 1777 2428 add.
1805 2396 1848 2427 H.

254 2447 327 2476 214.
354 2437 503 2470 duorum
521 2463 527 2469 .
547 2463 554 2470 .
575 2464 582 2470 .
600 2440 753 2472 virorum
767 2439 842 2472 add.
859 2440 902 2472 H.
1009 2440 1227 2472 Ecmondani
1240 2440 1284 2471 H.
1408 2441 1482 2471 216.
1508 2439 1776 2472 Ecmondanum
1791 2464 1798 2471 .
1816 2464 1823 2471 .
1841 2464 1847 2471 .

254 2490 326 2513 221.
353 2482 482 2514 metuit
494 2482 569 2515 add.
586 2483 631 2515 H.
764 2491 835 2523 225.
863 2488 924 2515 vt.
943 2508 949 2515 .
968 2508 974 2515 .
994 2484 1189 2516 maiestatis
1201 2483 1277 2515 add.
1294 2484 1338 2515 H.
1482 2484 1556 2514 226.
1584 2483 1849 2515 monarcharum

253 2526 454 2557 exactiones
468 2525 544 2558 add.
561 2526 605 2559 H.
741 2536 812 2565 227.
842 2527 1004 2569 Virgilius
1018 2527 1062 2559 H.
1174 2536 1248 2566 229.
1275 2527 1330 2559 Sic
1345 2551 1352 2558 .
1370 2551 1376 2558 .
1395 2551 1401 2559 .
1422 2535 1461 2565 23
1467 2535 1494 2566 3.
1521 2527 1697 2567 rapacitas
1711 2526 1786 2558 add.
1804 2527 1847 2558 H.

255 2577 327 2608 235.
355 2568 423 2600 Η10
436 2593 444 2601 .
461 2593 469 2601 .
487 2594 493 2601 .
513 2578 586 2608 247.
612 2571 728 2603 sciunt
741 2571 816 2602 add.
834 2571 867 2602 H
886 2572 973 2611 (243.
1000 2571 1145 2603 edidicit
1161 2571 1206 2602 N.
1290 2579 1362 2609 247.
1391 2571 1520 2602 cedunt
1537 2571 1612 2610 N2).

299 2683 372 2713 206.
398 2682 555 2714 resistere
571 2681 678 2720 malo]
693 2682 798 2714 Matt.
815 2692 843 2724 5.
864 2691 914 2722 39.
1134 2692 1208 2723 213.
1232 2682 1355 2722 literis]
1375 2683 1527 2725 Perhaps
1546 2683 1610 2725 Ep.
1635 2691 1726 2725 1345.

299 2726 372 2756 208.
397 2725 622 2767 interpretor]
641 2726 780 2763 Annot„
798 2736 893 2767 1519,
912 2738 944 2768 p.
963 2736 1017 2768 25,
1133 2730 1206 2759 216.
1234 2729 1292 2759 vix
1308 2727 1446 2769 effugit]
1462 2727 1512 2759 Cf.
1532 2727 1596 2768 Ep.
1618 2728 1711 2767 1482.
1732 2737 1783 2759 lo.

258 2769 352 2807 1516,
370 2778 403 2808 p.
422 2770 486 2808 248
501 2781 508 2800 :
526 2768 534 2781 ‘
549 2769 667 2801 Nolite
683 2770 841 2802 resistere
854 2771 1017 2812 cuiquam
1134 2781 1205 2802 222.
1233 2771 1276 2802 de
1317 2771 1528 2812 publicanis]
1573 2772 1710 2809 Annot„
1753 2779 1848 2812 1519,

255 2810 357 2847 malo,
374 2811 438 2843 hoc
454 2816 507 2844 est
530 2813 656 2844 iniuria
676 2813 750 2844 siue
767 2814 933 2845 versutia.
953 2838 961 2846 .
980 2838 986 2845 .
1008 2838 1015 2844 .
1087 2825 1118 2854 p.
1142 2817 1225 2846 126:
1253 2825 1297 2845 on
1313 2814 1410 2846 Luke
1427 2823 1456 2853 3.
1478 2823 1527 2854 13.

255 2853 411 2885 Christus
441 2855 601 2888 absolute
630 2857 747 2888 vetuit
773 2857 888 2889 resisti
913 2857 1017 2894 malo,
1132 2866 1206 2896 227.
1232 2855 1415 2898 Vergilius]
1432 2857 1469 2888 G.
1491 2866 1517 2888 1.
1539 2858 1610 2897 164.

254 2896 418 2928 nimirum
447 2898 582 2941 vulgari
608 2900 677 2937 via,
702 2903 743 2932 vt
770 2900 901 2932 malum
925 2900 1018 2932 malo
1132 2909 1206 2940 239.
1232 2900 1375 2939 Paulus]
1391 2900 1492 2932 Rom.
1514 2909 1564 2942 13.
1582 2908 1611 2939 7.

255 2939 453 2979 repellatur,
476 2941 541 2973 hoc
557 2946 611 2974 est
632 2943 827 2976 conuitium
849 2944 1016 2980 conuitio,
1132 2953 1205 2982 242.
1230 2941 1360 2982 libello]
1375 2944 1437 2977 See
1452 2943 1543 2985 Epp.
1560 2951 1634 2983 393,
1648 2944 1687 2983 85
1695 2951 1724 2982 3.

258 2983 383 3013 vulnus
416 2984 566 3019 vulnere,
602 2986 727 3017 bellum
762 2986 861 3023 bello,
895 2987 1015 3019 caedes
1132 2996 1172 3025 24
1176 2996 1204 3026 3.
1232 2985 1485 3025 Ferdinandus]
1532 2986 1582 3018 Cf.
1631 2986 1720 3026 Epp.
1769 2994 1846 3025 943.

257 3025 360 3056 caede
1088 3039 1185 3070 23—4‚
1202 3040 1278 3069 970-
1297 3039 1395 3070 24-5‚
1415 3039 1507 3069 1323-
1527 3038 1601 3069 3-5‚
1622 3038 1714 3070 1505-
1735 3031 1806 3069 5-6-
