2012 3370
261 160 340 198 478

734 156 988 196 LETTERS
1020 156 1092 197 OF
1122 156 1385 196 ERASMUS

1737 160 1862 208 [1524

262 266 459 305 Preterea
487 266 543 304 nil
572 266 675 303 lucri
704 270 780 303 tua
809 270 944 303 morte
972 269 1227 303 accresceret
1254 265 1348 315 ipsi,
1378 276 1526 302 verum
1555 263 1762 311 Barbirio,
1791 267 1865 316 qui

261 320 393 360 habet
423 325 467 359 et
499 319 736 358 sacerdotia
767 323 812 358 et
842 320 1087 369 pensionem
1120 331 1193 358 sex
1224 318 1427 357 librarum
1460 319 1754 369 gr<ossorum>
1786 319 1865 358 sub

199 393 238 424 25
260 388 337 416 suo
361 375 531 413 nomine
555 372 814 424 expeditam.
868 373 1051 412 Faciunt
1075 373 1151 412 hec
1175 377 1225 411 vt
1249 373 1441 411 dubitem
1467 374 1628 411 sciasne
1653 385 1708 411 an
1731 373 1867 412 lateat

261 434 317 475 te,
348 433 491 467 totum
519 429 584 467 ius
612 440 883 478 recompense
912 427 991 466 tibi
1020 427 1134 466 facte
1163 433 1292 478 atque
1323 427 1516 465 Barbirio
1546 427 1785 466 concredite
1814 441 1867 466 ex

260 483 371 522 illius
397 483 537 533 capite
563 481 799 532 dependere
821 495 829 527 ;
872 483 945 532 qui
972 483 1006 520 si
1032 483 1251 528 moriatur,
1279 481 1480 532 peribunt
1506 482 1689 532 Vtrique,
1718 486 1762 520 et
1786 481 1867 521 tibi

261 541 305 575 et
327 537 380 575 (10
403 536 567 582 Hondt‚
592 535 842 583 sacerdotia,
867 541 961 575 tum
984 537 1100 587 prius
1123 535 1184 574 Io.
1209 536 1261 574 de
1285 535 1437 574 Hondt
1459 535 1548 573 sola
1569 537 1771 586 pensione
1793 548 1867 575 sex

259 591 464 630 librarum
497 592 790 642 gr<ossorum>
822 590 1017 629 liberato.

1080 590 1261 629 Barbirii
1293 595 1466 628 tantum
1500 588 1595 636 fide,
1631 602 1761 640 quam
1793 590 1867 629 ch‘u

202 665 242 696 30
261 646 396 692 viuat,
419 644 500 684 tibi
521 649 697 684 cautum
718 650 782 684 est
803 658 811 692 ;
850 657 980 696 quam
1002 646 1035 683 si
1056 646 1220 684 irritam
1242 644 1401 690 fecerit,
1424 656 1511 682 non
1532 648 1597 682 est
1617 644 1734 694 quod
1755 644 1868 683 vltra

261 712 414 750 speres
465 699 524 738 At
546 700 632 738 scio
652 700 863 738 notiorem
884 699 964 738 tibi
986 712 1074 738 esse
1097 699 1338 738 Barbirium
1361 711 1491 749 quam
1513 702 1563 736 vt
1584 711 1634 736 ea
1655 703 1866 749 expectes,

262 753 420 793 Verum
449 766 535 792 non
570 755 659 792 sine
693 753 880 805 periculo
914 758 979 792 est
1013 754 1130 805 quod
1165 753 1301 791 Rome
1336 753 1465 803 degit,
1503 752 1575 791 vbi
1611 754 1743 803 pestis
1775 759 1867 792 tam

259 808 516 848 incrudescit
554 821 603 847 ac
641 812 858 859 grassatur
894 808 1030 847 indies
1068 809 1214 858 magis.

1284 806 1527 846 Consultius
1564 807 1702 846 facere
1740 807 1867 846 michi

259 862 473 910 videreris,
509 863 545 902 si
578 862 646 901 hic
680 862 865 914 aliquem
899 863 1069 914 eligeres
1104 862 1297 901 Barbirio
1331 862 1551 908 iuniorem,
1588 862 1707 901 cuius
1741 860 1868 901 fidem

200 938 238 970 35
260 917 489 969 probatam
522 917 712 964 haberes,
748 918 815 956 0111
849 917 1177 956 demitterentur
1210 917 1266 955 ad
1298 921 1423 954 tuum
1458 929 1581 955 vsum
1616 929 1641 954 a
1675 916 1869 956 Barbirio

260 972 498 1011 sacerdotia
524 977 568 1011 et
594 973 753 1023 pensio,
781 973 815 1011 si
841 971 1060 1010 transferri
1087 972 1234 1022 possit,
1263 970 1379 1021 quod
1406 970 1517 1009 bulle
1544 970 1718 1021 papales
1744 970 1869 1022 plane

260 1026 553 1065 declarabunt.
602 1026 778 1065 Liuinus
796 1031 898 1065 tuus
919 1025 1184 1065 Omnibonus
1202 1038 1288 1064 non
1308 1025 1524 1063 videretur
1542 1024 1713 1064 futurus
1733 1025 1870 1064 malus

260 1085 416 1127 custos,
446 1081 565 1120 cuius
590 1081 883 1132 integritatem
910 1082 1014 1119 satis
1040 1081 1200 1118 nouisti
1226 1084 1270 1118 et
1296 1092 1446 1118 mores.

1503 1079 1593 1118 Hec
1619 1092 1706 1118 non
1732 1079 1870 1119 scribo

260 1135 312 1174 de
336 1135 530 1174 Barbirio
552 1134 760 1181 diffidens,
785 1135 859 1173 sed
881 1138 943 1181 vt,
969 1135 1084 1185 quod
1107 1147 1159 1173 ex
1181 1133 1292 1172 illius
1315 1138 1444 1180 etate,
1470 1133 1716 1173 valetudine
1738 1138 1870 1185 atque

197 1202 241 1232 40
259 1189 340 1228 loci
371 1189 602 1228 residentia
635 1190 854 1236 metuitur,
889 1188 1033 1227 forsan
1066 1201 1189 1235 vane,
1225 1188 1398 1227 alterius
1431 1189 1670 1236 iuuentute,
1703 1187 1868 1235 robore,

259 1245 391 1283 etiam
411 1243 504 1283 1000
524 1243 756 1283 salubriore
776 1248 1048 1283 succurratur
1068 1244 1267 1282 securius

315 1298 424 1338 Boni
441 1299 611 1338 consule
627 1311 767 1337 meam
782 1297 1251 1344 commonefactionem,
1269 1298 1321 1336 D.
1341 1297 1517 1336 Erasme
1531 1297 1839 1338 litteratissime
1860 1311 1869 1345 ;

260 1366 346 1404 qua
373 1352 453 1392 tibi
481 1366 588 1404 opus
616 1366 703 1392 non
730 1358 808 1400 est,
839 1366 937 1392 cum
964 1365 1130 1404 semper
1156 1351 1315 1391 habeas
1343 1351 1399 1390 ad
1428 1364 1604 1390 manum
1632 1352 1867 1391 consilium.

261 1407 458 1447 Ceterum
488 1408 713 1459 pecuniam
743 1420 913 1446 omnem
943 1420 1074 1459 quam
1104 1406 1235 1446 habui
1266 1419 1292 1445 a
1321 1405 1495 1445 domino
1525 1405 1587 1445 Io.
1619 1406 1671 1445 de
1702 1405 1868 1454 Hondt,

196 1474 237 1506 45
260 1461 420 1500 tradidi
444 1463 648 1513 magistro
672 1461 800 1501 Petro
826 1461 980 1513 Egidii.

1033 1461 1208 1500 Vtinam
1232 1460 1349 1500 illam
1374 1473 1426 1498 ex
1451 1460 1549 1499 aula
1572 1459 1652 1499 tibi
1677 1459 1867 1500 debitam

259 1517 304 1555 111
327 1516 456 1555 archa
477 1516 655 1555 haberet
675 1516 682 1554 !
723 1515 803 1567 Egi
825 1516 892 1554 hic
915 1516 1137 1568 negocium
1159 1520 1285 1554 tuum
1308 1527 1358 1553 ea
1380 1514 1600 1566 diligentia
1623 1527 1709 1566 qua
1731 1516 1866 1567 potui.

261 1569 371 1610 Sunt
394 1583 540 1609 omnes
564 1570 677 1609 bono
699 1571 744 1609 in
766 1575 810 1609 te
834 1571 977 1609 animo
1000 1574 1044 1609 et
1067 1574 1217 1609 amant
1239 1574 1296 1615 te,
1322 1573 1373 1608 vt
1394 1568 1557 1616 dicunt«,
1583 1570 1757 1619 optime.
1810 1568 1869 1608 At

260 1624 396 1663 solum
431 1629 581 1663 amant
601 1638 609 1671 ;
659 1637 761 1663 nam
795 1624 847 1662 de
880 1624 1083 1675 pecuniis,
1119 1623 1229 1662 bella
1262 1636 1349 1661 non
1383 1623 1529 1662 sinunt
1563 1636 1657 1662 eam
1692 1623 1866 1662 exsolui.

260 1677 385 1717 Multi
405 1678 472 1717 hic
493 1683 594 1718 sunt
614 1679 687 1729 qui
707 1677 838 1717 ferme
859 1679 1051 1717 esuriunt
1072 1678 1126 1716 ob
1147 1677 1323 1727 pecunie
1342 1677 1533 1727 inopiam
1552 1681 1597 1715 et
1616 1676 1715 1716 belli
1734 1678 1867 1717 maxi—

199 1746 239 1777 50
260 1745 374 1770 mam
388 1733 554 1783 copiam
569 1746 576 1772 :
609 1744 694 1783 quo
707 1731 921 1783 expilatur
933 1733 1082 1771 misere
1094 1731 1213 1784 plebs
1226 1735 1334 1777 tota,
1353 1735 1403 1770 vt
1418 1731 1595 1769 timeam
1611 1743 1678 1778 ne,
1696 1731 1869 1770 dimisso

259 1786 403 1825 hostili
431 1786 553 1833 bello,
585 1787 802 1825 exoriatur
828 1786 927 1825 inde
955 1786 1091 1825 ciuile.

1149 1784 1307 1836 Incipit
1337 1783 1658 1824 obmurmurare
1686 1785 1869 1836 populus

256 1841 301 1879 in
323 1853 408 1880 vno
430 1845 475 1879 et
496 1840 630 1879 altero
650 1839 756 1879 1000.
808 1839 954 1879 Parati
976 1845 1078 1879 sunt
1097 1841 1142 1879 in
1162 1839 1255 1878 illos
1278 1839 1446 1878 milites,
1497 1839 1556 1878 Et
1577 1841 1651 1890 qui
1672 1853 1725 1878 ex
1746 1840 1868 1879 hoste

259 1896 375 1945 prius
397 1899 656 1941 metuerunt,
679 1896 724 1934 in
745 1908 816 1933 eos
838 1908 945 1946 quos
967 1894 1207 1933 defensores
1230 1893 1385 1932 habere
1407 1893 1658 1940 debuerant,
1682 1899 1867 1945 querunt

258 1949 502 2000 presidium.
548 1949 615 1988 Ex
630 1949 696 1988 his
711 1954 812 1988 sunt
828 1948 1221 2001 Lymburgen<ses>
1238 1948 1293 1987 ad
1309 1961 1416 1999 quos
1430 1949 1518 1987 itur
1533 1961 1607 1999 per
1622 1948 1866 1988 Traiectum

199 2018 236 2050 55
258 2005 529 2054 superiorem,
566 2005 639 2055 qui
673 2005 905 2042 transitum
938 2003 1204 2054 denegarunt
1237 2003 1406 2041 nostris.

1470 2001 1560 2041 Hec
1595 2007 1695 2042 sunt
1729 2004 1867 2053 prima

258 2062 529 2097 tentamenta
549 2072 557 2105 ;
596 2058 804 2097 concedat
825 2058 941 2097 Deus
963 2058 1137 2097 meliora
1157 2058 1164 2097 !
1217 2057 1259 2096 Si
1281 2062 1428 2095 tamen
1450 2056 1567 2108 apud
1587 2069 1665 2096 nos
1687 2058 1865 2104 venen‘s,

257 2124 342 2150 non
369 2111 561 2150 obstabit
587 2111 745 2150 bellum
771 2125 857 2162 quo
883 2113 1023 2150 minus
1049 2124 1218 2150 omnem
1245 2112 1425 2161 accipies
1451 2112 1689 2161 pecuniam.

1745 2111 1864 2150 Affir-

259 2167 395 2204 mauit
416 2167 528 2204 enim
549 2165 746 2205 dominus
766 2166 1140 2206 reuerendissimus
1162 2165 1514 2216 Archiepiscopus
1536 2164 1867 2204 Panormitanus

305 2337 358 2366 24.
383 2326 594 2366 sacerdotia]
624 2325 687 2358 See
718 2324 782 2367 Ep.
821 2334 914 2365 1094.
948 2327 1028 2362 2Sn,

262 2381 340 2409 29n.

350 2413 516 2446 librarum
531 2413 600 2455 gin]
615 2413 678 2445 See
694 2411 759 2453 Ep.
782 2421 875 2453 1245.
895 2421 973 2443 22n.

307 2467 358 2497 27.
384 2459 413 2489 si
427 2457 612 2496 moriatur]
625 2455 814 2488 Barbirius⁷
830 2460 981 2488 account
995 2455 1031 2487 of

261 2501 322 2534 the
338 2502 491 2542 position
506 2502 536 2533 is
549 2501 654 2542 given
669 2500 706 2532 in
722 2499 787 2541 Ep.
807 2508 900 2540 1245.
917 2509 1002 2538 4—21
1022 2511 1028 2530 :

261 2544 343 2577 that
359 2546 396 2576 in
415 2544 516 2576 order
533 2548 572 2576 to
590 2554 673 2576 save
692 2553 842 2585 expense
861 2547 901 2575 at
918 2542 1030 2574 Rome

262 2588 304 2620 he
325 2588 394 2620 had
415 2587 517 2619 made
537 2598 581 2619 an
601 2587 765 2619 informal
784 2590 1031 2628 arrangement

262 2632 359 2664 there
380 2631 492 2663 about
513 2631 572 2663 the
594 2635 782 2672 payments
803 2634 842 2663 to
864 2630 906 2662 be
928 2630 1030 2662 made

262 2680 300 2707 to
331 2675 497 2707 Erasmus
513 2686 522 2713 3
566 2675 632 2706 but
662 2674 743 2706 that
771 2673 800 2705 if
830 2673 873 2705 110
903 2673 1029 2705 should

261 2718 317 2750 die
334 2719 451 2751 before
468 2718 645 2755 Erasmus,
662 2718 724 2750 the
740 2727 923 2758 necessary
940 2717 1031 2749 bulls

263 2762 364 2794 could
386 2762 428 2794 be
448 2761 615 2794 obtained
635 2761 726 2793 from
746 2761 859 2793 Rome
879 2760 1031 2793 without

261 2805 397 2837 further
419 2805 593 2846 difficulty
615 2805 703 2837 than
727 2804 788 2836 the
811 2804 969 2845 defrayal
995 2804 1031 2836 of

262 2848 322 2881 the
336 2848 473 2891 regular
486 2848 611 2881 official
625 2849 777 2890 charges.
815 2848 849 2879 If
863 2847 1030 2879 Erasmus

262 2891 387 2924 should
403 2892 460 2924 die
477 2893 564 2931 first,
580 2892 679 2924 these
696 2892 838 2933 charges
854 2891 970 2923 would
988 2891 1030 2923 be

262 2935 424 2967 avoided.

309 2987 359 3018 32.
384 2979 510 3019 pestis]
542 2978 579 3011 It
612 2978 682 3011 had
716 2978 804 3010 been
837 2978 959 3020 raging
992 2978 1029 3010 in

263 3021 375 3053 Rome
390 3022 484 3052 since
499 3021 580 3053 Feb.
598 3032 608 3058 3
636 3032 692 3053 see
707 3021 833 3053 Pastor
848 3022 893 3053 ix.
913 3031 929 3053 2
937 3023 1013 3062 58n.

306 3073 359 3105 45.
386 3075 429 3096 ex
464 3065 561 3104 aula]
595 3065 645 3097 ef.
684 3065 773 3107 Epp.
816 3067 909 3105 1408.
952 3075 1027 3102 12n,

1099 2334 1110 2356 1
1140 2334 1191 2364 71.
1216 2335 1265 2357 10.

1115 2335 1189 2408 452.
1216 2367 1360 2407 milites]
1399 2367 1467 2399 For
1505 2367 1566 2400 the
1604 2367 1788 2410 sufferings
1828 2369 1865 2400 of

1092 2410 1232 2452 peoples
1268 2415 1307 2443 at
1342 2411 1403 2443 the
1438 2411 1551 2443 hands
1587 2411 1624 2442 of
1659 2421 1864 2453 mercenary

1091 2454 1235 2486 soldiers
1251 2455 1287 2486 in
1305 2454 1366 2486 the
1383 2465 1454 2496 pay
1471 2454 1508 2486 of
1524 2454 1616 2487 their
1633 2465 1710 2486 own
1727 2455 1864 2496 princes

1093 2498 1135 2530 cf.
1153 2498 1218 2540 Ep.
1235 2499 1311 2539 825.
1331 2500 1405 2539 5-8.

1138 2551 1188 2582 54.
1214 2542 1414 2573 Traiectum
1432 2541 1660 2582 superiorem]
1677 2541 1781 2573 From
1802 2541 1863 2574 the

1092 2586 1249 2617 mention
1274 2584 1310 2616 of
1337 2585 1514 2627 Limburg,
1543 2584 1725 2626 evidently
1747 2585 1860 2617 Maas-

1092 2629 1212 2666 tricht,
1234 2628 1294 2661 the
1319 2627 1326 2640 ‘
1341 2639 1452 2670 upper
1472 2629 1567 2669 serry
1582 2628 1589 2641 ’
1613 2639 1652 2660 as
1675 2629 1862 2670 compared

1091 2673 1177 2705 With
1200 2671 1362 2709 Utrecht‚
1389 2671 1396 2684 ‘
1411 2671 1472 2704 the
1495 2671 1600 2704 lower
1613 2671 1633 2703 '.
1682 2672 1755 2704 The
1778 2677 1862 2704 note

1091 2717 1182 2748 from
1195 2716 1255 2748 the
1270 2717 1403 2757 margin
1418 2715 1454 2747 of
1466 2715 1495 2747 E
1509 2715 1641 2756 quoted
1653 2715 1689 2747 in
1703 2715 1768 2757 Ep.
1782 2717 1858 2755 867.

1096 2761 1181 2792 161n
1213 2769 1360 2801 appears
1392 2759 1565 2791 therefore
1595 2762 1634 2791 to
1666 2760 1808 2791 contain
1840 2770 1861 2791 a

1092 2804 1266 2845 misprint‚
1311 2802 1456 2844 inferius
1499 2803 1555 2834 for
1597 2803 1755 2843 superius
1800 2803 1859 2843 (cf.

1091 2847 1156 2888 Ep.
1185 2855 1278 2878 1022.
1303 2847 1357 2884 26,
1381 2846 1494 2878 where
1516 2846 1695 2878 Horawitz
1717 2845 1799 2878 read
1822 2846 1861 2877 τῖη

1090 2891 1145 2923 for
1161 2892 1226 2930 su).
1268 2889 1286 2921 I
1304 2894 1435 2922 cannot
1451 2889 1523 2921 find
1539 2899 1610 2930 any
1625 2889 1720 2930 serry
1735 2899 1782 2920 on
1798 2888 1860 2921 the

1090 2934 1208 2966 Meuse
1222 2933 1334 2965 above
1348 2932 1556 2966 Maastricht
1569 2936 1608 2965 to
1620 2931 1860 2966 substantiate

1091 2977 1153 3010 the
1167 2981 1251 3009 note
1265 2978 1302 3009 in
1317 2976 1357 3008 E.

1138 3021 1188 3060 38.
1215 3020 1500 3058 panormitanus]
1532 3020 1589 3050 Jo.
1625 3019 1854 3052 Carondelet:

1091 3075 1146 3096 see
1163 3064 1251 3105 Epp.
1267 3065 1344 3103 803.
1365 3073 1441 3101 1211,
1461 3071 1553 3102 1434.
