2012 3370
196 155 210 192 l
226 154 273 193 10
666 149 922 190 LETTERS
953 150 1026 191 OF
1054 151 1319 192 ERASMUS
1669 153 1792 203 [1522

192 263 425 303 virtutibus
454 275 627 302 concors
655 260 867 312 quaedam
897 259 1082 299 varietas
1110 263 1293 299 resonat.
1353 259 1499 299 Habet
1527 263 1572 299 et
1600 259 1794 299 modulos

190 330 289 357 suos
312 330 388 369 pro
413 320 663 368 argumento
687 315 876 354 diuersos
899 315 1002 354 haec
1027 314 1199 352 musica.
1258 314 1368 354 Sunt
1391 314 1547 365 quibus
1570 313 1699 353 flebili
1721 314 1795 353 sed

191 372 282 412 Deo
305 373 544 423 gratissimo
568 374 697 409 cantu
721 370 987 420 deploremus
1011 372 1199 419 peccata.
1258 369 1367 409 Sunt
1390 370 1464 420 qui
1486 368 1608 407 nobis
1632 369 1797 407 animos

109 435 171 468 435
191 440 240 465 ac
265 427 394 465 robur
419 426 583 464 addant
608 425 662 464 ad
687 424 856 463 fortiter
880 422 1161 463 resistendum
1187 423 1369 462 diabolo.
1428 423 1539 463 Sunt
1564 423 1721 463 alacres
1748 436 1797 462 ac

190 481 304 527 laeti,
333 481 538 531 quibusg
515 480 671 518 oratias
698 491 874 530 agamus
900 478 990 517 Deo
1017 490 1093 528 pro
1119 478 1204 516 suis
1230 479 1273 516 in
1299 491 1376 516 nos
1403 477 1628 517 beneficiis.
1687 477 1797 517 Sunt

190 535 346 586 quibus
363 534 626 573 consolemur
643 546 691 572 ac
709 533 961 572 deliniamus
978 532 1196 571 afflictum.
1255 532 1448 583 Denique
1466 532 1570 571 nihil
1588 531 1796 571 malorum

193 589 324 628 habet
371 590 473 627 haec
516 590 608 627 vita
654 588 771 639 quod
811 600 897 626 non
937 586 1060 625 facile
1100 586 1299 633 feramus,
1341 588 1389 633 si,
1432 586 1794 638 quemadmodum

192 643 506 683 Colossensibus
533 643 680 681 scribit
707 642 878 688 Paulus,
906 654 983 680 nos
1009 641 1191 680 inuicem
1219 641 1446 680 doceamus
1479 645 1523 680 et
1557 654 1795 680 commone-

108 706 177 738 440
190 698 410 744 faciamus,
443 697 712 737 cantionibus
744 710 792 735 ac
823 695 1020 735 laudibus
1051 700 1095 735 et
1125 696 1346 735 cantilenis
1377 696 1668 747 spiritualibus
1699 708 1796 734 cum

191 753 329 804 gratia
362 757 562 791 canentes
595 752 639 790 in
672 751 797 790 corde
830 755 976 790 nostro
1011 750 1223 796 Domino;
1275 754 1319 789 et
1352 750 1556 801 quicquid
1589 750 1796 802 egerimus

191 820 382 846 sermone
405 811 481 846 aut
502 806 632 853 facto,
657 806 800 845 omnia
821 806 865 844 in
886 806 1057 844 nomine
1080 805 1253 843 Domini
1274 805 1371 843 Iesu
1393 805 1614 851 faciamus,
1638 805 1797 856 gratias

191 865 364 913 agentes
389 861 479 900 Deo
504 866 548 900 et
571 861 690 900 Patri
713 873 787 912 per
811 860 978 899 Filium.
1038 859 1132 898 Erit
1156 864 1301 898 autern
1326 860 1428 898 haec
1454 860 1615 898 musica
1638 859 1798 910 gratior

191 916 295 962 De0‚
319 917 354 954 si
375 916 572 967 frequens
595 916 746 955 chorus
768 914 1046 954 concordibus
1069 914 1221 953 animis
1243 927 1291 952 ac
1314 914 1490 953 vocibus
1512 913 1767 953 moduletur.

107 978 172 1013 445
245 970 328 1011 Sed
348 975 397 1009 vt
416 971 471 1009 ad
490 970 681 1009 Psalmos
701 969 931 1008 Dauidicos
950 968 1133 1015 redeam,
1155 981 1278 1007 nemo
1299 972 1442 1018 potest
1461 968 1586 1007 huius
1606 968 1795 1007 modula-

190 1025 319 1064 tionis
345 1026 500 1064 sentire
527 1024 793 1063 dulcedinem
820 1024 900 1062 nisi
926 1036 1095 1062 sensum
1123 1023 1352 1073 mysticum
1379 1023 1626 1073 perceperit.
1686 1022 1798 1070 Quid

190 1083 256 1118 est
284 1080 396 1118 enim
426 1079 584 1130 alioqui
612 1078 729 1130 quod
757 1078 945 1129 plerique
974 1077 1171 1115 monachi
1200 1090 1249 1115 ac
1278 1076 1518 1116 sacerdotes
1546 1080 1671 1115 tanto
1700 1090 1797 1116 cum

191 1133 334 1173 taedio
366 1133 556 1172 Psalmos
588 1133 663 1171 hos
695 1136 886 1171 sonant?
945 1131 1157 1170 Nimirum
1189 1131 1291 1182 quia
1321 1131 1474 1182 spiritu
1505 1135 1680 1178 canunt,
1712 1144 1796 1170 non

191 1191 346 1227 mente.
406 1187 530 1235 Quod
554 1188 589 1226 si
613 1187 768 1238 quibus
792 1199 878 1225 non
903 1190 1032 1225 vacat
1055 1185 1242 1236 prolixos
1266 1185 1445 1225 aliorum
1470 1186 1798 1225 commentarios

109 1251 175 1284 450
190 1242 398 1289 euoluere,
422 1242 573 1281 horum
593 1241 767 1280 fastidio
788 1244 1005 1280 succurret
1025 1240 1251 1287 Arnobius,
1273 1240 1348 1291 qui
1367 1253 1494 1291 saepe
1514 1240 1684 1279 Psalmo
1705 1241 1798 1292 ipso

192 1297 359 1335 breuior
379 1301 444 1336 est
463 1310 472 1343 ;
509 1300 559 1335 vt
579 1297 653 1348 qui
672 1296 798 1335 huius
818 1294 1213 1334 commentariolum
1233 1294 1348 1346 legit,
1370 1294 1495 1333 simul
1515 1299 1559 1334 et
1578 1295 1796 1334 Psalmum

191 1351 390 1390 cecinerit
411 1355 455 1390 et
476 1350 683 1390 didicerit.
742 1350 807 1390 Sit
828 1350 969 1401 igitur,
994 1349 1097 1388 haec
1119 1349 1348 1400 praecipua
1369 1362 1471 1388 cura
1491 1349 1797 1397 sacerdotibus,

193 1410 244 1444 vt
283 1405 411 1445 semel
451 1405 693 1456 intelligant
732 1404 849 1455 quod
888 1403 1081 1455 quotidie
1120 1404 1328 1442 recinunt.
1388 1403 1458 1442 Ita
1498 1403 1573 1443 fiet
1612 1408 1663 1442 vt
1702 1404 1798 1455 plus

192 1460 367 1511 capiant
390 1459 531 1499 solatii
554 1473 607 1499 ex
630 1472 716 1498 vno
740 1458 922 1505 Psalmo,
949 1471 1076 1509 quem
1100 1458 1364 1497 intellectum
1388 1462 1531 1497 mente
1555 1459 1797 1505 cecinerint,

111 1522 175 1558 455
192 1527 323 1566 quam
352 1527 405 1553 ex
433 1514 719 1566 quadraginta
745 1513 898 1564 spiritu
928 1512 1180 1552 decantatis.
1239 1512 1352 1551 Illud
1380 1513 1424 1551 in
1452 1513 1599 1564 primis
1628 1517 1800 1564 oportet

192 1582 281 1608 esse
306 1569 671 1620 persuasissimum
697 1568 861 1619 psaltae
884 1571 1045 1614 nostro,
1071 1567 1129 1606 sic
1154 1567 1294 1606 visum
1319 1580 1408 1606 esse
1432 1566 1610 1618 Spiritui
1632 1571 1797 1614 sancto,

192 1628 237 1662 et
272 1624 435 1674 optimo
471 1623 643 1662 consilio
679 1623 831 1668 visum,
869 1634 1025 1660 arcana
1059 1621 1293 1672 sapientiae
1328 1621 1520 1661 coelestis
1555 1621 1797 1660 huiusmodi

192 1677 423 1729 figurarum
454 1677 682 1716 inuolucris
714 1677 924 1728 obtegere.
983 1675 1171 1715 Eruendi
1203 1676 1454 1727 mysterium
1485 1676 1574 1727 ipse
1606 1676 1797 1716 Christus

192 1733 237 1771 in
276 1731 509 1783 Euangelio
535 1736 579 1771 et
605 1731 874 1782 Apostolicae
899 1730 1047 1769 literae
1072 1730 1188 1769 viam
1213 1730 1336 1769 nobis
1362 1731 1571 1781 aperiunt.
1631 1730 1797 1769 Horum

110 1789 179 1827 460
194 1787 384 1838 vestigiis
425 1787 612 1838 ingressi,
658 1790 821 1825 veteres
863 1784 1092 1824 orthodoxi
1134 1784 1296 1836 reliqua
1338 1785 1461 1824 nobis
1503 1784 1797 1836 prodiderunt.

194 1840 277 1881 Sed
303 1854 398 1880 mea
423 1841 636 1880 sententia
661 1853 786 1879 nemo
813 1840 1001 1879 sanctius
1026 1839 1228 1878 Arnobio.
1287 1838 1543 1891 Quanquam
1568 1840 1604 1879 is
1629 1840 1797 1890 potissi·

194 1908 311 1934 mum
341 1899 574 1946 occupatus
603 1898 668 1934 est
695 1895 740 1933 in
767 1907 893 1934 sensu
921 1893 1173 1945 explicando
1202 1894 1277 1945 qui
1304 1895 1492 1944 pertinet
1519 1894 1575 1933 ad
1604 1894 1797 1946 Euange-

192 1949 318 1989 licam
345 1950 594 1996 historiam3
638 1953 700 1996 vt,
728 1948 1091 2000 quemadmodum
1117 1948 1264 1988 scribit
1289 1947 1448 1987 Paulus
1473 1948 1717 2000 Apostolus,
1744 1961 1797 1988 ex

192 2004 278 2043 fide
308 2004 353 2043 in
385 2003 513 2043 fidem
547 2004 681 2055 magis
712 2004 757 2042 in
789 2003 912 2042 nobis
945 2002 1218 2042 confirmetur
1250 2003 1428 2042 scientia
1460 2002 1629 2050 Christi,
1663 2015 1796 2055 quum

112 2062 174 2100 465
193 2058 398 2109 quicquid
428 2059 473 2096 in
506 2058 772 2108 Euangelicis
803 2058 936 2097 literis
967 2061 1134 2109 gestum
1167 2057 1357 2109 legimus,
1390 2058 1435 2096 in
1467 2057 1647 2097 Psalmis
1678 2070 1796 2108 prae·

193 2113 358 2152 dictum
375 2113 680 2163 conspicamur.
738 2112 882 2163 Atque
897 2112 1000 2151 haec
1017 2125 1117 2151 sane
1134 2125 1231 2163 pars
1247 2112 1292 2151 in
1308 2111 1535 2151 tractando
1552 2111 1799 2151 difficillima

193 2171 280 2206 est:
303 2179 389 2218 qua
400 2171 514 2205 recte
527 2170 758 2217 comperta,
772 2166 896 2205 facile
908 2165 975 2205 vel
992 2179 1044 2205 ex
1060 2179 1149 2205 sese
1165 2166 1349 2217 reliquos
1365 2179 1510 2206 sensus
1527 2166 1795 2214 addiuinant,

193 2221 268 2272 qui
294 2221 338 2260 in
365 2221 556 2272 mysticis
582 2221 716 2260 literis
742 2233 888 2260 sensus
915 2220 1076 2259 habent
1103 2221 1370 2260 exercitatos.
1423 2220 1516 2268 Qua
1543 2220 1596 2260 de
1622 2234 1668 2260 re
1693 2233 1796 2260 non·

193 2275 299 2314 nihil
321 2275 541 2327 attigimus
562 2275 608 2314 in
629 2274 934 2314 commentario
956 2287 1041 2326 quo
1063 2287 1197 2326 nuper
1218 2275 1542 2326 explanauimus
1564 2275 1798 2323 Psalmum,

111 2339 179 2372 470
196 2328 334 2377 Quare
346 2329 607 2380 fremuerunt
626 2330 793 2379 qentes?

249 2383 345 2430 Sed,
366 2388 417 2423 vt
437 2384 667 2447 aliquando
687 2383 846 2430 finiam,
869 2383 1110 2422 beatissime
1131 2382 1271 2430 Pater,
1294 2387 1390 2422 orat
1409 2387 1453 2423 et
1473 2387 1674 2435 expectat
1692 2383 1797 2423 illud

195 2438 271 2477 abs
291 2442 335 2477 te
355 2451 452 2477 cum
473 2439 619 2489 primis
639 2438 822 2490 populus
838 2415 1118 2485 Christianus,
1141 2441 1191 2477 vt
1211 2442 1380 2489 arrepto
1400 2437 1607 2477 Psalterio
1628 2437 1797 2484 Christi,

195 2492 422 2532 melodiam
455 2492 642 2544 aliquam
674 2506 773 2532 vere
804 2492 1094 2544 Apostolicam
1125 2492 1301 2539 incinas,
1334 2505 1444 2543 quae
1476 2492 1716 2555 principum
1748 2505 1797 2532 ac

195 2546 449 2609 populorum
482 2548 647 2586 animos
676 2548 828 2599 iungat
859 2546 1100 2586 Christiana
1131 2546 1368 2594 concordia,
1401 2559 1513 2598 quae
1543 2547 1798 2598 perniciosas

114 2611 176 2644 475
196 2601 444 2652 opinionum
468 2614 632 2653 pugnas
655 2601 872 2649 discutiat,
897 2614 1007 2653 quae
1031 2601 1087 2640 ad
1110 2601 1354 2640 coelestium
1378 2600 1587 2640 bonorum
1611 2613 1798 2640 amorem

195 2655 433 2695 inflammet
455 2669 583 2708 regno
607 2656 778 2696 coelesti
801 2656 1051 2695 destinatos.
1107 2655 1207 2695 Non
1229 2654 1418 2707 gratulor
1440 2655 1521 2694 tibi
1544 2655 1798 2707 dignitatem

195 2710 337 2757 istam,
366 2723 452 2749 non
479 2710 668 2762 gratulor
694 2711 859 2761 patriae
887 2714 1017 2761 atque
1044 2710 1174 2749 etiam
1202 2710 1357 2749 diocesi
1385 2710 1488 2749 mihi
1515 2714 1658 2749 tecum
1686 2722 1796 2748 com-

239 2803 280 2835 45
287 2804 315 2835 5.
341 2808 385 2836 γε
416 2796 620 2829 decantates
636 2810 678 2830 a:
710 2797 913 2830 decatantes
930 2798 963 2831 β.
1165 2804 1240 2836 457.
1266 2808 1311 2836 ’γε
1343 2806 1489 2828 arcanae
1507 2808 1537 2828 α.
1717 2796 1794 2835 464.

194 2848 304 2880 quum
321 2850 340 2868 α
356 2852 364 2871 2
395 2850 475 2871 cum
493 2842 515 2873 β
531 2853 538 2872 :
567 2840 653 2872 dum
671 2852 704 2880 γ.

237 2945 314 2976 439.
340 2936 483 2976 Paulus]
503 2937 572 2970 Col.
589 2947 617 2978 3.
640 2939 747 2979 16,17.
792 2938 964 2970 Erasmus
1080 2939 1159 2979 463.
1186 2938 1332 2979 Paulus]
1352 2938 1456 2970 Rom.
1476 2948 1504 2971 1.
1526 2948 1576 2981 17.

195 2980 224 3011 is
238 2979 318 3012 here
332 2980 502 3022 adapting
516 2984 579 3012 not
594 2981 652 3013 the
668 2981 816 3022 Vulgata
832 2982 898 3013 but
911 2981 963 3012 his
1077 2983 1156 3021 469.
1181 2981 1375 3020 Psalmum]
1392 2991 1410 3012 2
1424 2992 1433 3019 ;
1458 2991 1514 3013 sce
1530 2992 1564 3023 p.
1584 2989 1656 3014 100.

199 3033 275 3056 own
295 3023 504 3056 translation
525 3024 560 3056 of
583 3033 689 3065 1519:
723 3025 766 3057 cf.
789 3035 823 3066 p.
846 3035 921 3067 312.
1080 3034 1156 3064 477.
1184 3024 1326 3064 diocesi]
1345 3023 1505 3057 Utrecht.
