2012 3370
159 139 281 189 1328]
581 137 741 177 FROM
769 135 1026 176 WILLIAM
1056 134 1326 175 BUDAEUS
1679 137 1754 175 153

158 267 192 288 τι
221 251 381 299 νόσημα,
422 253 487 288 τοῦ
524 252 686 288 παλαιοῦ
724 249 840 298 δήπου
879 250 1016 287 ἐκείνου
1045 250 1229 299 ἀπόγονον
1267 251 1332 288 τοῦ
1371 249 1595 298 ἐπιτρίπτοι·.
1663 247 1757 285 Hoc

157 316 269 341 311110
304 303 462 354 pituita
502 303 634 342 acrior
675 315 723 341 ac
758 302 839 340 bile
880 302 1017 342 mixta
1050 302 1232 342 defluere
1265 302 1320 342 ad
1353 302 1557 341 intest-ina
1590 301 1731 352 coepit
1750 313 1759 346 ;
1777 313 1822 336 2¹)

158 357 325 408 illicque
364 357 643 396 torminosum
682 356 877 394 morbum
916 357 979 395 ita
1017 357 1123 396 ciere
1162 370 1258 395 cum
1297 357 1463 395 vomitu
1503 355 1759 401 vehementi,

159 415 208 449 vt
235 412 320 449 iam
349 412 451 450 mihi
485 411 620 450 vitam
654 410 959 462 longiusculam
995 411 1201 462 spondere
1234 424 1357 449 nemo
1386 411 1511 456 ausit,
1544 414 1620 448 aut
1649 413 1762 448 certe

160 465 410 516 persuadere
444 466 578 516 possit
613 478 738 502 nune.
797 465 856 503 Et
890 465 957 503 1110
992 469 1042 503 111
1077 465 1302 517 gratularis
1337 465 1441 504 mihi
1476 464 1759 504 decessionem

161 519 296 558 morbi
338 532 413 570 pro
455 518 745 557 huiuscemodi
787 519 1036 557 accessione.
1096 519 1236 566 Quum
1278 519 1422 558 literas
1463 523 1563 557 tuas
1603 517 1760 568 accepi,

159 574 204 612 111
239 572 379 612 media
413 586 529 612 eram
564 572 820 619 carnificina,
858 573 1064 612 clamator
1099 574 1189 624 ipse
1225 573 1396 623 quidem
1434 573 1605 618 vocalis,
1643 576 1693 610 vt
1727 571 1764 610 si
1781 584 1821 616 25

160 627 386 678 quisquam
412 627 518 666 alius
542 640 628 665 non
652 627 871 665 delicatus.
929 627 1138 665 Postridie
1164 640 1234 666 eas
1258 628 1469 678 resignaui
1493 631 1537 665 et
1560 627 1642 678 legi
1666 639 1763 665 cum

159 694 327 721 summa
354 681 591 732 voluptate,
622 685 672 720 vt
699 680 871 732 quidem
899 682 943 719 in
971 694 1015 720 re
1043 681 1305 720 calamitosa.
1363 681 1415 719 Id
1443 681 1647 731 postridie
1675 680 1764 719 dies

159 739 226 774 est
253 735 493 774 hodiernus.
551 735 734 774 Proinde
761 735 866 774 nihil
894 747 1006 774 nunc
1027 736 1160 786 magis
1189 739 1292 786 opto
1321 748 1451 786 quam
1481 740 1530 774 vt
1559 734 1662 774 mihi
1691 746 1765 787 per

161 789 317 829 bonam
347 789 473 840 Regis
502 790 671 828 veniam
698 789 825 828 liceat
853 789 1061 828 vrbanam
1089 790 1269 841 posthac
1298 790 1433 828 vitam
1463 802 1598 840 agere,
1628 788 1672 827 id
1699 792 1765 827 est

162 856 229 881 me
270 843 373 882 mihi
413 843 648 890 restituere,
690 843 842 882 saltem
885 844 997 883 bona
1037 857 1089 882 ex
1130 848 1278 895 parte:
1338 856 1438 882 nam
1469 845 1654 894 ἀμφίβιος
1695 842 1762 881 1110
1784 854 1825 886 30

162 897 437 948 magistratus
480 901 545 936 est
582 911 713 944 meus,
760 899 878 937 cuius
922 898 1086 936 functio
1123 898 1408 949 quadrantem
1453 897 1554 936 anni
1591 901 1764 935 tantum

162 951 283 990 binos
305 951 484 1003 collegas
505 952 550 990 in
571 952 669 990 aula
690 952 924 991 necessario
946 953 1114 991 retinet.
1156 952 1294 999 Quam
1321 951 1608 991 conditionem
1632 951 1766 990 aetati

162 1006 248 1044 iam
276 1006 467 1057 vergenti
494 1010 539 1045 et
567 1006 744 1045 affectae
773 1007 928 1046 summi
955 1006 1046 1045 1000
1076 1006 1268 1046 beneficii
1295 1006 1552 1057 alteriusque
1581 1006 1767 1045 muneris

163 1059 304 1098 ambio
331 1060 399 1098 vel
424 1060 564 1099 verius
590 1060 772 1111 postulo.
831 1060 914 1100 Sed
939 1074 1025 1099 non
1051 1061 1154 1099 satis
1181 1074 1330 1100 causas
1355 1064 1618 1099 commeatus
1645 1059 1767 1098 aulae

163 1113 296 1165 probo
313 1126 320 1159 ;
349 1114 521 1164 quando
533 1114 662 1154 facies
677 1119 824 1153 nostra
836 1128 949 1153 vana
964 1115 1214 1154 habitudine
1230 1115 1454 1166 fallacique
1468 1114 1676 1166 praedita,
1690 1127 1766 1153 nec
1787 1127 1804 1158 3
1812 1126 1825 1158 5

164 1167 391 1218 postulatis
428 1169 533 1207 meis
569 1182 645 1207 nec
683 1168 1071 1208 causificationibus
1107 1169 1377 1220 astipulatur,
1430 1169 1474 1208 id
1512 1169 1627 1220 quod
1663 1168 1766 1207 mihi

164 1221 291 1260 fidem
313 1235 478 1273 semper
493 1222 758 1273 queribundo
781 1227 825 1262 et
845 1224 1067 1262 excusanti
1089 1222 1325 1274 (le-rogauit.

219 1276 343 1323 Quod
362 1277 508 1315 scribis
527 1276 579 1315 de
599 1276 832 1327 diplomate
850 1278 963 1328 regio
982 1278 1142 1328 gratias
1160 1282 1203 1316 te
1222 1279 1366 1329 egisse,
1387 1277 1431 1315 id
1450 1291 1535 1328 quo
1554 1277 1768 1328 pertineat

164 1330 354 1368 nondum
377 1331 574 1381 comperi.
632 1331 743 1369 Nam
766 1335 864 1382 post
884 1331 1074 1382 diploma
1095 1332 1225 1370 etiam
1247 1331 1428 1370 alterum
1451 1331 1505 1369 ad
1527 1336 1570 1370 16
1592 1332 1767 1369 missum

164 1383 268 1435 quid
301 1384 465 1422 factum
500 1384 556 1422 sit
589 1385 741 1423 nescio.
800 1385 946 1436 Nuper
979 1386 1042 1424 ita
1075 1398 1139 1424 res
1174 1385 1274 1424 tulit
1309 1390 1358 1424 vt
1392 1385 1553 1424 aulicus
1586 1386 1631 1423 111
1665 1385 1768 1423 vrbe
1786 1398 1830 1428 40

164 1451 311 1485 essem,
336 1438 451 1489 Rege
472 1438 557 1477 iam
580 1438 653 1477 diu
676 1439 742 1478 hic
764 1440 975 1478 existente
994 1451 1003 1478 ε
1042 1452 1151 1490 quae
1173 1453 1238 1478 res
1261 1439 1481 1479 commode
1503 1439 1607 1478 mihi
1629 1439 1767 1478 cessit.

165 1492 295 1543 Spero
322 1492 434 1531 enim
460 1492 570 1532 hanc
596 1506 769 1544 operam
796 1493 899 1532 mihi
925 1494 969 1532 in
994 1493 1258 1533 functionem
1285 1507 1510 1541 cessuram,
1538 1507 1624 1532 non
1650 1506 1769 1533 secus

165 1559 295 1597 quam
328 1547 364 1585 si
396 1560 566 1598 peregre
598 1548 828 1586 comitatus
861 1551 1016 1600 ageret.
1075 1548 1169 1587 Rex
1202 1549 1267 1587 tui
1298 1549 1481 1588 nominis
1513 1547 1658 1587 fautor
1688 1552 1767 1593 est,

166 1605 216 1639 vt
236 1601 310 1651 qui
330 1614 458 1652 opera
478 1600 690 1652 quaedam
711 1606 789 1641 tua
807 1603 852 1640 in
871 1602 1031 1641 idioma
1051 1607 1244 1642 nostrum
1267 1603 1472 1642 vertenda
1494 1602 1706 1641 curauerit
1726 1605 1771 1640 et

166 1655 331 1694 lectitet
351 1668 359 1694 :
401 1660 451 1694 vt
474 1669 608 1707 nuper
637 1656 741 1695 mihi
768 1657 859 1707 ipse
882 1656 1004 1696 dixit.
1063 1657 1286 1696 Caeterum
1311 1657 1427 1708 quod
1457 1657 1666 1696 Corradus
1690 1656 1771 1695 tibi
1789 1669 1830 1701 45

167 1709 220 1748 de
249 1709 402 1748 Lexico
428 1709 600 1757 Graeco,
626 1723 703 1750 nec
726 1723 908 1762 agnosco
931 1712 1021 1762 ipse
1050 1724 1126 1750 nec
1155 1711 1330 1750 inficior.
1389 1711 1631 1762 Aliquando
1656 1710 1701 1749 id
1726 1711 1770 1749 in

168 1768 354 1803 mentem
378 1764 481 1803 mihi
504 1769 710 1811 venerat3
748 1765 823 1804 sed
845 1765 1054 1804 scribendi
1077 1765 1197 1804 labor
1219 1779 1285 1804 me
1309 1766 1528 1804 deterruit.
1586 1765 1698 1804 Nam
1722 1769 1772 1803 vt

167 1818 451 1864 institueram,
481 1831 546 1857 res
575 1823 667 1857 erat
695 1819 890 1858 immensi
918 1819 1087 1865 laboris,
1118 1833 1194 1858 nec
1225 1824 1370 1859 tamen
1399 1819 1772 1858 commentationis

168 1876 259 1911 tam
293 1873 397 1911 mihi
428 1873 514 1912 iam
548 1873 830 1912 intractabilis
863 1886 992 1924 quam
1027 1873 1151 1912 valde
1185 1878 1521 1925 argumentosae,
1556 1873 1773 1912 duntaxat

169 1930 268 1977 post
304 1926 541 1966 adnotandi
577 1927 765 1966 laborem
802 1927 962 1966 iamdiu
1000 1928 1287 1967 exanclatum.
1347 1928 1535 1966 Plurima
1568 1928 1679 1967 enim
1709 1928 1772 1966 ita
1794 1941 1834 1973 50

168 1993 265 2019 orsa
289 1980 439 2027 habeo,
466 1985 516 2019 vt
541 1980 789 2020 detexendis
812 1982 864 2020 iis
888 1995 974 2020 non
999 1995 1253 2034 magnopere
1278 1982 1457 2021 fortasse
1483 1981 1772 2021 assudandum

171 2034 275 2073 mihi
295 2039 430 2073 esset:
464 2034 538 2073 sed
559 2048 718 2086 sparsa,
741 2035 962 2074 incondita
983 2040 1026 2074 et
1048 2036 1269 2086 dissipata,
1293 2040 1337 2075 et
1358 2050 1467 2087 quae
1484 2050 1553 2075 me
1565 2036 1773 2075 defuncto

171 2101 321 2140 parum
347 2089 583 2128 adiumenti
606 2090 913 2129 successoribus
938 2091 1041 2129 meis
1065 2091 1248 2130 allatura
1271 2092 1370 2130 sint.

225 2143 289 2182 Ne
324 2156 423 2182 vero
458 2144 561 2182 mihi
595 2144 734 2183 ocium
769 2144 824 2183 ad
857 2144 901 2183 id
934 2158 1098 2184 sumere
1132 2159 1312 2196 possem,
1349 2145 1494 2184 aulicis
1529 2145 1774 2185 muneribus

172 2197 348 2236 accessit
366 2197 632 2248 praefectura
650 2198 924 2238 decurionum
943 2199 1067 2238 huius
1086 2200 1214 2247 vrbis,
1234 2204 1325 2239 tam
1344 2201 1447 2239 mihi
1466 2200 1772 2251 propemodum
1795 2213 1831 2245 55

173 2264 404 2302 congruens
441 2265 570 2303 quam
608 2252 825 2292 literarum
864 2253 1006 2292 studio
1044 2254 1196 2293 militia
1233 2259 1309 2293 aut
1347 2255 1595 2306 negociatio.
1655 2254 1772 2293 Haec

173 2305 319 2344 eadem
340 2306 425 2345 iam
446 2306 548 2345 mihi
562 2311 748 2357 quatuor
768 2308 861 2359 plus
882 2321 1044 2347 menses
1066 2308 1246 2347 abstulit
1261 2309 1406 2355 studii,
1428 2308 1769 2358 tranquillitatis,

173 2359 413 2407 hilaritatis,
444 2365 494 2400 vt
523 2362 626 2400 mihi
655 2362 740 2400 iam
770 2361 1014 2413 displiceam
1044 2363 1305 2414 intemperiis
1334 2364 1549 2402 inusitatis
1579 2367 1700 2401 actus
1729 2366 1773 2401 et

173 2414 413 2461 exercitus3
465 2428 562 2454 cum
598 2416 768 2455 interim
806 2417 1016 2456 exhausta
1051 2430 1183 2468 prope
1219 2418 1297 2456 hac
1335 2418 1439 2456 vrbe
1475 2417 1631 2456 ciuium
1670 2417 1772 2467 fuga

263 2496 314 2527 23.
340 2496 432 2517 nunc
453 2496 516 2518 om.
540 2488 573 2520 β.
711 2490 762 2521 28.
789 2498 881 2519 nunc
903 2490 948 2521 B:
984 2498 1095 2530 quum
1119 2500 1137 2518 α
1342 2500 1393 2530 45.
1420 2490 1465 2522 B:
1497 2488 1681 2519 lectitata.

220 2602 272 2625 22.
297 2592 567 2633 longiusculam]
584 2592 637 2624 Hc
654 2593 746 2624 lived
768 2593 823 2625 till
842 2605 934 2636 1540.
1005 2594 1123 2633 trod.)‚
1158 2595 1297 2636 printed
1330 2595 1384 2627 for
1416 2595 1489 2626 him
1522 2595 1558 2627 in
1593 2594 1690 2627 Paris
1724 2595 1770 2637 by

220 2638 271 2677 38.
297 2635 503 2677 diplomate]
521 2637 582 2669 See
602 2637 666 2677 Ep.
690 2646 783 2677 1319.
804 2648 858 2678 3n.
1007 2638 1042 2668 P.
1077 2638 1286 2676 Vidouaeus,
1316 2639 1386 2670 and
1415 2649 1484 2669 was
1514 2638 1663 2680 perhaps
1693 2649 1770 2670 now

221 2690 271 2720 41.
298 2679 367 2710 iam
391 2679 452 2711 diu
482 2679 552 2717 hic]
582 2680 654 2711 Tho
678 2680 785 2712 Court
808 2691 877 2712 was
901 2685 939 2711 at
1005 2681 1282 2723 contemplating
1299 2693 1321 2713 a
1338 2693 1412 2713 new
1429 2682 1529 2713 issue.

177 2722 274 2754 Paris
297 2732 339 2760 29
363 2722 520 2764 Now-23
545 2723 625 2754 Dee.
656 2732 735 2763 1522
755 2735 762 2754 :
800 2734 854 2754 see
880 2724 939 2754 tho
1051 2732 1102 2766 40.
1129 2725 1658 2766 Lexicoeraoco]scel‹1p.1233.
1674 2730 1767 2758 10011.

174 2766 342 2807 itincrary
365 2766 401 2797 in
419 2767 514 2798 Actes
538 2766 576 2798 de
601 2766 764 2805 Franpois
785 2767 847 2804 I''‘',
866 2767 940 2805 viii,
1052 2779 1103 2809 55.
1129 2768 1362 2809 praefectura]
1388 2769 1459 2799 The
1487 2769 1710 2811 provostship
1737 2769 1771 2800 of

177 2820 210 2850 p.
226 2811 302 2850 438.
1007 2810 1066 2841 tho
1099 2811 1296 2843 merchants
1328 2812 1362 2843 of
1395 2812 1503 2846 Paris.
1535 2823 1555 2843 a
1587 2816 1771 2854 two-years

223 2865 274 2895 44.
300 2851 482 2892 vertenda]
501 2852 653 2893 Perhaps
672 2852 718 2894 by
737 2853 840 2884 Louis
859 2853 939 2884 Ber·
1007 2853 1115 2891 office,
1153 2865 1247 2896 upon
1284 2855 1395 2887 which
1433 2855 1594 2887 Budaeus
1630 2856 1771 2888 entered

177 2896 285 2937 quin:
313 2896 356 2927 cf.
375 2895 439 2937 Ep.
456 2904 530 2937 925.
552 2905 625 2936 1311.
1007 2908 1034 2927 0.
1066 2902 1103 2928 10
1127 2897 1214 2939 Aug.
1244 2907 1348 2939 1522:
1387 2909 1442 2931 see
1466 2899 1670 2936 Delarucsse,
1695 2900 1772 2931 who

224 2950 275 2980 45.
302 2938 486 2978 Corradus]
519 2939 693 2980 Probably
718 2939 829 2970 Resch
856 2939 935 2981 (Ep.
1007 2940 1119 2971 shows
1137 2941 1215 2972 that
1232 2942 1290 2973 thc
1308 2946 1450 2983 provost
1466 2953 1512 2974 no
1527 2942 1645 2985 longer
1661 2953 1771 2984 repre-

184 2992 274 3031 13119.
297 2984 395 3022 1—2);
419 2982 496 3015 who
512 2982 581 3014 had
598 2982 938 3024 publishedaGreek
1006 2983 1129 3015 sentcd
1166 2985 1224 3016 the
1262 2986 1470 3024 morchants,
1508 2986 1571 3018 but
1607 2996 1676 3018 was
1711 2997 1771 3028 ap-

181 3024 312 3056 lexrcon
335 3026 370 3057 in
393 3026 478 3067 July
505 3035 581 3067 1521
610 3026 667 3066 (cf.
694 3027 757 3067 Ep.
787 3030 869 3066 1400
892 3027 941 3058 in·
1008 3028 1151 3068 pointed
1173 3028 1219 3070 by
1241 3029 1299 3060 the
1322 3030 1424 3071 King.
