2012 3370
154 153 278 201 1373]
632 150 791 190 FRoM
820 150 1057 190 ANTONY
1087 150 1270 190 OLAVA
1671 149 1748 187 303

930 282 964 317 .Ι..

212 362 451 394 ANTONIVS
490 360 643 392 CLAVA
681 361 963 391 CLARISSIMO
1001 360 1255 391 THEOLOGO
1295 360 1399 390 DES.
1441 357 1630 389 ERASMO

610 419 828 449 SALVTEM
858 419 1111 450 PLVRIMAM
1144 418 1287 448 DICIT.

206 487 344 526 NIHIL
363 487 466 526 mihi
486 486 646 538 gratius
666 486 803 525 facere
823 486 967 537 potuit
986 490 1085 524 tuus
1106 486 1186 524 iste
1206 485 1390 524 Leuinus
1411 498 1540 535 quam
1561 484 1677 536 quod
1697 497 1750 522 ex

153 541 306 592 Anglia
326 541 489 580 rediens
511 540 565 579 ad
587 553 654 579 me
676 540 852 579 diuertit
873 540 1139 590 salutemque
1160 544 1236 578 tuo
1258 540 1427 578 nomine
1449 539 1571 577 dixit.
1622 538 1749 577 Hunc

153 609 250 634 cum
280 596 369 634 sine
397 595 528 634 literis
557 595 713 633 nostris
743 594 857 633 abire
887 594 1015 640 nolui,
1047 593 1152 632 nihil
1181 598 1327 632 tamen
1357 593 1604 632 occurrebat
1634 593 1749 644 quod

153 649 390 696 scriberem,
416 649 495 688 nisi
518 648 623 687 illud
647 661 793 695 vnum,
820 661 887 687 me
912 648 1070 687 scilicet
1093 647 1211 686 illum
1237 660 1326 686 esse
1350 651 1473 686 tuum
1499 647 1748 693 Antonium,

153 716 400 754 semperque
436 703 538 750 fore,
575 716 661 754 quo
701 704 764 742 vti
801 703 959 754 poteris
995 701 1234 753 quibusque
1268 702 1313 739 in
1347 701 1485 740 rebus.
1566 701 1634 740 Me
1670 702 1785 747 tibi5

153 758 296 796 omnia
314 757 400 797 leta
419 756 610 809 quotidie
628 770 912 808 prosperaque
932 757 1105 808 precari,
1127 755 1363 795 desiderare
1382 759 1528 794 tamen
1548 756 1749 794 maiorem

151 812 196 850 in
223 811 397 851 modum
423 815 547 851 tuum
573 811 629 850 ad
655 824 731 850 nos
758 812 1074 862 optatissimum
1101 809 1349 856 aduentum,
1378 810 1412 848 si
1438 810 1564 848 modo
1591 810 1636 848 id
1662 810 1750 848 sine

153 866 347 905 molestia
376 865 729 917 incommodoque
759 870 835 905 tuo
866 865 955 904 fieri
986 869 1129 916 queat.
1187 864 1260 904 Sin
1290 868 1488 915 nequeat,
1522 868 1599 902 aut
1629 863 1751 902 aliter

152 919 220 958 vel
248 920 328 959 tibi
356 920 423 959 vel
451 921 612 971 superis
641 920 780 959 visum
808 919 949 967 fuerit,
980 932 1057 958 nos
1085 923 1231 958 tamen
1259 931 1436 969 semper,
1467 922 1517 957 vt
1545 918 1751 957 hactenus

152 973 323 1021 fuimus,
360 974 422 1013 ita
457 987 553 1013 cum
590 974 767 1014 Erasmo
802 978 948 1014 nostro
984 973 1278 1019 manebimus;
1330 973 1410 1012 hoc
1444 976 1511 1012 est
1545 972 1748 1023 quotidie,
1774 985 1814 1009 10

152 1032 363 1078 quantum
386 1028 544 1075 licebit,
569 1029 832 1068 versabimur
855 1029 966 1068 inter
988 1028 1196 1068 facundos
1219 1040 1431 1067 sermones
1454 1027 1750 1077 orationesque

152 1082 448 1122 disertissimas
479 1086 702 1134 ceteraque
732 1087 810 1122 tua
839 1083 1028 1134 preclara
1058 1095 1186 1134 opera
1217 1095 1266 1121 ac
1296 1094 1501 1133 perquam
1532 1081 1748 1120 salutaria.

154 1135 244 1184 Que
266 1136 388 1176 nobis
411 1150 508 1176 cum
530 1137 694 1188 pridem
717 1138 899 1188 plurima
921 1137 1150 1188 reliqueris,
1174 1149 1260 1175 non
1283 1136 1438 1175 desinis
1460 1140 1606 1174 tamen
1629 1135 1751 1186 plura

153 1191 397 1242 maioraque
438 1191 629 1242 quotidie
670 1192 821 1231 cudere
862 1196 993 1242 atque
1033 1192 1227 1230 emittere
1247 1204 1255 1237 ;
1313 1190 1419 1229 adeo
1460 1190 1513 1229 de
1554 1190 1750 1228 vniuerso

152 1258 302 1296 genere
323 1246 510 1284 humano
534 1246 829 1293 benemeritus,
853 1250 903 1285 vt
924 1245 1186 1284 immortales
1207 1245 1286 1284 tibi
1308 1245 1466 1296 gratias
1488 1257 1574 1283 non
1595 1244 1750 1283 habere
1775 1257 1809 1289 15

152 1303 338 1346 tantum,
355 1299 428 1338 sed
443 1304 487 1339 et
501 1313 622 1351 agere
636 1301 815 1352 quisque
830 1313 906 1351 pro
921 1313 998 1339 sua
1012 1300 1122 1338 virili
1136 1303 1181 1338 et
1194 1299 1346 1338 referre
1361 1299 1490 1338 etiam
1506 1298 1749 1344 debeamus,

153 1354 395 1405 quicunque
434 1358 654 1393 tantorum
695 1354 993 1393 beneficiorum
1033 1367 1119 1393 non
1157 1354 1424 1392 immemores
1464 1365 1553 1391 esse
1593 1353 1751 1391 censeri

153 1407 344 1447 velimus.
402 1408 492 1459 Ego
519 1421 586 1447 me
612 1408 705 1455 tibi,
734 1409 908 1448 Erasme
935 1408 1175 1454 clarissime,
1203 1411 1366 1458 quanto
1393 1419 1565 1458 possum
1593 1406 1749 1453 studio,

152 1462 282 1500 etiam
307 1466 437 1513 atque
460 1463 590 1501 etiam
614 1463 876 1502 commendo.
935 1463 1052 1509 Vale,
1077 1462 1205 1501 decus
1228 1466 1435 1501 nostrum.

207 1515 403 1555 Gandaui
419 1530 471 1556 ex
488 1516 663 1556 aedibus
678 1518 834 1557 nostris
849 1517 993 1556 Tertio
1008 1517 1154 1556 Nonas
1171 1515 1269 1556 Iulii
1285 1529 1396 1555 anno
1413 1515 1562 1554 salutis
1584 1518 1750 1565 15231110.
1769 1529 1814 1552 20

484 1588 605 1628 Idem
628 1589 696 1628 ille
720 1590 920 1641 dignitati
943 1593 1017 1630 tue
1040 1589 1375 1639 deditis<simus>
1397 1588 1525 1627 Anto.
1552 1588 1695 1627 Claua.

207 1641 445 1681 Clarissimo
493 1643 691 1695 theologo
738 1644 836 1684 Des.
877 1644 1054 1684 Erasmo
1103 1643 1406 1691 Roterodamo,
1445 1647 1627 1694 patrono
1674 1656 1749 1681 suo

152 1695 380 1747 plurimum
401 1698 656 1737 venerando.
715 1699 919 1738 Basileae.

374 1823 496 1862 1374.
560 1821 701 1864 FROM
732 1822 1012 1865 WoLFGANG
1044 1819 1306 1861 FABRICIUS
1340 1819 1528 1861 CAPITo.

200 1913 308 1947 Basle
322 1913 397 1949 MS.
415 1914 476 1949 Ki.
494 1914 554 1948 Ar.
572 1924 613 1959 25
633 1926 665 1950 a.
686 1926 764 1959 123.
1469 1912 1676 1956 Strasburg.

198 1970 294 2005 Hess
307 1972 343 2006 ii.
362 1981 441 2016 557.
1453 1971 1476 2004 6
1492 1970 1582 2015 July
1600 1980 1700 2015 1523.

197 2044 242 2084 [A
262 2047 529 2086 contemporary
549 2056 648 2087 copy,
669 2046 818 2088 perhaps
840 2046 886 2088 by
905 2057 926 2077 a
944 2049 1118 2087 secretary
1138 2046 1174 2077 of
1193 2045 1340 2086 Capit,o;
1374 2044 1522 2076 another
1539 2044 1643 2076 letter
1661 2045 1751 2076 from

152 2086 266 2119 whom
281 2087 414 2119 follows
430 2099 474 2120 on
490 2089 549 2120 the
564 2089 668 2121 lower
683 2093 763 2131 part
779 2090 813 2121 of
829 2090 888 2122 the
904 2089 1031 2121 second
1045 2089 1114 2121 leaf
1129 2089 1167 2130 (f.
1189 2091 1275 2130 174).
1315 2088 1398 2120 This
1413 2088 1517 2120 letter
1530 2088 1559 2119 is
1575 2088 1701 2130 clearly
1715 2088 1752 2119 in

152 2141 321 2172 sequence
331 2131 415 2163 with
428 2132 492 2173 Ep.
508 2134 603 2172 1368,
615 2133 727 2165 which
738 2133 807 2165 had
817 2137 880 2165 not
888 2137 950 2174 yet
959 2133 1046 2164 been
1059 2132 1275 2174 dispatched.
1312 2132 1348 2163 It
1360 2132 1477 2163 marks
1491 2131 1550 2163 the
1564 2131 1752 2173 beginning

153 2174 188 2206 of
209 2174 363 2215 Capito's
383 2175 517 2207 critical
537 2176 692 2208 attitude
713 2177 864 2208 towards
886 2178 1074 2214 Erasmus3
1109 2176 1164 2208 for
1183 2175 1316 2217 though
1338 2175 1380 2207 he
1402 2186 1472 2207 was
1492 2186 1570 2207 now
1590 2177 1752 2217 annoyed

152 2217 237 2249 with
255 2217 397 2256 Luther,
414 2219 484 2250 and
500 2219 646 2251 anxious
663 2223 700 2252 to
716 2221 848 2253 remain
863 2221 900 2253 in
915 2221 1040 2252 favour
1055 2220 1140 2252 with
1158 2219 1217 2251 the
1234 2220 1328 2260 Pope
1343 2220 1379 2250 in
1397 2219 1496 2250 order
1513 2222 1550 2250 to
1565 2229 1682 2251 secure
1699 2220 1752 2251 his

153 2261 389 2303 provostship,
409 2262 439 2293 it
458 2273 528 2294 was
547 2267 611 2294 not
630 2263 711 2305 long
732 2264 847 2296 before
868 2264 910 2296 he
931 2268 1024 2296 went
1044 2274 1127 2295 over
1146 2263 1325 2304 definitely
1347 2267 1384 2294 to
1404 2263 1558 2294 Reform.
1604 2263 1672 2294 For
1692 2263 1751 2295 the

153 2304 417 2337 embitterment
436 2305 470 2337 of
490 2306 664 2338 Erasmus’
686 2307 850 2339 relations
869 2307 955 2339 with
973 2307 1046 2339 him
1062 2308 1100 2338 in
1119 2307 1179 2338 the
1197 2310 1283 2338 next
1301 2317 1385 2348 year
1403 2317 1458 2337 see
1478 2306 1542 2347 Ep.
1567 2308 1659 2346 1485.

198 2348 297 2380 Hess'
316 2352 393 2380 text
407 2349 436 2380 is
450 2349 650 2382 inaccurate
664 2351 701 2382 in
718 2361 823 2393 many
839 2351 968 2393 points,
985 2351 1055 2383 and
1072 2351 1176 2382 omits
1192 2350 1251 2382 the
1267 2349 1457 2392 postscript
1473 2348 1693 2390 altogether]

747 2443 915 2472 OAPITO
949 2444 1152 2474 ERASMO.

207 2501 248 2541 S.
270 2500 323 2540 D.
381 2501 704 2553 Frequentiores
724 2504 860 2542 habeo
884 2506 1056 2544 nuntios
1077 2505 1131 2543 ad
1150 2504 1478 2553 remotiss<ima>
1504 2503 1596 2541 loca
1620 2516 1749 2553 quam

154 2555 208 2594 ad
235 2568 364 2594 vnam
390 2555 600 2596 Basileam
621 2571 630 2605 ;
672 2571 772 2597 nam
798 2572 905 2609 quas
931 2559 986 2598 ad
1012 2560 1225 2609 proximas
1251 2563 1349 2597 tuas
1374 2557 1584 2607 respondi,
1613 2557 1751 2596 adhuc

154 2622 320 2648 mecum
342 2615 456 2656 sunt,
479 2611 595 2661 quod
617 2625 703 2650 non
725 2617 836 2651 esset
857 2613 924 2651 cui
947 2613 1090 2651 darem
1114 2612 1395 2664 perferendas.
1453 2611 1583 2649 Tacui
1607 2616 1751 2650 autem

154 2668 244 2702 tam
267 2663 340 2702 diu
362 2664 611 2715 neutiquam
634 2665 831 2711 offensus,
854 2667 928 2705 sed
950 2668 1207 2706 conscientia
1228 2671 1400 2705 tantum
1422 2666 1613 2704 inscitiae
1635 2679 1752 2705 meae

155 2722 285 2768 atque
318 2722 419 2756 tuae
451 2720 724 2758 reuerentiae.
783 2720 875 2759 Hoc
910 2722 1019 2759 enim
1056 2722 1236 2760 triennio
1271 2720 1426 2770 ingenii
1459 2733 1643 2766 succum,
1679 2722 1788 2771 quis

155 2771 313 2822 alioqui
348 2771 444 2818 fuit,
482 2776 532 2811 vt
567 2774 659 2820 scis,
696 2774 810 2813 intra
846 2774 1020 2813 modum
1056 2780 1099 2814 et
1136 2775 1260 2813 valde
1295 2774 1427 2820 exilis,
1466 2774 1753 2813 exhauserunt

156 2825 476 2865 molestissimae
509 2826 605 2866 illae
640 2830 939 2879 occupationes
975 2830 1108 2876 aulae,
1146 2842 1252 2880 quas
1287 2828 1421 2867 indies
1457 2829 1586 2867 etiam
1623 2833 1752 2880 atque

270 2906 364 2938 1374.
391 2917 419 2947 3.
446 2910 561 2937 essent
584 2907 688 2939 MS.:
721 2918 802 2940 corr.
827 2909 924 2941 Hess.
1062 2924 1092 2953 4.
1118 2909 1276 2941 insticiae
1299 2909 1403 2940 MS.:
1438 2918 1518 2940 corr.
1543 2909 1640 2941 Hess.

205 2995 297 3026 1373.
326 3006 352 3027 1.
380 2994 896 3038 Leuinus]A1goet(Ep.1001)
1038 2999 1129 3029 1374.
1154 3008 1184 3030 2.
1212 2997 1389 3040 respondi]
1442 2997 1632 3040 Evidently
1688 2998 1752 3041 Ep.

158 3037 201 3070 cf.
220 3038 308 3080 Epp.
332 3040 424 3080 1366.
443 3043 475 3078 6,
496 3040 587 3081 1367.
613 3049 665 3078 1n,
686 3042 778 3081 1383.
799 3050 849 3084 27.
994 3043 1087 3081 1363.
