2012 3370
148 138 272 191 1309]
695 136 768 177 TO
798 137 917 176 THE
950 135 1192 176 READER
1660 134 1731 174 121

200 248 340 287 Huius
374 248 535 300 generis
569 250 670 286 sunt
703 248 954 294 innumera;
1006 247 1080 287 sed
1115 248 1179 287 his
1213 247 1440 287 referendis
1474 259 1561 286 non
1595 251 1661 286 est
1694 248 1738 286 in
1761 265 1820 298 105

146 303 385 354 praesentia
405 303 533 349 locus,
556 314 666 352 quae
687 302 760 340 vix
781 303 912 341 etiam
933 314 1010 341 suo
1031 302 1123 341 loco
1144 303 1251 341 citra
1272 301 1462 341 taedium
1483 301 1735 341 referuntur.

147 357 206 395 Et
239 357 318 396 hoc
352 360 544 396 nostrum
578 356 839 403 institutum,
876 369 961 407 quo
994 361 1141 395 nostro
1175 361 1364 408 sumptu,
1400 369 1486 395 non
1520 355 1737 395 credendis

145 410 373 458 laboribus,
390 410 540 449 damus
555 411 613 449 eis
628 423 767 449 sacros
782 414 951 449 autores
966 414 1016 448 vt
1030 412 1305 462 purgatiores,
1322 411 1384 450 ita
1399 414 1442 449 et
1457 410 1737 457 dilucidiores,

145 465 216 504 isti
238 465 446 516 religionis
468 464 691 510 columina,
713 477 846 515 quum
867 465 948 515 ipsi
969 468 1142 503 tantum
1164 466 1303 504 ventri
1326 466 1513 504 seruiant
1535 468 1580 504 et
1600 464 1735 515 gulae,

146 523 354 570 putarunt
383 518 590 558 seditiosis
620 518 891 558 concionibus
920 518 1238 569 exagitandum.
1296 519 1471 558 Vtinam
1501 523 1578 558 aut
1606 518 1666 557 illi
1694 531 1738 557 se
1762 536 1824 559 110

147 577 318 612 vertant
338 573 394 612 ad
414 586 463 612 ea
483 572 625 612 studia
646 585 755 624 quae
776 573 903 624 digna
924 574 1010 612 sint
1030 573 1095 611 his
1115 574 1188 624 qui
1209 586 1252 611 se
1272 573 1527 624 profitentur
1547 577 1738 612 mortuos

145 627 305 666 mundo
325 627 332 666 1
369 631 446 666 aut
465 628 499 666 si
519 627 599 678 ipsi
618 627 756 666 nolint
774 628 1027 678 resipiscere,
1049 627 1233 666 mundus
1253 628 1498 679 resipiscens
1526 627 1603 666 hos
1623 627 1738 674 ficos,

144 682 233 720 siue
248 682 384 720 mauis
398 681 529 728 fucos,
546 682 737 720 excutiat
752 681 882 721 oculis
897 685 940 720 et
955 681 1162 728 alueariis‚
1180 686 1229 720 vt
1244 682 1278 719 si
1293 682 1431 720 nolint
1444 682 1524 732 ipsi
1539 682 1738 732 cuiquam

144 735 353 787 prodesse,
371 739 483 774 certe
499 748 552 774 ne
568 735 819 787 obstrepant
834 735 926 774 aliis
943 735 1150 775 bonorum
1167 736 1346 775 Vtilitati
1362 737 1516 775 seruire
1533 736 1737 787 cupienti-

145 789 224 828 bus
243 789 251 828 !
304 789 565 828 Industriam
587 794 778 828 nostram
801 790 935 841 magis
957 789 1208 841 prouocabit
1232 790 1440 829 bonorum
1462 789 1585 829 fauor
1608 802 1738 841 quam
1764 808 1822 840 115

144 843 374 883 deterrebit
398 843 606 883 malorum
630 844 872 883 oblatratio.

198 897 320 938 Nunc
352 899 523 937 interim
554 898 698 950 prodit
729 899 932 937 eximium
965 911 1071 950 opus
1102 898 1168 937 De
1200 898 1385 938 Ciuitate
1418 898 1525 945 Dei;
1575 902 1739 949 quanto

143 964 274 1002 quam
309 956 409 991 ante
443 952 527 991 fuit
563 953 810 1004 castigatius
846 956 1094 1004 quantoque
1129 952 1390 992 doctioribus
1425 953 1740 992 commentariis

143 1006 417 1054 illustratum,
452 1006 564 1046 malo
596 1011 653 1053 te,
688 1006 833 1054 lector,
868 1020 920 1046 ex
952 1008 1044 1059 ipsa
1076 1020 1121 1046 re
1153 1007 1312 1046 discere
1345 1020 1475 1059 quam
1508 1019 1561 1046 ex
1593 1011 1739 1046 nostro

143 1061 387 1100 testimonio
412 1061 590 1100 credere.
643 1061 755 1101 Nam
778 1061 858 1101 hoc
881 1061 1022 1101 effecit
1045 1061 1284 1101 Lodouicus
1307 1061 1434 1101 Viues
1457 1066 1549 1100 tam
1572 1065 1740 1113 praeter
1767 1079 1829 1103 120

144 1116 342 1154 meritum
364 1115 658 1167 praedicandis
678 1115 876 1155 laudibus
898 1116 1014 1163 meis,
1039 1120 1089 1155 vt
1109 1117 1249 1167 ipsum
1271 1117 1456 1155 vicissim
1478 1129 1554 1154 nec
1576 1128 1740 1167 prome-

143 1172 307 1208 rentem
338 1169 464 1209 liceat
496 1169 751 1221 praedicare.
813 1170 928 1209 Bene
959 1170 1068 1218 vale,
1101 1183 1286 1221 curaque
1317 1183 1371 1209 ne
1403 1170 1608 1209 Ioannem
1640 1170 1738 1209 Fro-

144 1222 316 1262 benium
349 1224 564 1275 impensae
598 1228 642 1263 et
677 1237 828 1276 operae
862 1225 1094 1276 poeniteat,
1131 1226 1204 1276 qui
1238 1224 1343 1263 nihil
1378 1224 1591 1264 detrectat
1624 1223 1740 1275 quod

142 1277 355 1325 ornandis,
380 1278 661 1329 prouehendis
683 1278 965 1330 iuuandisque
989 1279 1110 1318 bonis
1132 1279 1285 1318 studiis
1309 1279 1534 1319 conducat.

621 1427 807 1480 13101324
866 1426 934 1468 ΤΟ
967 1425 1163 1468 ADMAN
1198 1426 1275 1467 VI.

192 1497 478 1543 Exomologesis,
494 1498 536 1533 fo·
555 1498 602 1533 Ε7
617 1502 671 1533 v0.
1418 1499 1536 1534 Basle.

191 1557 289 1592 HN:
317 1557 433 1592 Lond.
451 1557 551 1592 xxiii.
573 1568 584 1592 1
606 1570 615 1592 ε
643 1557 716 1592 LB.
732 1558 814 1602 632.
1268 1560 1318 1597 <c.
1337 1557 1575 1602 September>
1594 1567 1694 1602 1533.

188 1636 233 1676 [Α
252 1636 354 1668 letter
372 1636 512 1668 written
532 1640 570 1668 to
596 1647 812 1678 accompany
832 1636 891 1668 the
911 1637 1161 1678 presentation
1166 1646 1255 1677 copy
1275 1636 1310 1667 of
1329 1635 1501 1667 Arnobius
1522 1635 1602 1676 (Ep.
1627 1638 1744 1676 1304),
1737 1647 1744 1654 ·

144 1679 233 1711 from
254 1679 365 1711 which
384 1691 430 1711 an
449 1681 693 1722 approximate
713 1680 850 1712 month—
853 1680 935 1711 date
954 1690 1019 1711 can
1040 1680 1081 1712 be
1101 1679 1270 1721 assigned.
1313 1680 1349 1710 It
1368 1690 1438 1711 was
1457 1680 1533 1710 first
1551 1679 1691 1720 p1inted
1709 1680 1746 1710 in

145 1723 203 1754 the
230 1722 485 1764 Exomoloyesis‚
514 1724 625 1761 Basle‚
652 1724 680 1755 1
682 1724 800 1761 roben,
828 1723 876 1765 (c.
904 1723 1044 1765 March>
1074 1732 1169 1764 1524,
1195 1723 1379 1765 preceding
1404 1723 1746 1764 Epp.1329‚1324‚

148 1770 254 1807 133δ
284 1767 354 1798 and
368 1767 641 1809 subsequently
633 1778 669 1799 in
685 1767 743 1799 the
759 1767 926 1799 collected
941 1767 1097 1798 volumes
1113 1768 1147 1799 of
1162 1766 1343 1807 Epistolae.
1384 1767 1437 1808 By
1453 1777 1474 1797 a
1490 1766 1637 1797 mistake
1652 1777 1747 1797 some

147 1810 259 1841 words
285 1810 398 1842 which
425 1811 485 1842 the
510 1811 626 1843 editor
653 1811 688 1842 of
715 1811 775 1842 the
801 1810 1048 1851 Eacovwloyesaes
1074 1810 1229 1852 prefixed
1257 1813 1294 1841 to
1321 1810 1386 1851 Ep.
1420 1819 1477 1850 132
1483 1819 1516 1848 9,
1544 1809 1633 1840 have
1661 1809 1747 1841 been

145 1853 329 1895 appended
348 1855 384 1886 in
404 1854 617 1896 subsequent
636 1855 787 1886 editions
808 1858 845 1886 to
866 1854 936 1886 this
954 1854 1066 1885 letter.
1111 1854 1154 1885 In
1174 1864 1195 1885 a
1214 1854 1303 1884 later
1322 1853 1459 1885 Froben
1478 1853 1611 1884 edition
1633 1853 1667 1884 of
1688 1853 1747 1884 the

146 1897 404 1980 Ezonwloqffsis,
430 1898 549 1930 March
579 1907 674 1940 1530,
700 1898 760 1930 the
786 1898 864 1930 four
888 1898 1008 1929 letters
1034 1897 1190 1929 between
1216 1897 1381 1928 Erasmus
1407 1896 1477 1928 and
1502 1896 1634 1928 Adrian
1661 1907 1747 1928 were

146 1941 320 1973 removed.

235 2046 271 2076 S.
291 2046 333 2076 P.
355 2047 401 2076 N.
434 2046 651 2076 ADRIANO
683 2046 835 2075 SEXTO
866 2045 1138 2075 DESIGNATO
1167 2044 1410 2075 PONTIFICI
1442 2044 1659 2075 ERASMVS

756 2103 994 2133 ROTEROD.
1029 2103 1066 2133 S.
1088 2104 1133 2133 D.

201 2173 338 2213 AL1vs
356 2174 437 2221 hic,
459 2174 699 2214 beatissime
717 2174 857 2221 Pater,
877 2174 1120 2212 vniuersam
1137 2173 1365 2212 rhetorices
1383 2172 1686 2224 supellectilem
1703 2173 1747 2211 in

147 2228 226 2267 hoc
243 2228 522 2280 depromeret,
542 2233 591 2268 vt
609 2229 687 2267 tibi
705 2229 958 2280 dignitatem
974 2229 1115 2275 istam,
1135 2240 1220 2279 qua
1237 2228 1371 2266 maior
1387 2228 1431 2266 in
1447 2228 1570 2266 terris
1587 2227 1747 2266 homini

146 2295 233 2322 non
258 2287 402 2334 potest
429 2284 684 2334 contingere,
712 2283 1010 2334 gratularetur.
1067 2282 1158 2333 Ego
1184 2295 1284 2321 vero
1310 2295 1397 2321 non
1423 2295 1589 2321 sumam
1616 2282 1746 2320 vllam

147 2337 226 2376 hac
244 2338 289 2376 in
306 2350 350 2376 re
370 2350 555 2388 operam,
578 2343 626 2376 vt
645 2339 718 2388 qui
738 2342 852 2376 certo
872 2338 1002 2376 sciam
1022 2350 1151 2387 quam
1171 2350 1292 2388 aegre
1312 2350 1466 2375 munus
1484 2337 1564 2375 hoc
1579 2341 1746 2387 praeter

147 2405 315 2430 omnem
323 2393 665 2444 expectationem
676 2392 866 2430 delatum
875 2392 1117 2443 susceperis.
1141 2391 1198 2429 Et
1206 2391 1576 2441 fortassisineptus
1587 2390 1745 2437 videar,
1767 2404 1782 2437 5

146 2447 181 2484 si
196 2445 294 2484 inde
310 2446 389 2484 tibi
405 2447 590 2497 gratuler
607 2447 718 2485 vnde
734 2451 783 2485 tu
801 2447 986 2498 suspiras
1001 2450 1046 2484 et
1060 2446 1311 2496 ingemiscis,
1329 2458 1414 2484 non
1430 2446 1600 2496 ignarus
1616 2457 1745 2495 quam

146 2499 313 2539 difficile
332 2501 388 2539 sit
405 2502 532 2540 istam
552 2502 816 2552 prouinciam
835 2502 893 2540 sic
913 2500 1028 2539 obire
1047 2505 1097 2539 vt
1115 2500 1378 2539 functionem
1398 2504 1518 2538 tuam
1537 2498 1746 2550 approbes

148 2555 325 2606 principi
352 2555 534 2602 Christo,
565 2556 631 2594 cui
662 2568 761 2594 mox
790 2556 980 2594 omnium
1009 2559 1224 2606 gestorum
1253 2553 1468 2592 reddenda
1497 2554 1577 2592 erit
1605 2554 1744 2599 ratio;

147 2610 393 2660 praesertim
431 2609 544 2648 hisce
581 2609 858 2661 temporibus,
898 2609 1053 2660 quibus
1091 2614 1233 2648 totum
1272 2609 1535 2647 Christianae
1572 2607 1746 2646 ditionis

146 2676 311 2714 corpus,
340 2667 522 2714 vtraque
549 2665 614 2702 sui
641 2668 775 2716 parte,
805 2665 939 2702 tantis
966 2663 1088 2702 malis
1114 2663 1295 2709 laborat,
1324 2662 1491 2700 etiamsi
1517 2674 1604 2700 non
1630 2675 1744 2700 acce·
1770 2675 1809 2699 10

147 2717 296 2756 derent
313 2717 545 2756 Turcarum
564 2723 729 2757 atroces
747 2718 899 2764 minae,
919 2722 1050 2768 atquc
1068 2717 1175 2757 adeo
1194 2718 1278 2755 iam
1297 2729 1383 2755 non
1402 2717 1540 2754 minae
1558 2720 1745 2755 tantum.

147 2771 229 2811 Sed
250 2784 335 2822 quo
356 2772 494 2810 minus
520 2776 586 2811 est
614 2785 766 2811 causae
795 2784 904 2822 quur
933 2772 1136 2823 priuatim
1156 2771 1418 2822 gratulemur
1446 2770 1540 2817 tibi,
1561 2771 1641 2810 hoc
1670 2772 1745 2809 im·

147 2827 317 2876 pensius
356 2826 523 2877 publice
560 2826 825 2877 gratulamur
863 2826 954 2865 orbi
994 2826 1246 2864 Christiano.
1314 2825 1426 2863 Nam
1465 2825 1569 2864 haec
1607 2838 1748 2864 rerum

147 2880 430 2918 humanarum
450 2885 682 2932 tempestas
700 2880 831 2919 talem
848 2881 1020 2920 omnino
1036 2879 1278 2931 requirebat
1297 2879 1554 2918 nauclerum.
1601 2879 1748 2918 Multis

418 2998 421 2999 ⁷
700 2951 793 2983 1310-
821 2959 851 2987 9.
879 2950 970 2982 hisco
987 2963 1029 2982 a:
1062 2950 1114 2982 his
1132 2951 1176 2981 ll.

172 3020 266 3053 1309.
296 3029 370 3053 112.
396 3020 493 3060 ficos]
511 3021 561 3054 Cf.
582 3021 646 3063 Ep.
671 3022 764 3053 1162.
784 3030 884 3062 34311.
975 3030 1048 3053 131.
1075 3021 1236 3053 laudibus
1255 3021 1354 3061 meis]
1372 3021 1421 3055 Cf.
1444 3022 1508 3064 Ep.
1532 3031 1624 3063 1303.
1645 3030 1700 3055 on.
