2012 3370
83 165 86 168 ⁴
117 147 237 196 1300]
532 144 604 183 TO
633 141 865 182 JEROME
896 141 1136 181 VANDER
1166 142 1320 182 NOOT
1657 142 1710 180 89

169 254 459 306 Indulgentias
487 252 570 291 illic
598 265 722 290 nemo
750 252 942 298 damnat,
973 252 1046 290 sed
1074 252 1249 302 quidam
1278 251 1387 290 ridet
1417 250 1711 289 combibonem

113 322 237 348 suum
277 308 393 360 quod
432 319 565 358 quum
604 310 714 345 esset
754 306 891 345 malae
931 307 1060 352 vitae,
1102 310 1249 345 tamen
1288 305 1428 344 bullae
1468 304 1711 356 pontificiae

114 362 322 414 praesidio
352 361 603 413 promiserat
633 360 712 399 sibi
744 360 920 399 coelum.
982 337 1093 407 Quid
1123 360 1190 398 hic
1221 363 1285 399 est
1315 360 1548 398 hereticum
1571 360 1585 397 2
1646 358 1713 397 An
1729 375 1775 405 40

113 416 230 456 aliud
251 416 406 456 docent
427 414 567 454 bullae
589 413 814 465 pontificis,
839 427 948 465 quae
971 415 1147 465 exigunt
1169 415 1468 453 contritionem
1491 413 1546 452 ab
1569 426 1618 452 eo
1641 413 1714 463 qui

114 471 224 522 petit
243 469 531 521 indulgentias
553 470 567 507 2

169 524 387 572 Quantum
402 524 578 562 meritus
594 523 673 561 sim
689 522 742 561 de
757 522 937 573 publicis
954 522 1104 561 studiis
1120 536 1186 561 res
1201 523 1293 573 ipsa
1309 522 1511 573 loquitur.
1557 520 1712 560 Luthe-

114 591 239 618 ianos
268 579 429 630 primus
458 578 647 616 omnium
674 577 729 615 ab
758 576 909 615 audaci
940 578 1113 628 negocio
1142 577 1342 615 deterrui
1402 576 1479 616 Cui
1507 576 1541 614 si
1570 575 1714 614 fauere

114 633 353 679 voluissem,
381 645 467 671 non
494 632 551 670 sic
578 644 690 669 nunc
719 634 915 682 regnaret
933 632 1014 669 iste
1035 630 1275 670 Calmelita.
1332 629 1713 669 Innumerabilium
1732 646 1770 678 45

113 687 376 726 eruditorum
399 686 635 724 amiciciam
657 686 702 723 in
726 684 952 724 Germania
975 685 1152 736 perdidi,
1179 686 1280 735 quia
1303 684 1514 723 declaraui
1538 697 1606 722 me
1628 696 1715 722 non

113 741 269 780 sentire
285 753 381 780 cum
397 740 598 779 Luthero.
644 739 702 778 Et
717 752 830 778 nunc
850 740 962 786 irati,
980 738 1130 778 libellis
1150 738 1465 778 contumeliosis
1481 738 1714 777 Lutherani

114 795 432 834 debacchantur
450 795 495 832 in
515 807 594 832 me.
645 794 736 845 Ego
755 793 896 844 plures
916 793 1099 832 alienaui
1120 806 1145 831 a
1165 793 1353 832 Luthero
1373 805 1504 843 quam
1524 805 1714 842 vnquam

113 849 373 888 alienaturus
396 849 452 887 sit
476 847 780 899 Egmondanus
800 861 808 894 ;
849 848 967 886 cuius
990 847 1146 886 iudicio
1169 847 1274 886 nihil
1297 848 1364 886 hic
1387 847 1604 886 tribuitur.
1658 846 1715 884 Et

113 916 189 954 pro
206 903 270 941 his
288 903 433 941 officiis
451 915 527 954 ego
544 902 675 940 dedar
692 902 789 941 odio
806 903 931 940 vnius
948 902 1142 948 hominis,
1162 902 1235 952 qui
1253 902 1310 940 sic
1328 905 1567 940 commotus
1585 904 1649 939 est
1667 903 1716 939 vt
1736 916 1776 951 50

114 970 190 996 nec
230 957 494 996 dissimulare
534 957 668 1008 possit
708 957 1007 1007 impotentiam
1049 957 1179 994 animi
1220 957 1298 995 sui.
1368 956 1555 995 Caesaris
1596 955 1714 1006 pium

114 1012 304 1050 animum
318 1010 446 1050 laudo
462 1024 469 1049 :
492 1011 566 1049 sed
579 1012 745 1049 vtinam
758 1011 868 1049 illius
882 1012 1082 1050 maiestas
1094 1014 1186 1049 tam
1199 1010 1481 1062 periculosum
1493 1010 1714 1060 negocium

114 1066 186 1104 alii
212 1065 517 1104 commisisset!
573 1065 775 1104 Edictum
802 1065 990 1104 Caesaris
1015 1078 1102 1103 non
1127 1065 1314 1104 armauit
1340 1078 1410 1103 eos
1435 1065 1480 1103 in
1507 1064 1714 1102 bonarum

114 1120 333 1159 literarum
361 1123 405 1158 et
433 1119 672 1170 linguarum
702 1119 884 1158 cultores
913 1119 987 1158 sed
1015 1119 1218 1158 aduersus
1246 1119 1424 1158 hereses.
1483 1118 1541 1157 Et
1569 1122 1715 1157 tamen

114 1174 197 1213 huc
222 1174 457 1213 abutentur
480 1174 552 1212 isti
578 1186 655 1212 sua
680 1174 926 1220 autoritate,
954 1174 1034 1212 nisi
1060 1186 1136 1212 vos
1162 1177 1305 1212 vestra
1331 1172 1558 1224 prudentia
1585 1172 1713 1211 obsti·
1737 1191 1774 1224 55

114 1229 264 1267 teritis.
307 1227 407 1278 Ipsa
421 1227 624 1266 Caesarea
637 1229 837 1266 maiestas
850 1227 905 1266 ad
919 1241 986 1266 1110
999 1228 1167 1279 scripsit
1180 1228 1496 1266 humanissime.
1539 1226 1715 1277 Scripsit

115 1283 404 1321 amantissime
435 1281 487 1319 D.
520 1281 701 1320 Ioannes
732 1281 926 1332 Glapion,
958 1295 1044 1320 non
1073 1282 1213 1320 semel.
1273 1282 1450 1332 Scripsit
1480 1281 1716 1332 Episcopus

115 1336 374 1375 Palentinus.
423 1335 600 1386 Scripsit
618 1335 865 1386 magnificus
884 1335 936 1374 D
958 1335 1239 1375 Cancellarius
1257 1336 1531 1374 Mercurinus.
1580 1334 1715 1385 Scrip-

115 1391 171 1429 sit
193 1403 215 1428 e
236 1390 374 1428 Roma
394 1394 562 1440 praeter
585 1389 688 1428 alios
710 1390 761 1428 R.
784 1389 836 1428 D.
862 1389 984 1428 Card.
1007 1390 1232 1436 Sedunen„
1255 1389 1564 1441 amplissimum
1584 1389 1714 1428 etiam

115 1443 315 1483 salarium
346 1443 524 1483 offerens
555 1444 590 1482 si
627 1443 754 1482 velim
793 1457 859 1482 me
891 1443 1079 1483 conferre
1112 1444 1308 1483 Romam.
1376 1443 1553 1495 Scripsit
1590 1442 1715 1494 plane
1734 1456 1778 1486 00

114 1498 302 1537 fraterno
321 1499 464 1537 animo
483 1498 536 1536 R.
558 1498 679 1538 Card.
701 1498 986 1550 Mogontinus.
1025 1499 1187 1546 Quibus
1206 1498 1311 1537 nihil
1334 1498 1505 1537 Videtur
1523 1497 1715 1536 inutilius

115 1566 266 1592 causae
291 1552 539 1591 Pontificiae
564 1565 693 1603 quam
719 1556 769 1591 vt
793 1552 899 1591 odiis
924 1553 1103 1604 priuatis
1128 1552 1397 1604 quorundam
1421 1551 1649 1604 protrudar
1673 1552 1716 1589 in

114 1607 344 1646 factionem
362 1607 550 1646 Lutheri.
599 1607 722 1654 Quod
739 1620 985 1658 quanquam
1002 1608 1073 1646 isti
1090 1607 1236 1646 sedulo
1254 1611 1475 1653 conantur,
1495 1619 1715 1656 nunquam

115 1667 261 1700 tamen
285 1661 479 1700 efficient.
534 1661 624 1712 Ego
648 1662 707 1700 sic
732 1675 798 1700 me
822 1662 930 1713 gessi
954 1663 997 1700 in
1021 1662 1100 1700 hoc
1125 1663 1299 1713 negocio
1324 1666 1372 1700 vt
1396 1661 1501 1700 nihil
1526 1665 1714 1699 metuam

116 1715 304 1754 tribunal
325 1715 491 1755 Christi.
542 1715 630 1754 Nec
650 1729 721 1755 ero
742 1717 823 1754 mei
844 1715 1069 1755 dissimilis.
1120 1716 1163 1755 Si
1183 1716 1288 1767 quid
1307 1715 1469 1754 habent
1489 1715 1715 1754 aduersum
1735 1730 1776 1768 65

116 1783 195 1817 me,
215 1770 366 1809 saltem
384 1770 657 1809 admoneant.
704 1770 840 1810 Semel
857 1770 1054 1821 respondi
1072 1770 1221 1809 Atensi
1239 1770 1294 1809 ad
1310 1774 1484 1809 notatos
1501 1769 1716 1816 articulos,

115 1829 159 1863 et
184 1825 288 1863 satis
318 1824 399 1863 feci
423 1824 483 1862 illi
509 1825 781 1875 caeterisque.
838 1824 1010 1863 Iactant
1035 1825 1175 1863 nescio
1201 1837 1307 1875 quos
1333 1837 1520 1871 errores;
1563 1836 1639 1874 ego
1666 1836 1717 1861 nc

117 1892 248 1917 vnum
293 1878 465 1930 quidem
509 1878 647 1917 adhuc
685 1880 729 1917 in
766 1879 883 1917 libris
921 1880 1024 1917 meis
1061 1879 1203 1917 videre
1248 1879 1382 1930 potui,
1422 1879 1502 1916 nisi
1540 1877 1716 1917 accedat

116 1946 339 1984 peruersus
376 1933 595 1984 interpres,
636 1934 709 1983 qui
753 1934 883 1972 etiam
922 1946 973 1971 ex
1012 1934 1171 1984 optime
1217 1933 1341 1972 dictis
1379 1932 1622 1971 redditurus
1661 1932 1716 1970 sit

119 2000 315 2038 pesmma.
1736 2009 1778 2040 70

171 2042 235 2080 De
273 2041 517 2080 Lutherano
554 2042 739 2093 negocio,
780 2054 1027 2093 quanquam
1063 2042 1168 2081 nihil
1205 2040 1262 2081 ad
1298 2055 1365 2080 me
1402 2042 1601 2092 pertinet,
1641 2044 1717 2080 tua

118 2100 263 2134 tamen
289 2095 517 2147 prudentia
551 2097 857 2147 circunspiciet,
886 2110 939 2135 ne
966 2097 1155 2135 seuiatur
1192 2097 1236 2135 in
1262 2097 1470 2143 innoxios,
1499 2109 1552 2134 ne
1589 2108 1718 2146 supra

119 2150 305 2188 modum.
342 2150 531 2188 Primum
544 2163 629 2189 non
642 2151 783 2201 agitur
795 2150 847 2189 de
860 2151 1049 2190 articulis
1059 2150 1169 2197 fidei,
1183 2150 1256 2190 sed
1268 2154 1484 2202 potestate
1498 2149 1716 2189 Pontificis

120 2204 315 2251 Romani,
359 2205 425 2243 cui
466 2205 672 2243 hactenus
713 2206 891 2243 nimium
932 2205 1052 2245 licuit
1072 2219 1080 2252 3
1138 2205 1190 2244 de
1230 2205 1517 2256 indulgentiis,
1561 2204 1716 2255 quibus

119 2259 323 2298 hactenus
354 2258 448 2310 plus
485 2260 588 2297 satis
618 2259 835 2298 indultum
865 2263 958 2306 est3
1006 2259 1058 2299 de
1089 2259 1467 2298 constitutionibus
1504 2259 1715 2304 humanis,
1737 2282 1775 2313 7«

118 2313 272 2363 quibus
287 2313 493 2352 hactenus
508 2313 602 2364 plus
618 2326 724 2364 pene
744 2314 956 2353 tributum
976 2318 1041 2353 est
1056 2327 1186 2365 quam
1206 2313 1453 2365 Euangelio.
1504 2313 1716 2351 Lutherus

119 2371 168 2406 vt
192 2368 373 2406 excessit
396 2367 584 2414 modum,
611 2369 673 2406 ita
698 2381 784 2407 non
808 2369 981 2407 omnino
1006 2369 1095 2407 sine
1114 2381 1242 2408 causa
1263 2372 1503 2407 commotus
1526 2367 1712 2417 suscepit

119 2422 197 2460 hoc
226 2423 460 2473 negocium.
519 2422 681 2460 Deinde
711 2423 745 2461 si
774 2422 954 2462 affectus
982 2423 1048 2462 hic
1078 2427 1188 2462 esset
1217 2436 1345 2474 penes
1374 2435 1544 2474 paucos,
1575 2424 1719 2471 posset

118 2476 345 2514 seueritate
366 2476 587 2515 coherceri.
641 2477 765 2515 Nunc
785 2489 918 2528 quum
943 2478 1028 2516 sint
1052 2477 1279 2528 plusquam
1304 2477 1522 2515 ducenties
1547 2479 1719 2514 centum

120 2529 234 2568 milia
253 2530 474 2569 hominum
494 2531 566 2581 qui
586 2544 638 2569 ex
658 2535 780 2581 parte
799 2531 976 2570 faueant
995 2531 1183 2570 Luthero
1203 2535 1246 2570 ct
1266 2530 1516 2570 Pontificem
1536 2529 1716 2575 oderint,
1738 2546 1781 2575 50

119 2584 268 2623 inutile
297 2585 352 2623 sit
379 2586 511 2624 seuirc
529 2586 573 2623 in
597 2585 931 2632 multitudinem,
952 2587 1200 2637 praesertim
1227 2598 1360 2636 quum
1379 2597 1504 2623 nemo
1530 2596 1573 2622 sc
1592 2583 1716 2634 profi-

121 2642 263 2677 teatur
278 2638 546 2678 Lutheranae
561 2639 758 2678 factionis
771 2644 1144 2691 propugnatorem.
1194 2640 1287 2678 Hoc
1301 2638 1474 2690 expedit
1489 2639 1621 2677 etiam
1635 2637 1717 2688 ipsi

120 2705 284 2739 causae,
315 2706 367 2731 ne
396 2693 536 2744 plures
564 2694 775 2732 iritentur.
833 2694 983 2734 Melius
1011 2694 1203 2733 elabetur
1232 2693 1408 2732 Lutheri
1437 2692 1559 2732 fauor
1588 2705 1718 2743 quam

121 2747 393 2786 cxtundetur.

175 2801 256 2841 Sed
283 2801 359 2840 hec
387 2801 535 2840 melius
563 2801 726 2841 videbit
753 2806 829 2841 tua
856 2802 1096 2854 prudentia.
1153 2803 1216 2841 De
1244 2815 1311 2841 me
1339 2806 1511 2841 tantum
1538 2815 1639 2852 rogo
1667 2814 1718 2839 ne
1738 2818 1777 2857 33

203 2898 257 2929 61.
284 2897 424 2930 videtur
439 2898 514 2930 add.
532 2900 565 2928 a²
582 2897 620 2930 in
636 2908 736 2938 νηανῃ.
895 2907 947 2938 72.
974 2898 1217 2939 circumspiciet
1233 2899 1266 2927 (ι2
1282 2909 1289 2929 z
1320 2897 1575 2939 circunspectet
1593 2899 1634 2927 (ι’.

488 2992 539 3033 38.
566 2990 1107 3032 ((»111111110110111](01101.Ρον.,ηι
1123 2989 1163 3023 θ’.
1184 2992 1224 3022 0⁴.

491 3044 544 3076 79.
571 3035 762 3075 ducenties]
786 3034 835 3067 Cf.
856 3034 945 3076 Epp
970 3036 1165 3072 1..9928n.
1189 3042 1281 3074 1302.
1302 3046 1352 3076 97.
